2241 2994
766 232 811 272 H
858 231 879 271 1
925 231 1037 271 S'T
1086 230 1124 271 O
1175 231 1212 271 R
1262 232 1281 271 1
1329 234 1381 272 A.

378 326 464 362 locis
497 326 678 375 depinxit:
719 335 759 361 ut
791 326 826 360 in
856 335 941 360 orat.
973 325 1048 372 post

379 376 560 418 Reditum,
586 384 657 421 cap.
675 387 709 419 4.
736 387 801 422 pro
818 375 950 416 Domo}
977 383 1046 419 cap.

379 437 413 471 9.
441 436 505 471 pro
523 424 653 466 Sextio,
679 433 749 468 cap.
771 435 803 468 7.
824 423 866 457 de
884 422 1047 457 Provinc.

378 472 479 507 Cons.
506 482 573 518 cap.
604 483 636 517 3.
670 472 702 506 in
726 471 896 513 Pisonem,
924 480 990 515 cap.
1011 484 1046 512 4.

377 529 412 554 et
434 520 527 555 alibi.
581 521 651 555 His
680 519 880 555 consulibus
906 519 1048 554 sedenti-

377 568 455 609 bus,
479 569 746 616 inspectantibus
765 579 868 615 atque
886 568 969 602 adeo
988 568 1046 602 ad-

371 615 590 672 juvantibus,
617 619 672 653 M.
700 617 844 652 Tullius
872 618 1046 652 conserva-

376 675 432 700 tor
452 667 570 712 patriae
596 679 615 700 a
636 666 882 701 sceleratissimo
907 665 1048 701 tribuno

376 715 513 761 plebis'
506 727 538 749 in
555 715 698 750 exilium
715 713 841 761 eje&us
857 714 914 748 est.

427 763 573 798 Clodius
614 763 718 804 enim,
772 772 811 797 ut
855 762 939 804 Dio,
992 763 1045 798 lib.

376 811 592 847 XXXVIII.
619 811 748 855 scribit,
775 811 921 858 sperans,
948 810 1049 846 facile

377 859 408 894 se
426 860 627 895 Ciceronem
645 860 897 907 oppreffuruni,
914 860 936 894 si
952 860 1046 907 prius

376 908 542 951 senatum,
569 909 715 957 equites,
745 918 780 944 et
813 909 950 956 plebem
986 909 1046 943 sibi

378 958 596 999 conciliasset,
620 967 771 1004 quatuor
799 957 902 1004 leges,
932 969 1046 1005 popu-

378 1006 463 1041 lares
483 1006 555 1041 illas
581 1007 736 1061 quidem,
763 1006 817 1041 sed
845 1006 1047 1060 reipttiblicae

378 1054 615 1102 perniciosas,
609 1055 706 1090 initio
724 1054 827 1102 liujus
844 1067 935 1097 anni,
951 1055 1047 1101 quod

377 1104 500 1138 Cicero
524 1106 558 1139 in
586 1104 737 1150 Pisonem,
763 1113 829 1149 cap.
859 1117 894 1146 4.
920 1103 1047 1150 signifi-

378 1162 445 1194 cat,
473 1153 576 1188 tulit:
614 1164 731 1194 unam,
764 1162 804 1187 ut
834 1151 1048 1187 frumentum

379 1202 514 1248 populo
549 1201 654 1248 gratis
689 1201 848 1236 daretur:
896 1201 1048 1243 alteram,

381 1261 423 1284 ne
439 1250 518 1297 quis
537 1262 597 1297 per
614 1262 672 1284 eos
699 1250 783 1292 dies,
809 1249 941 1296 quibus
966 1261 1048 1284 cum

379 1299 515 1345 populo
531 1299 588 1344 agi
616 1299 744 1340 liceret,
771 1298 813 1332 de
834 1298 923 1333 caelo
941 1297 1049 1332 serva-

380 1357 452 1382 ret:
483 1348 616 1381 tertiam
634 1347 676 1381 de
694 1346 848 1393 collegiis
876 1345 1049 1381 restituen-

377 1395 445 1438 dis,
481 1395 647 1442 novisque
677 1394 914 1430 instituendis:
947 1407 1050 1441 quar-

380 1454 464 1487 tam,
491 1456 533 1479 ne
561 1455 666 1492 quem
689 1444 850 1479 Censores
875 1443 908 1478 in
935 1443 1049 1478 senatu

380 1493 526 1547 legendo
552 1493 777 1540 praeterirent,
802 1504 888 1527 neve
912 1504 983 1546 qua
1000 1491 1051 1539 ig-

381 1541 534 1577 nominia
561 1542 745 1584 afficerent,
778 1541 839 1576 nisi
869 1552 931 1588 qui
958 1553 1001 1588 ap
1005 1541 1051 1575 ud

379 1602 438 1626 eos
457 1590 632 1626 accusatus
651 1600 686 1625 et
703 1589 880 1637 utriusque
897 1589 1052 1625 Censoris

381 1639 543 1674 sententia
559 1639 742 1674 damnatus
759 1639 848 1674 effet.
877 1639 970 1673 Haec
987 1637 1051 1672 As—

380 1688 503 1723 conius
546 1687 580 1722 in
620 1688 835 1732 Pisonianam,
872 1686 957 1730 Dio,
996 1687 1051 1722 lib.

381 1736 595 1772 XXXVIII.
621 1746 657 1772 et
673 1735 797 1772 Cicero
813 1737 945 1790 passim.

431 1785 532 1820 Alias
573 1785 696 1820 deinde
734 1784 925 1832 rogationes
963 1783 1053 1819 idem

381 1833 528 1870 Clodius
565 1845 636 1869 uno
671 1834 864 1881 eodemque
900 1843 1054 1880 tempore

381 1882 632 1936 promulgavit,
660 1894 764 1918 unam
795 1883 838 1917 de
867 1881 1054 1929 provinciis

383 1929 565 1967 conlulum
594 1931 812 1986 nominatim,
845 1931 985 1965 alteram
1011 1930 1054 1964 de

381 1981 558 2016 Ciceronis
583 1980 745 2028 pernicie,
772 1990 813 2014 ut
838 1980 883 2014 ait
904 1988 963 2025 pro
981 1979 1053 2014 Sex-

381 2030 437 2070 tio,
475 2039 543 2076 cap.
581 2041 636 2064 ιο.
690 2028 816 2063 Paetus
851 2027 942 2062 enim
972 2039 1054 2062 cum

385 2077 596 2120 consulibus,
610 2077 762 2113 Gabinio
777 2076 923 2124 Syriam,
941 2076 1054 2122 Baby—

385 2125 512 2168 lonem,
538 2126 680 2168 Persas,
719 2125 832 2161 Pisoni
871 2125 1053 2166 Achaiam,

386 2174 608 2218 Thessaliam,
650 2175 835 2216 Graeciam,
886 2173 1054 2208 Macedo-

387 2223 492 2265 niam,
517 2235 726 2271 omnemque
743 2222 916 2258 Boeotiam
936 2222 1052 2257 dedit:

385 2273 493 2307 Cicero
506 2271 543 2306 de
559 2273 748 2315 Provinciis,
774 2282 809 2307 et
830 2274 864 2307 in
879 2272 952 2307 aliis
969 2272 1056 2306 Ora-

388 2320 534 2355 tionibus.

439 2369 499 2403 Ad
518 2367 693 2402 Ciceronis
712 2369 897 2416 perniciem
922 2369 976 2404 lex
1001 2367 1059 2403 illa

389 2417 594 2464 pertinebat,
621 2428 690 2463 qua
717 2418 810 2460 tulit,
843 2419 918 2465 Qii
947 2418 1058 2452 civem

390 2468 591 2501 Romanum
618 2465 853 2501 indemnatum
877 2465 1059 2501 interemis-

479 2563 613 2602 ΤοΜ.
644 2562 720 2603 ΙΧ.

1693 249 1769 290 297

1098 324 1155 366 set,
1181 324 1210 359 ei
1229 337 1317 371 aqua
1335 336 1368 361 et
1388 326 1456 373 igni
1486 326 1762 362 interdiceretur:

1097 373 1184 418 cujus
1199 375 1304 408 verbis
1321 375 1376 417 etsi
1395 388 1453 409 non
1479 377 1694 410 nos-›n‘mbalur
1712 380 1724 410 ί
1741 380 1765 402 ‘'-

1097 433 1172 463 cero‚
1199 430 1302 455 tamen
1324 423 1411 466 solus
1433 424 1610 469 petebatur,
1640 425 1764 470 inquit,

1098 470 1314 512 Paterculus,
1340 472 1392 505 lib.
1412 473 1456 507 11.
1473 483 1541 517 cap.
1563 487 1620 517 45.
1655 475 1763 507 Ideni-

1097 530 1166 565 que
1200 517 1314 553 scribit
1345 520 1428 561 Dio,
1467 522 1520 555 lib.
1552 522 1763 556 XXXViH.

1097 577 1200 615 atque
1229 567 1356 602 idcirco
1389 569 1531 603 Tullius
1563 569 1627 603 lioc
1658 570 1763 616 privi-

1098 616 1225 661 legium
1265 617 1428 663 appellat,
1477 617 1553 651 vide
1586 628 1670 651 orat.
1707 627 1766 662 pro

1099 665 1211 705 Domo,
1238 674 1304 710 cap.
1330 676 1384 708 14.
1414 665 1451 710 [l.
1476 668 1548 711 ¹7·]
1587 667 1682 700 Reus
1702 666 1764 712 igi-

1099 723 1155 747 tur
1184 714 1319 754 Cicero,
1351 724 1390 748 ut
1418 714 1612 749 Plutarchus
1639 714 1765 754 scribit,

1098 762 1222 796 vestem
1243 764 1401 803 mutavit,
1428 772 1462 797 et
1481 762 1677 797 sordidatus
1706 775 1764 806 po<

1099 811 1184 857 pulo
1215 811 1433 858 supplicavit.
1487 812 1584 846 Tum
1621 811 1767 846 Clodius

1098 859 1145 902 illi
1173 860 1336 894 omnibus
1364 860 1450 894 vicis
1477 859 1680 894 occurrebat
1711 860 1766 894 sti-

1098 918 1199 955 patus
1229 908 1427 943 hominibus
1455 908 1708 943 contumeliolis
1733 919 1767 943 et

1097 957 1306 998 temerariis·‚
1342 957 1403 1003 qui
1434 958 1628 1004 petulanter
1656 967 1766 992 muta-

1098 1005 1225 1040 tionem
1247 1003 1344 1040 vestis
1364 1015 1398 1040 et
1417 1006 1574 1040 habitum
1592 1007 1766 1041 Ciceronis

1097 1054 1320 1100 exagitantes,
1361 1055 1546 1101 multisque
1579 1055 1662 1089 locis
1694 1055 1768 1089 luto

1096 1111 1130 1136 et
1148 1103 1322 1149 lapidibus
1342 1103 1374 1137 in
1392 1115 1472 1137 eum
1491 1102 1664 1150 conjectis,
1692 1103 1768 1138 sui).

1099 1151 1298 1198 plicationes
1317 1152 1562 1198 impediebant.

1149 1201 1241 1234 Cum
1270 1200 1436 1235 Cicerone
1474 1210 1585 1235 tamen
1617 1201 1768 1248 primuni

1099 1248 1212 1283 omnis
1244 1247 1314 1283 fere
1349 1249 1436 1284 ordo
1462 1249 1616 1296 equester
1643 1250 1768 1284 vestem

1100 1297 1273 1332 mutavit:
1301 1309 1451 1344 eumque
1474 1298 1670 1332 nobilissimi
1689 1299 1769 1333 atlo-

1100 1346 1257 1380 lescentes
1276 1358 1420 1380 numero
1447 1347 1488 1380 ad
1512 1347 1635 1392 viginti
1664 1347 1771 1381 millia

1101 1394 1274 1436 sordidati,
1300 1395 1534 1441 deprecatores
1551 1394 1624 1441 ejus
1643 1395 1770 1435 salutis,

1102 1443 1367 1477 comitabantur.
1421 1443 1555 1477 Deinde
1581 1455 1662 1478 cuni
1682 1444 1770 1478 sena-

1103 1501 1157 1525 tus
1183 1491 1343 1538 frequens
1373 1491 1595 1532 conveniffet,
1633 1503 1671 1526 iit
1701 1492 1770 1526 ves-

1103 1549 1172 1575 tem
1214 1550 1379 1587 tanquam
1422 1539 1456 1574 in
1491 1541 1637 1588 publico
1674 1541 1773 1576 iuetu

1103 1589 1303 1624 mutandam
1322 1589 1480 1630 censeret,
1498 1589 1603 1636 idque
1620 1589 1773 1624 consules

1102 1647 1267 1680 vetarent,
1296 1647 1330 1672 et
1347 1637 1492 1673 Clodius
1510 1650 1591 1673 cum
1609 1638 1710 1673 armis
1729 1639 1772 1672 ad

1103 1686 1234 1721 curiam
1263 1686 1462 1728 versaretur,
1499 1685 1662 1721 senatores
1702 1699 1771 1721 non

1102 1735 1205 1782 pauci
1222 1747 1241 1769 e
1258 1734 1385 1777 senatu,
1412 1733 1562 1770 vestibus
1583 1735 1720 1770 discissis
1737 1745 1772 1770 et

1103 1784 1252 1818 clamore
1282 1783 1430 1825 sublato,
1456 1782 1486 1817 se
1514 1784 1770 1831 proripuerunt.

1103 1832 1285 1867 Hactenus
1322 1831 1541 1867 Plutarchus.
1594 1833 1678 1874 Dio,
1716 1832 1772 1868 lib.

1103 1881 1317 1917 XXXVIII.
1345 1881 1461 1924 tradit,
1487 1880 1619 1928 equites
1648 1883 1681 1916 in
1705 1881 1772 1916 Ca-

1105 1929 1266 1977 pitolium
1307 1939 1390 1964 tunc
1425 1929 1630 1972 conveniffe,
1669 1941 1774 1977 atque

1104 1978 1146 2012 ad
1164 1977 1318 2013 consules
1343 1988 1377 2013 et
1404 1977 1556 2013 senatum
1581 1978 1701 2013 mififfe
1728 1980 1774 2013 le·

1103 2036 1202 2074 gatos
1227 2039 1295 2062 non
1317 2025 1427 2062 solum
1445 2039 1464 2062 e
1481 2026 1541 2061 suo
1558 2027 1689 2068 ordine,
1714 2039 1774 2062 ve-

1098 2087 1182 2115 ,rum
1224 2075 1326 2110 etiam
1369 2075 1534 2111 senatores
1580 2075 1681 2117 duos,
1723 2077 1779 2123 Q

1105 2124 1332 2159 Hortensium
1358 2134 1392 2159 et
1415 2125 1456 2159 C.
1484 2123 1684 2164 Curionem,
1711 2124 1773 2171 qui

1105 2184 1168 2219 pro
1184 2173 1350 2208 Cicerone
1365 2173 1638 2220 deprecarentur.
1668 2173 1775 2207 Unde

1106 2221 1229 2258 Cicero
1258 2232 1319 2268 pro
1357 2224 1468 2263 Sextio,
1507 2231 1575 2266 cap.
1611 2231 1664 2255 ιι.
1702 2220 1772 2256 ait:

1105 2271 1182 2306 Cum
1210 2270 1395 2305 incredibilis
1411 2273 1444 2304 in
1467 2269 1652 2315 Capitolium
1670 2269 1774 2304 multi-

1107 2318 1180 2354 tudo
1210 2331 1246 2353 ex
1276 2326 1344 2353 tota
1377 2319 1452 2352 urbe
1487 2321 1652 2364 cunbiaque
1678 2318 1777 2353 Italia

1108 2367 1299 2414 conveniffet,
1329 2367 1440 2410 'testem
1468 2366 1651 2400 mutandam
1679 2378 1779 2401 omnes

1109 2427 1212 2463 meque
1227 2419 1308 2450 omni
1335 2418 1453 2450 ratione
1477 2413 1692 2460 defendendum
1719 2424 1777 2461 pu-

1109 2472 1233 2499 tarum.

1395 2561 1482 2612 Pp
