2335 3009
624 195 722 234 AD
780 193 1296 246 HERENNIUM
1355 194 1489 234 LIB.
1541 197 1595 236 Π.

412 297 446 323 et
473 296 588 323 utetur
614 288 692 324 loco
718 288 908 331 communi,
935 288 1081 323 rumori-

415 335 481 371 bus
506 336 597 371 credi
619 349 688 372 non
713 348 880 385 oportere.
908 337 968 372 Sin
995 334 1081 372 nihil

413 383 539 419 horum
563 384 634 419 fieri
660 386 799 433 poterit,
827 395 944 420 utatur
973 396 1082 420 extre·

414 444 470 466 ma
498 431 703 486 defensione,
744 443 778 468 et
806 435 910 476 dicat,
954 446 1022 469 non
1052 434 1082 469 se

413 481 456 515 de
474 480 628 516 moribus
641 480 713 529 ejus
731 483 822 529 apud
838 481 1000 523 censoreS‚
1027 482 1082 517 sed

412 529 455 563 de
477 529 679 565 criminibus
697 531 964 567 adversariorum
989 531 1082 578 apud

407 575 555 624 judices,
573 578 695 614 dicere.

463 627 524 661 lV.
553 627 704 662 Collatio
723 626 784 668 est,
810 639 892 663 cum
910 628 1084 664 accusator

413 674 461 717 id,
487 675 581 721 quod
597 675 822 710 adversarium
842 675 954 711 feciffe
971 677 1084 712 crimi-

414 734 527 766 natur,
555 723 611 758 alii
637 723 777 766 nemini,
804 724 871 769 nisi
895 737 963 767 reo,
992 726 1084 761 bono

414 771 512 806 fuiffe
541 772 771 808 demonstrat:
800 783 860 808 aut
891 774 996 808 aliurn
1028 786 1084 809 ne-

416 820 543 855 minem
572 821 718 868 potuiss‘e
739 821 911 868 perficere,
939 822 999 857 nisi
1025 823 1083 857 ad-

416 869 624 904 versarium.
667 880 727 905 aut
754 882 834 905 eum
867 871 975 918 ipsum
1011 871 1085 906 aliis

417 917 606 952 rationibus
640 929 700 953 aut
734 931 803 953 non
836 920 994 967 potuisse,
1026 930 1086 954 aut

417 978 487 1001 non
512 978 611 1013 aeque
636 967 818 1002 commode
842 968 999 1015 potuisse,
1026 978 1086 1003 aut

415 1026 496 1049 eum
513 1015 667 1062 effugiss‘e
680 1015 760 1050 alias
775 1017 918 1051 rationes
931 1029 1085 1052 commo-

416 1063 528 1098 diores
545 1073 686 1111 propter
712 1065 948 1111 cupiditatem.
1001 1066 1086 1100 Hoc

418 1111 496 1147 loco
523 1111 676 1147 defensor
692 1113 910 1156 demonstret,
937 1124 1085 1160 oportet,

419 1170 480 1195 aut
507 1161 580 1195 aliis
603 1173 744 1208 quoque
775 1161 868 1197 bono
891 1161 1001 1202 fuiffe,
1027 1172 1088 1197 aut

419 1209 503 1244 alios
521 1221 663 1256 quoque
681 1210 728 1251 id,
747 1210 844 1256 quod
862 1210 930 1257 ipse
947 1210 1086 1245 infirnu-

418 1257 520 1300 letur,
539 1257 648 1292 facere
665 1258 821 1305 potuisse.
863 1259 1010 1305 Signum
1027 1259 1086 1301 est,

419 1318 480 1353 per
496 1306 593 1352 quod
609 1306 799 1340 ostenditur
820 1306 940 1341 idonea
958 1307 1089 1353 perfici-

418 1354 498 1389 endi
516 1353 661 1389 facultas
678 1355 743 1389 effe
761 1354 916 1401 quaesita.
943 1356 984 1390 Id
1000 1355 1090 1390 divi-

419 1403 514 1438 ditur
541 1402 575 1437 in
603 1413 714 1450 partes
737 1403 816 1444 sex;
844 1403 974 1446 locum,
1004 1413 1088 1438 tem-

420 1463 508 1499 pus,v
544 1451 704 1499 spatium,
742 1451 967 1495 occationem,
997 1452 1090 1500 spem

419 1500 630 1548 perficiendi,
662 1501 754 1547 spem
784 1500 926 1535 celandi.
969 1501 1091 1537 Locus

421 1549 604 1595 quaeritur,
639 1548 794 1591 celebris,
836 1561 879 1584 an
912 1548 1090 1590 desertus·,

421 1598 551 1644 semper
579 1597 741 1640 desertus,
768 1610 809 1632 an
836 1608 925 1640 tum,
951 1610 1032 1633 cum
1057 1577 1092 1634 id

421 1644 552 1680 factum
572 1646 623 1689 fit,
647 1645 776 1681 fuerit
769 1659 802 1681 in
819 1658 860 1682 eo
878 1647 957 1682 loco
974 1647 1090 1682 solitu-

421 1694 493 1736 do·
518 1694 617 1748 sacer,
637 1706 680 1730 an
698 1694 889 1742 profanus·‚
913 1695 1090 1743 ptiblicuS‚

422 1754 464 1778 an
490 1743 646 1790 privatus
659 1742 788 1786 fuerit·,
806 1723 999 1791 cujiismodi
1024 1744 1092 1780 loci

423 1791 618 1840 attingant;
646 1805 744 1833 num,
791 1805 852 1840 qui
884 1793 933 1828 est
963 1793 1089 1840 paffus,

421 1841 616 1887 perspectus
630 1851 689 1876 aut
699 1841 881 1876 exauditus
902 1841 966 1876 effe
979 1843 1090 1895 posfit.

422 1890 565 1924 Horum
584 1890 669 1937 quid
687 1902 756 1931 reo,
782 1890 869 1937 quid
891 1889 1091 1933 accuiatori‚

419 1938 616 1980 conveniat,
642 1938 845 1985 perscribere
869 1950 938 1973 non
965 1950 1088 1985 grava-

423 1998 548 2029 remur,
568 1987 628 2022 nifi
646 1986 746 2022 facile
763 1987 891 2034 quivis,
912 1987 1010 2021 causa
1027 1999 1089 2034 po-

422 2035 496 2078 fita,
530 2036 638 2090 posset
657 2034 824 2082 judicare.
874 2035 974 2070 lnitia
998 2035 1089 2070 enim

423 2083 628 2120 inventionis
645 2085 688 2119 ab
710 2095 780 2120 arte
796 2084 923 2119 debent
941 2084 1090 2132 proficis-

424 2132 481 2167 ci·
475 2159 485 2173 ,
512 2143 634 2168 caetera
661 2131 762 2168 facile
790 2133 1006 2180 comparabit
1033 2145 1091 2168 ex-

423 2180 588 2216 ercitatio.
637 2182 797 2236 Tempus
831 2182 877 2216 ita
909 2181 1092 2228 quaeritur‚

425 2240 497 2276 qua
523 2239 619 2276 parte
644 2242 734 2272 anni,
761 2242 832 2278 qua
856 2230 957 2265 hora:
987 2231 1091 2265 noe'tu

427 2289 469 2312 an
488 2277 659 2314 interdiu·
687 2291 758 2326 qua
777 2279 856 2320 diei,
882 2291 952 2326 qua
969 2279 1093 2320 noctis,

427 2325 512 2360 hora
543 2306 674 2361 fastum
703 2328 767 2362 effe
795 2328 942 2370 dicatur,
968 2338 1002 2363 et
1031 2339 1094 2362 cur

427 2372 594 2421 ejusmodi
611 2376 837 2422 temporibus.
871 2376 1056 2429 Spatium
1049 2387 1095 2410 ita

425 2423 670 2466 consideratur,
693 2423 806 2460 latisne
828 2425 974 2472 longum
992 2424 1094 2460 tuerit

515 2519 584 2559 To
596 2531 650 2560 M.
682 2519 757 2560 IX.

1736 197 1808 238 161

1132 288 1174 322 ad
1191 300 1266 323 eam
1285 301 1354 324 rem
1373 291 1635 337 transigendam,
1649 300 1683 326 et
1701 302 1803 337 potu

1129 337 1239 371 eritne
1249 336 1340 379 scire,
1352 338 1428 373 satis
1442 319 1499 373 ad⁵
1502 339 1536 373 id
1554 339 1802 395 perficiendum

1132 384 1230 432 spatii
1256 384 1426 421 futurum.
1455 387 1548 421 Nam
1575 389 1672 434 parvi
1700 388 1801 423 refert

1131 433 1207 468 satis
1237 433 1332 480 spatii
1362 433 1460 469 fuisse
1491 436 1532 470 ad
1563 436 1597 470 id
1624 437 1799 490 perficien-

1131 482 1229 524 dum,
1248 482 1272 516 fi
1292 483 1325 517 id
1344 493 1419 517 ante
1438 483 1509 518 tciri
1527 494 1561 518 et
1579 485 1706 519 ratione
1721 497 1799 539 pro-

1131 529 1240 564 videri
1259 543 1325 566 non
1345 532 1470 578 potuit.
1505 533 1650 567 Occasio
1672 534 1817 580 quaeri-·

1132 588 1202 621 tur,
1230 579 1392 614 idoneane
1413 579 1517 614 fuerit
1535 581 1576 615 ad
1594 593 1665 615 rem
1691 582 1800 616 adori-

1132 627 1269 681 endam,
1295 640 1336 662 an
1372 628 1437 662 alia
1471 628 1602 670 melior,
1628 642 1710 676 quae
1743 640 1808 665 aut.

1133 676 1308 722 praeterita
1336 676 1389 718 sit,
1427 687 1486 711 aut
1516 689 1584 712 non
1613 677 1802 725 expefflita.

1134 725 1218 771 Spes
1241 724 1438 772 perficiendi
1460 737 1540 772 quae
1567 724 1683 768 fuerit,
1709 726 1802 774 spec·

1134 773 1264 808 rabitur
1294 773 1358 808 hoc
1387 773 1512 809 modo:
1542 773 1565 808 fi
1593 786 1674 821 quae
1704 775 1805 822 supra

1133 821 1225 855 dieta
1253 821 1330 856 sunt
1359 822 1464 869 signa,
1492 823 1749 864 concurrerint,
1778 824 1803 858 si

1135 880 1299 917 praeterea
1314 882 1356 905 ex
1380 872 1483 905 altera
1501 881 1596 917 parte
1618 872 1718 914 vires,
1745 884 1803 919 pe-

1135 918 1459 961 cunia‚confilium,
1487 919 1634 961 scientia,
1662 932 1804 968 appara-

1135 967 1184 1002 tio
1197 967 1373 1002 videbitur
1389 947 1510 1009 fuisse;
1528 980 1570 1002 ex
1591 969 1694 1003 altera
1710 979 1806 1023 parte

1136 1015 1365 1058 imbecillitas,
1397 1016 1525 1063 inopia,
1560 1017 1714 1059 stultitia,
1742 1017 1805 1051 im-

1134 1064 1347 1111 prudentia,
1341 1066 1553 1112 inapparatio
1562 1066 1808 1100 demonstrabi-

1135 1123 1194 1147 tur
1226 1111 1347 1147 fuiffe:
1389 1125 1494 1160 quare
1528 1114 1608 1149 scire
1641 1114 1806 1160 potuerit,

1137 1167 1256 1196 utrum
1285 1161 1526 1204 diffidendum,
1558 1174 1599 1197 an
1629 1163 1805 1197 confiden-

1136 1210 1221 1244 dum
1264 1208 1378 1245 fuerit.
1429 1211 1513 1256 Spes
1549 1210 1679 1245 celandi
1725 1223 1807 1258 quae

1137 1257 1253 1300 fuerit,
1279 1257 1450 1305 quaeritur
1466 1271 1508 1293 ex
1540 1259 1694 1301 consciis,
1717 1259 1807 1294 arbi-

1139 1306 1212 1348 tris,
1243 1306 1473 1353 adjutoribus,
1507 1307 1635 1350 liberis,
1662 1318 1722 1343 aut
1744 1308 1808 1343 ler-

1137 1353 1204 1396 vis,
1231 1364 1290 1388 aut
1309 1354 1470 1401 utrisque.

1188 1402 1234 1437 V.
1261 1403 1522 1449 Argumentum
1545 1402 1605 1446 est,
1632 1415 1691 1450 per
1712 1405 1810 1451 quod

1140 1463 1190 1486 res
1229 1451 1430 1498 coarguitur
1467 1452 1669 1487 certioribus
1708 1465 1811 1500 argu-

1141 1499 1277 1542 mentis,
1303 1510 1337 1534 et
1360 1500 1469 1547 magis
1492 1501 1591 1535 firma
1613 1501 1810 1548 suspicione.

1141 1548 1181 1583 ld
1196 1548 1389 1583 dividitur
1383 1561 1417 1583 in
1438 1559 1594 1597 tempora
1617 1550 1692 1591 tria,
1720 1562 1811 1596 prae—

1141 1597 1293 1652 teritum,
1333 1597 1469 1640 instans,
1507 1598 1726 1645 conlequens.
1770 1599 1810 1634 In

1139 1646 1316 1693 praeterito
1332 1655 1487 1698 tempore
1502 1657 1639 1694 oportet
1659 1647 1812 1682 conlide-

1141 1706 1224 1737 rare,
1244 1694 1305 1729 ubi
1323 1693 1438 1736 fuerit,
1452 1695 1512 1730 ubi
1531 1695 1622 1730 visus
1641 1696 1810 1749 s1t,quo-

1141 1755 1222 1778 cum
1242 1743 1330 1778 visus
1348 1743 1410 1784 fit,
1425 1755 1509 1778 num
1523 1743 1610 1790 quid
1626 1744 1811 1791 appararit,

1141 1804 1225 1826 num
1250 1803 1355 1838 quem
1379 1792 1588 1834 convenerit,
1616 1804 1699 1826 num
1722 1793 1811 1839 quid

1140 1840 1277 1882 dixerit,
1313 1851 1398 1875 num
1426 1852 1533 1893 quem
1577 1840 1732 1875 habuerit
1768 1841 1811 1876 de

1141 1888 1296 1931 consciis,
1321 1889 1364 1923 de
1381 1887 1610 1935 adjutoribus,
1641 1889 1683 1923 de
1713 1888 1809 1936 adju-

1140 1937 1289 1979 mentis·,
1316 1949 1400 1972 num
1425 1950 1498 1989 quo
1526 1938 1558 1972 in
1583 1937 1660 1972 loco
1687 1948 1812 1984 praeter

1140 1964 1421 2020 consuetiidinem
1455 1984 1571 2027 fuerit,
1613 1995 1672 2020 aut
1701 1986 1812 2021 alieno

1140 2044 1304 2082 tempore.
1332 2035 1373 2069 In
1392 2034 1524 2069 instanti
1544 2045 1697 2081 tempore
1714 2046 1812 2082 quae-

1141 2084 1238 2126 ritur,
1266 2095 1350 2118 num
1369 2083 1459 2118 visus
1477 2083 1530 2126 sit,
1552 2095 1633 2117 cum
1651 2082 1811 2126 faciebat,

1141 2144 1226 2167 num
1253 2132 1313 2178 qui
1338 2131 1509 2179 strepitus,
1537 2132 1677 2172 clamor,
1702 2132 1810 2178 crepi-

1142 2191 1198 2216 tus
1214 2181 1396 2215 exauditus
1417 2181 1466 2221 sit,
1482 2191 1540 2215 aut
1558 2180 1706 2226 denique
1724 2192 1810 2214 num

1142 2229 1228 2276 quid
1259 2229 1378 2275 aliquo
1406 2229 1497 2263 sensu
1526 2238 1727 2275 perceptum
1757 2228 1810 2270 sit,

1143 2279 1291 2325 aspectu,
1331 2277 1464 2318 auditu,
1507 2277 1612 2318 taetu,
1650 2277 1811 2319 odoratu,

1143 2327 1301 2374 gustatu:
1331 2337 1408 2360 nam
1427 2324 1542 2372 quivis
1561 2324 1683 2359 horum
1701 2324 1812 2360 sensus

1144 2375 1254 2422 potest
1292 2374 1440 2408 conflare
1479 2373 1713 2420 suspicionem.
1775 2375 1814 2409 ln

1146 2422 1365 2470 consequenti
1406 2432 1558 2470 tempore
1597 2421 1816 2470 spectabitur,

1487 2518 1524 2557 X
