2241 2994
593 229 1447 284 PHILOSOPHORUM»

325 339 446 381 edidit,
459 337 600 385 triginta
609 337 698 373 vixit
708 349 826 372 annos.
853 336 994 384 Scripsit

326 391 429 423 etiam
449 387 490 421 ad
506 387 594 435 Q'I'
598 387 797 425 uberonem,
815 385 858 419 de
875 385 994 420 dolore

328 434 517 484 patiendo·
510 463 520 477 ,
563 434 650 482 quid
681 434 762 469 effet
793 443 828 468 et
861 434 989 479 quale·
982 461 992 475 ‚

328 493 572 566 quiantumque
585 495 618 517 m
631 494 672 517 eo
689 483 768 517 esset
786 481 910 523 alieni;
937 482 994 516 de-

328 532 364 567 in
367 533 409 566 de
442 543 525 579 quae
560 530 645 566 ratio
679 531 758 565 esset
792 509 994 578 perfer'endi.

329 581 509 615 Platonem
527 579 689 614 omnibus
715 579 799 614 locis
823 579 995 621 divinum,

329 628 621 676 sapientissimum,
640 628 895 668 sanetiffimum,
917 628 996 662 Ho-

331 689 466 712 merum
477 677 626 724 denique
636 676 925 723 Philosophorum
936 688 996 724 ap-

329 727 457 774 pellare
483 726 633 761 solebat·
626 743 637 767 ;
673 737 692 759 a
718 737 792 772 quo
816 735 930 759 tamen
955 725 997 760 de

330 774 587 810 immortalitate
613 774 807 808 animorum
829 773 997 808 dissentie-

331 824 400 859 bat.
443 824 534 858 Haec
553 822 744 870 praecepit·

379 871 569 919 Qudquid
602 881 722 906 natum
757 871 798 906 fit
832 871 966 906 interire
984 888 995 914 ς

330 920 420 955 nasci
438 930 552 955 autem
571 920 716 962 animos,
733 919 830 966 quod
848 920 998 955 declarat

328 981 450 1004 eorum
469 968 658 1004 similitudo
675 969 737 1015 qui
761 979 996 1016 procreantur,

329 1030 413 1065 quae
430 1017 532 1052 etiam
558 1018 591 1052 in
615 1017 771 1064 ingeniis,
798 1029 867 1052 non
886 1018 997 1052 solum

331 1066 366 1102 in
384 1066 588 1114 corporibus
607 1077 778 1114 appareat.
815 1066 996 1109 Praeterea,

331 1115 417 1150 nihil
447 1116 527 1155 effe,
562 1116 660 1162 quod
689 1115 815 1155 doleat,
850 1115 937 1162 quin
964 1115 999 1150 id
1023 1114 1026 1116 ’

331 1175 467 1211 aegrum
490 1165 554 1200 effe
579 1175 722 1211 quoque
744 1165 870 1211 postit3
901 1164 998 1211 quod

331 1223 446 1248 autem
465 1212 499 1247 in
518 1214 680 1248 morbum
698 1213 809 1254 cadat,
837 1213 870 1247 id
897 1214 998 1247 etiam
1035 1217 1040 1220 '

333 1261 552 1296 interiturum
564 1275 572 1296 :
582 1262 706 1305 ¹dolere
719 1271 832 1296 autem
848 1262 978 1296 animos
989 1279 999 1303 ·,

331 1321 415 1357 ergo
431 1311 533 1345 etiam
551 1310 696 1345 interire.
723 1310 814 1355 Tusc.
832 1311 857 1345 1.
875 1322 932 1357 32-

383 1360 556 1394 Animum
582 1371 625 1394 ex
653 1359 864 1394 inflammata
887 1358 1001 1394 anima

333 1409 496 1443 constare.
523 1408 613 1454 Tusc.
630 1408 656 1442 1.
675 1409 729 1443 18.

383 1457 546 1492 Dubium
564 1457 640 1499 effe,
668 1467 711 1491 an
738 1456 780 1490 ad
805 1465 999 1491 extremum

333 1505 446 1541 omnis
465 1506 616 1540 mundus
640 1504 833 1552 ignesceret.
859 1505 896 1539 de
912 1505 998 1542 Nat.

334 1555 433 1591 Deor.
449 1555 494 1589 ΙΙ.
513 1554 570 1597 46.
597 1553 688 1588 Vide
704 1555 798 1589 Stoic.

382 1603 545 1638 Dubium
562 1603 639 1645 effe,
665 1615 706 1637 an
724 1603 803 1637 esset
824 1602 999 1637 ass'entien-

334 1653 420 1687 dum
437 1662 472 1687 et
493 1652 700 1686 credendum
727 1651 891 1698 auguriis,
918 1663 999 1699 quae

335 1701 436 1736 ceteri
471 1701 579 1735 Stoici
618 1701 787 1747 putabant
820 1702 998 1736 veriffima.

334 1751 414 1786 Luc.
431 1762 488 1795 33.
516 1760 550 1784 et
568 1750 606 1783 de
623 1750 783 1784 Divin.1.
801 1761 834 1794 3.
851 1761 882 1795 7.

385 1798 556 1834 Praedicta
570 1798 837 1845 Astrologorum
851 1796 999 1844 rejicien—

336 1848 403 1883 da:
440 1847 652 1882 Archelaum
679 1847 770 1881 enirn
799 1857 834 1881 et
863 1847 1001 1881 Cassan-

336 1897 454 1950 drum,
491 1897 642 1930 summos
671 1895 876 1942 Astrologos
911 1896 1003 1930 illius

337 1945 461 1986 aetatis,
489 1957 570 1979 cum
598 1945 632 1978 in
655 1944 773 1979 ceteris
791 1943 1002 1991 Astrologiae

337 1994 494 2048 partibus
519 1993 734 2033 excellerent,
765 1993 830 2027 hoc
856 1993 1003 2039 praedic-

337 2042 440 2078 tionis
465 2054 587 2089 genere
611 2054 682 2077 non
707 2041 795 2077 usos.
832 2041 868 2077 de
886 2044 1002 2078 Divitt.

339 2092 382 2127 II.
403 2103 462 2133 42.

387 2140 474 2175 Tria
506 2151 628 2186 genera
659 2139 860 2186 exquirendi
899 2139 1005 2174 officii

338 2189 426 2228 effe3
454 2200 576 2231 unum,
595 2200 676 2223 cum
689 2189 928 2230 deliberemus,
944 2189 1004 2223 ho-

339 2237 485 2280 nestum,
521 2249 562 2271 an
595 2247 698 2284 turpe
732 2237 798 2272 sit:
845 2238 1003 2277 alterum,

340 2286 436 2327 utile,
472 2297 514 2320 an
549 2285 696 2321 inutile:
736 2286 889 2328 tertium,
923 2298 1004 2320 cum

340 2335 415 2369 haec
444 2336 530 2368 inter
563 2333 593 2368 se
625 2346 780 2381 pugnare
812 2335 1005 2376 videantur,

340 2395 414 2430 quo
433 2383 537 2417 modo
554 2381 784 2428 judicandum
805 2383 865 2418 fit:
894 2383 1006 2430 qualis

341 2431 440 2466 caula
467 2431 609 2478 Reguli,
643 2431 761 2473 redire,
800 2431 1005 2486 honestum3

340 2491 488 2523 manere,
515 2480 610 2517 utile.
644 2480 701 2515 De
717 2480 856 2516 duobus
873 2481 1006 2527 primis,

1629 256 1712 298 405

1044 336 1155 372 tribus
1190 337 1298 378 libris,
1333 337 1497 384 praeclare
1529 337 1710 373 disseruit.

1043 386 1085 420 de
1093 386 1193 420 tertio
1203 386 1385 432 pollicetur
1396 385 1425 420 se
1439 386 1597 434 deinceps
1609 386 1713 434 scrip-

1045 444 1187 468 turum:
1222 433 1277 468 sed
1301 434 1385 468 nihil
1409 434 1549 488 scripsit.
1593 436 1714 489 Quem

1045 482 1163 516 locum
1182 482 1422 518 Poffidonius
1415 496 1448 517 1n
1461 483 1714 518 commentariis

1047 530 1197 564 breviter
1223 531 1538 578 traaavit.Ep1·st.
1568 532 1612 566 ad
1639 535 1712 567 Att.

1045 578 1148 614 XVI.
1172 590 1225 613 ιι.
1255 579 1336 613 vide
1349 579 1437 624 Offic.
1457 581 1482 614 l.
1502 589 1536 614 et
1555 581 1599 614 ΙΙ.
1638 581 1714 615 Hic

1047 627 1144 662 locus
1160 627 1297 674 copiose
1314 627 1516 674 explicatur.
1544 627 1632 673 Offic.
1649 629 1713 664 111.

1095 675 1218 711 Solum
1242 675 1387 716 bonum,
1415 676 1512 722 quod
1535 676 1715 712 honestum

1046 725 1114 760 fit:
1153 736 1235 772 quae
1265 734 1381 759 autern
1411 724 1492 758 huic
1524 735 1716 772 repugnent

1046 773 1154 821 specie
1191 773 1344 820 quadam
1377 773 1551 814 utilitatis,
1594 785 1716 808 eorum

1046 834 1158 869 neque
1188 823 1370 857 acceffione
1398 822 1573 856 meliorem
1607 822 1716 857 vitam

1047 871 1134 912 fieri,
1161 882 1222 905 nec
1240 871 1427 906 decessione
1451 869 1613 918 pejorem.
1651 871 1714 918 Of-

1036 920 1092 963 fic.
1113 920 1176 955 III.
1198 931 1230 965 3.

1096 968 1150 1003 Ea
1167 980 1247 1015 quae
1259 967 1412 1002 videntur
1429 967 1540 1010 utilia,
1559 981 1640 1004 cum
1655 969 1716 1004 ho-

1047 1016 1147 1052 nestis
1190 1029 1345 1064 pugnare
1386 1017 1571 1064 aliquando
1611 1019 1714 1065 polse.

1047 1066 1149 1101 Nihil
1176 1077 1257 1100 vero
1284 1065 1381 1108 utile,
1407 1066 1503 1112 quod
1530 1078 1598 1101 non
1627 1067 1716 1101 idem

1048 1114 1252 1155 honestum·,
1290 1114 1375 1149 nihil
1401 1114 1594 1157 honestum,
1620 1116 1720 1162 quod

1049 1175 1118 1198 non
1136 1163 1226 1198 idem
1245 1163 1329 1198 utile
1347 1163 1396 1199 fit.
1429 1163 1517 1210 Offic.
1535 1164 1600 1200 111.
1618 1177 1650 1212 7.

1139 1311 1624 1347 XENOPHON.

1152 1408 1427 1451 ENOPHON,
1466 1409 1581 1455 Grylli
1612 1408 1717 1451 filius,

1173 1457 1403 1500 Atheniensis,
1435 1457 1613 1501 Erchieus‚
1642 1458 1718 1510 phi-

1049 1505 1213 1553 losophus
1252 1506 1320 1541 fuit
1361 1507 1577 1549 Socraticus,
1618 1518 1718 1553 cujus

1049 1566 1136 1589 voce
1161 1555 1282 1590 Musas
1311 1554 1406 1601 quasi
1433 1555 1565 1590 locutas
1591 1554 1718 1591 ferunt.

1049 1603 1165 1638 Aiunt
1181 1615 1261 1638 eum
1281 1604 1440 1650 (auctore
1457 1604 1618 1639 Laertioi
1636 1615 1718 1638 cum

1049 1653 1223 1687 Socratem
1238 1651 1271 1686 in
1287 1652 1470 1699 angiporto
1487 1653 1639 1699 quodam
1659 1653 1719 1686 ha-

1050 1701 1173 1736 buisset
1201 1701 1361 1742 obvium,
1399 1701 1558 1748 porrecto
1594 1701 1720 1736 baculo

1050 1750 1187 1784 transire
1212 1749 1444 1797 prohibuisse:
1481 1749 1719 1796 percunctanti

1050 1810 1144 1840 vero,
1173 1799 1314 1833 ubinam
1346 1799 1512 1840 venirent,
1544 1811 1626 1845 quae
1654 1799 1719 1833 hu-

1052 1847 1161 1881 manis
1179 1847 1296 1882 ufibus
1315 1847 1392 1882 sunt
1411 1848 1610 1888 neceffaria3
1637 1859 1719 1882 cum

1053 1895 1293 1942 respondiffet:
1332 1895 1457 1938 rursus,
1493 1897 1619 1931 ubinam
1648 1896 1720 1931 boni

1051 1957 1089 1979 ac
1116 1945 1209 1990 probi
1238 1945 1375 1980 homines
1393 1945 1533 1988 fierent3
1571 1945 1721 1980 haerente

1053 1993 1126 2035 illo,
1153 1993 1271 2028 dixisse
1289 1994 1489 2029 Socratem:
1518 1996 1644 2041 Sequere
1660 1996 1720 2041 igi-

1053 2050 1108 2076 tur
1125 2050 1155 2076 et
1172 2043 1258 2088 disce.
1284 2055 1327 2077 ex
1343 2055 1384 2078 eo
1402 2053 1555 2090 tempore
1574 2043 1720 2078 Socratis

1052 2091 1190 2126 auditor
1201 2091 1326 2126 fastus.
1359 2091 1470 2138 Cujus
1488 2091 1654 2127 lermones
1668 2091 1719 2126 di-

1054 2140 1268 2187 ligentiffime
1286 2141 1425 2188 scripsit.
1454 2141 1494 2175 In
1509 2141 1638 2187 quibus
1657 2140 1720 2186 (ait

1054 2189 1178 2223 Cicero
1201 2188 1237 2223 de
1257 2189 1341 2224 Nat.
1369 2191 1468 2224 Deor.
1491 2190 1516 2223 1.
1541 2189 1614 2230 12.)
1637 2188 1722 2223 facit

1055 2238 1227 2272 Socratem
1274 2237 1521 2284 disputantem,
1571 2236 1721 2272 formam

1056 2286 1121 2320 Dei
1140 2286 1250 2332 quaeri
1268 2299 1336 2320 non
1351 2296 1531 2333 oportere;
1557 2287 1719 2320 eundem·

1055 2347 1124 2381 que
1141 2344 1174 2369 et
1191 2335 1293 2370 solem
1311 2345 1344 2368 et
1362 2335 1515 2369 animum
1540 2335 1643 2369 deum
1668 2334 1719 2369 di-

1056 2395 1154 2425 cere;
1191 2394 1224 2418 et
1244 2384 1347 2418 modo
1364 2395 1487 2425 unum,
1513 2393 1588 2418 tum
1607 2393 1725 2418 autem

1055 2433 1171 2479 plures
1196 2433 1277 2466 deos
1297 2445 1304 2466 ε
1345 2444 1426 2479 quae
1448 2432 1525 2467 sunt
1546 2433 1661 2469 iisdem
1687 2435 1722 2469 in

1056 2481 1172 2516 erratis
1186 2480 1268 2525 fere,
1283 2481 1413 2528 quibus
1429 2493 1479 2525 ea,
1493 2493 1574 2530 quae
1589 2483 1630 2518 de
1642 2483 1721 2520 Pla-
