2241 2994
779 233 1394 277 HISTORIA.

389 339 525 376 magnos,
550 330 582 364 in
606 329 644 364 iis
673 327 850 375 Pompeium
878 337 909 364 et
935 330 1057 365 Cicero-

390 389 470 419 nem,
495 378 630 412 habebat
644 394 655 418 ·‚
671 377 731 422 fid
756 385 793 411 ut
807 387 864 422 per
880 378 961 412 hanc
985 390 1057 412 cau-

380 429 454 470 sam
476 433 507 459 et
530 426 683 462 Mlonem
709 433 914 472 oppugnaret,
941 433 972 461 et
996 436 1056 472 pa-

390 481 495 508 tronos
511 474 576 518 ejus
592 481 737 509 vexaret.
769 487 807 508 iv
835 475 932 509 Non.
953 475 1055 509 Febr.

391 521 486 556 Milo
503 521 603 556 affuit
620 535 628 557 :
654 522 684 556 ei
707 522 895 570 Pompeius
913 523 1057 557 advoca-

389 579 446 604 tus
482 571 597 606 venit:
639 571 808 616 producta
841 571 912 606 dies
941 571 989 606 est
1023 571 1057 606 in

390 630 478 654 vni.
522 619 627 654 Idus:
667 631 740 666 quo
769 619 825 654 die
855 619 1057 667 Pompeius,

389 678 471 702 cum
498 680 563 715 pro
596 667 732 703 Milone
761 669 867 723 apud
885 669 1058 721 populum

389 716 528 757 diceret,
556 717 704 751 clamore
733 717 964 763 convicioque
984 729 1058 763 Jac-

390 773 482 798 tatus
497 764 557 806 est,
573 764 787 811 Clodiusque
803 765 922 799 diem'
914 777 947 799 1n
967 765 1059 812 Qi-

390 812 522 855 rinalia,
556 812 590 848 id
620 813 678 853 est,
716 825 806 848 xiii.
837 814 916 848 Kal.
947 814 1056 849 Mart.

389 861 579 908 produxit:
606 863 688 908 epist.
709 874 741 908 3.
768 861 820 897 lib.
840 863 885 898 Il.
905 861 949 896 ad
962 863 1057 896 Frat.

389 919 425 944 et
452 911 533 956 epist.
563 923 595 955 5.
631 910 685 946 lib.
716 911 743 945 1.
770 910 885 946 Famil.
937 910 1060 945 Cicero

389 967 506 993 autem
517 957 590 1005 jarn
610 968 686 994 ante
702 958 794 994 diem
820 959 960 994 tertium
978 959 1058 994 Kal.

390 1007 494 1042 Febr.
524 1007 569 1042 ad
591 1009 732 1042 Atticum
752 1019 795 1042 ex
813 1008 947 1054 Epiro
940 1020 973 1043 in
992 1009 1058 1042 Ita

390 1054 471 1090 liam
490 1055 659 1091 reversum
677 1055 811 1091 miserat
838 1057 922 1102 eplst.
942 1071 976 1100 4.
1003 1056 1058 1090 lib.

439 1154 485 1188 A.
506 1153 540 1189 d.
570 1166 618 1189 ιν.
648 1154 698 1189 Id.
723 1154 886 1189 Februar.
916 1154 954 1189 P.
974 1154 1056 1188 Sex-

389 1201 458 1237 tius
477 1214 496 1236 a
514 1203 568 1237 M.
589 1203 714 1238 Tullio
739 1203 966 1237 Albinovano
984 1203 1057 1249 lege

389 1251 535 1286 Lutatia
574 1251 617 1286 de
659 1251 693 1286 vi
736 1251 929 1298 postulatus
975 1250 1056 1293 fuit,

387 1308 531 1353 propter
548 1299 691 1339 caedem,
718 1312 825 1346 quam
852 1311 941 1334 anno
959 1302 1056 1346 lupe-

388 1360 488 1390 nore,
527 1360 616 1383 vin.
651 1348 729 1382 Kal.
766 1348 868 1382 Febr.
900 1359 981 1382 cum
1015 1348 1058 1382 de

387 1396 563 1431 Ciceronis
582 1395 693 1431 reditu
723 1406 890 1444 ageretur,
918 1396 951 1430 in
977 1395 1056 1430 foro

387 1443 515 1480 factam
556 1445 720 1480 diximus.
782 1443 950 1480 Defensus
990 1443 1059 1479 fuit

388 1505 471 1528 cum
489 1493 533 1528 ab
551 1494 637 1536 aliis,
663 1504 738 1529 tum
764 1505 783 1528 a
787 1495 856 1547 Q
869 1493 1057 1529 Hortensio

387 1551 423 1577 et
447 1541 502 1577 M.
522 1542 710 1578 Cicerone·
739 1541 838 1589 cujus
867 1542 977 1577 oratio
997 1552 1058 1588 pro

388 1591 490 1626 Sextio
504 1601 607 1626 extat.
642 1591 778 1626 Sextius
796 1590 972 1626 absolutus
991 1590 1059 1626 fuit

387 1650 419 1674 a.
437 1639 471 1674 d.
493 1651 536 1674 11.
556 1640 605 1675 Id.
633 1641 740 1675 Mart.
766 1640 850 1686 epist.
871 1653 904 1681 4.
935 1639 988 1675 lib.
1010 1640 1055 1675 ll.

387 1687 434 1722 ad
448 1689 541 1723 Frat.
593 1690 870 1736 Oppugnaverat
899 1688 1055 1723 Sextium

388 1736 539 1772 maxime
572 1737 610 1772 Ρ.
646 1738 818 1780 Vatinius,
859 1737 921 1784 qui
956 1738 1058 1772 etiam

389 1785 649 1821 testimonium
643 1799 675 1821 in
695 1786 794 1821 illurn
807 1765 952 1820 dixerat.
992 1787 1057 1820 Ita.

389 1846 459 1881 que
490 1834 614 1869 Cicero
631 1835 810 1869 Vatinium
838 1834 953 1869 testem
983 1846 1057 1881 per-

385 1893 493 1930 petua
543 1883 806 1930 interrogatione
866 1883 1058 1925 accusavit,

387 1943 471 1979 quae
496 1935 595 1967 oratio
622 1931 799 1986 separatim
827 1931 920 1966 edita
949 1941 1056 1973 extat,

387 1981 431 2015 de
447 1992 518 2028 qua
535 1981 666 2015 Fabius
685 1980 746 2015 lib.
764 1980 808 2015 V.
835 1991 911 2027 cap.
933 1990 964 2026 7.
1009 1980 1063 2015 Et

387 2029 511 2064 Cicero
526 2029 622 2076 epist.
642 2042 675 2076 9.
704 2029 764 2064 lib.
783 2029 809 2064 1.
828 2029 928 2064 Fam.
977 2029 1059 2064 Tota

387 2089 464 2112 vero
480 2080 685 2124 interrogatio
701 2090 769 2112 mea
799 2080 1004 2123 (orationem
1024 2077 1058 2112 in

389 2126 569 2161 Vatinium
589 2127 633 2162 sic
651 2127 818 2174 appellat)
837 2126 920 2160 nihil
945 2126 1059 2160 habuit

388 2173 490 2216 aliud,
517 2187 547 2208 n
537 2175 573 2218 s
560 2176 760 2221 reprehetff
758 2187 842 2211 onem
858 2175 943 2210 illius
958 2176 1059 2209 tribu-

388 2231 505 2258 natus.-
531 2226 564 2257 in
580 2237 636 2271 quo
651 2226 754 2259 omnia
771 2225 856 2259 ditia
866 2224 942 2268 sunt
962 2224 1056 2258 liber-

388 2279 457 2305 tate
473 2273 573 2306 animo
594 2285 631 2306 ue
647 2285 779 2307 ηιακιιιιο
796 2273 832 2308 de
849 2274 898 2315 vi,
925 2272 961 2308 de
984 2272 1057 2318 aus-

384 2322 490 2366 piciis,
515 2320 552 2354 de
567 2285 727 2356 §emtione
743 2333 917 2367 regnorum.

442 2380 503 2402 ιιι.
534 2368 586 2403 Id.
613 2369 697 2404 Feb.
725 2369 848 2405 Cicero
877 2369 966 2405 dixit
994 2381 1057 2416 pro

389 2417 499 2452 Bestia
515 2417 558 2451 de
580 2417 726 2460 ambitu,
752 2418 846 2465 apud
873 2429 1056 2465 praetorem

388 2468 454 2502 Cn.
489 2465 700 2508 Domitium,
744 2466 778 2501 in
812 2465 889 2502 foro
932 2467 1057 2509 medio,

1702 255 1781 296 307

1106 330 1258 365 maximo
1284 340 1470 366 conventu.
1521 331 1615 368 Prid.
1648 334 1699 369 Id.
1727 335 1773 369 T.

1106 378 1322 424 Pomponius
1360 381 1502 415 Atticus
1544 381 1633 416 Pilia
1671 394 1777 417 uxore

1106 426 1210 460 dueta
1239 428 1376 473 nuptias
1402 429 1600 471 celebravit,
1633 430 1667 465 in
1697 431 1776 478 qui-

1108 474 1174 509 bus
1209 474 1332 510 Cice10
1362 478 1527 519 coenavit,
1555 479 1639 523 eptst.
1661 491 1693 525 3.
1720 479 1773 514 lib.

1107 523 1153 557 ΙΙ.
1171 522 1216 556 ad
1230 523 1321 558 Frat.
1357 524 1514 559 Tulliam
1531 526 1637 561 filiam
1655 528 1776 562 Cicero

1108 583 1198 605 anno
1241 572 1400 618 proximo
1445 583 1522 608 ante
1561 575 1775 610 consulatum

1108 620 1208 654 suum
1225 620 1448 666 desponderat
1465 622 1505 656 C
1528 623 1641 657 Pisoni
1668 624 1713 658 L.
1734 624 1773 659 F.

1109 669 1231 721 Frugi,
1246 669 1326 715 epist.
1349 682 1380 704 2.
1402 669 1442 714 [l.
1461 670 1586 715 3.]lib.
1603 672 1628 705 l.
1643 671 1774 707 adAtt.

1109 715 1182 763 ejus
1200 729 1307 760 amor,
1322 717 1445 760 virtus,
1465 717 1570 764 pietas
1587 719 1620 753 in
1639 719 1775 755 Cicero-

1110 777 1187 800 nem
1205 766 1399 801 exulantem
1419 776 1513 801 tanta
1529 765 1609 810 fuit,
1623 777 1661 802 ut
1680 768 1778 815 supra

1108 814 1193 848 nihil
1212 815 1331 861 posset,
1349 815 1432 860 epist.
1452 827 1479 850 1.
1500 824 1530 850 et
1547 827 1579 861 3.
1607 816 1660 852 lib.
1677 818 1766 852 XlV
1770 846 1776 851 .

1107 862 1153 896 ad
1169 864 1256 898 Fam.
1285 873 1319 898 et
1340 866 1373 898 in
1390 871 1471 898 orat.
1486 865 1554 908 post
1573 865 1680 899 Redit.
1733 866 1778 900 Ei

1108 923 1191 946 vero
1230 910 1385 946 fruCtum
1419 912 1554 958 pietatis
1585 913 1654 948 suae
1692 913 1779 949 ferre

1110 971 1179 994 non
1198 959 1319 994 licuit:
1348 960 1483 995 decessit
1507 961 1599 996 enim
1618 973 1707 997 anno
1724 963 1777 997 su-

1109 1008 1253 1055 periore,
1281 1018 1320 1043 ut
1340 1021 1376 1044 ex
1393 1011 1551 1051 Sextiam,
1577 1020 1645 1056 cap.
1668 1023 1723 1057 3¹-
1750 1019 1781 1045 ec

1109 1065 1194 1091 orat.
1211 1059 1244 1091 in
1261 1059 1434 1099 Vatinium,
1461 1069 1609 1104 cap.1x.
1636 1059 1778 1107 cognos-

1108 1105 1209 1140 citur.
1258 1107 1376 1151 Qiem
1395 1119 1476 1141 cum
1495 1107 1617 1142 Tullia
1635 1108 1700 1142 hoc
1719 1120 1777 1143 an-

1109 1166 1154 1189 no
1182 1154 1349 1196 eluxisset,
1380 1155 1502 1190 Cicero
1536 1156 1646 1202 pridie
1680 1157 1775 1192 Non.

1108 1203 1196 1249 Apr.
1211 1215 1284 1237 eam
1304 1203 1412 1238 Furio
1430 1205 1615 1251 Crassipedi
1635 1205 1714 1251 desp
1716 1217 1777 1240 on-

1107 1251 1173 1291 dit,
1215 1252 1315 1298 eique
1359 1264 1446 1287 viii.
1492 1253 1573 1287 Idus
1616 1254 1779 1297 sponsalia

1107 1300 1272 1347 praebuit,
1292 1299 1345 1334 lib.
1366 1301 1410 1335 Il.
1430 1301 1475 1335 ad
1490 1300 1602 1345 Quint.
1620 1303 1714 1337 Frat.
1732 1313 1778 1348 ep.

1110 1361 1142 1392 5.
1188 1358 1227 1382 ut
1261 1348 1445 1383 Manutius
1480 1361 1572 1384 nunc
1613 1351 1776 1386 distinxit.

1107 1397 1215 1431 Unde
1234 1397 1347 1430 scribit
1365 1397 1409 1430 ad
1423 1399 1495 1432 An.
1516 1398 1568 1432 lib
1590 1399 1648 1434 IV
1677 1408 1720 1444 ep.
1743 1413 1778 1445 5.

1107 1447 1264 1479 Viaticum
1283 1445 1378 1488 Craff
1368 1456 1429 1491 pes
1441 1448 1601 1491 praeripit.
1642 1448 1696 1481 De
1716 1448 1778 1482 hac

1108 1506 1185 1540 conJ
1178 1492 1351 1528 unffione
1400 1496 1592 1540 gratulatus
1636 1508 1779 1551 quoque

1109 1543 1284 1577 Lentulus
1315 1542 1473 1578 Ciceroni
1505 1543 1595 1579 fuit:
1633 1546 1687 1580 cui
1720 1546 1778 1579 ei-

1110 1603 1187 1626 cero
1218 1591 1397 1639 respondet
1425 1592 1507 1638 epist.
1538 1604 1569 1639 7.
1596 1593 1651 1629 lib.
1682 1595 1709 1628 l.
1737 1594 1781 1628 ad

1105 1640 1223 1675 Ραιιιιῖ.

1155 1689 1248 1724 Non.
1272 1689 1387 1735 April.
1416 1688 1547 1724 saelum
1578 1689 1647 1725 fuit
1677 1690 1711 1725 S.
1733 1692 1774 1726 C.

1110 1737 1144 1772 in
1179 1738 1355 1772 Ciceronis
1393 1737 1603 1778 sententiam,
1654 1749 1692 1773 ut
1736 1740 1779 1774 de

1107 1798 1193 1832 agro
1233 1787 1414 1833 Campano
1450 1786 1620 1833 frequenti
1663 1787 1777 1822 senatu

1109 1835 1199 1869 Idib.
1227 1834 1316 1869 Maii
1344 1834 1534 1878 referretur,
1562 1836 1632 1881 epist
1661 1848 1694 1882 9.
1722 1837 1775 1871 lib.

1109 1883 1136 1918 I.
1164 1884 1254 1918 Fam.
1309 1884 1402 1918 Cum
1421 1895 1534 1919 autem
1554 1885 1683 1919 Miloni
1707 1885 1778 1920 dies

1106 1931 1141 1966 in
1162 1933 1285 1967 Nonas
1312 1932 1401 1966 Maii
1434 1933 1570 1979 prodita
1596 1933 1687 1974 esset,
1718 1934 1776 1968 Ci-

1107 1992 1185 2015 cero
1212 1981 1328 2015 Roma
1346 1981 1454 2015 exivit
1473 1981 1639 2028 villasque
1658 1982 1776 2016 lustra-

1110 2029 1173 2071 vit,
1200 2030 1283 2074 epist.
1313 2042 1344 2074 5.
1371 2039 1405 2064 et
1425 2029 1457 2064 6.
1485 2029 1539 2065 lib.
1559 2031 1602 2065 11.
1621 2030 1666 2064 ad
1682 2032 1774 2065 Frat.

1110 2077 1274 2124 Prodigia
1299 2077 1435 2113 interim
1452 2077 1553 2119 faeta,
1582 2089 1620 2113 ut
1638 2081 1701 2114 Dio
1719 2079 1774 2114 lib.

1109 2127 1286 2162 XXXIX.
1308 2126 1435 2162 scribit.
1487 2128 1579 2162 Nan]
1598 2138 1631 2161 et
1658 2127 1690 2161 in
1711 2128 1775 2162 Al-

1108 2175 1199 2210 bano
1246 2185 1362 2210 monte
1413 2175 1569 2209 sacellum
1614 2176 1776 2219 Junonis‚

1108 2223 1205 2271 quod
1234 2223 1267 2258 in
1299 2223 1410 2258 mensa
1439 2224 1635 2258 dedicatum
1664 2224 1775 2258 orien-

1107 2282 1176 2308 tem
1194 2272 1297 2306 solem
1316 2271 1500 2319 spefmbat,
1516 2272 1556 2306 acl
1576 2273 1774 2318 septentrio-

1108 2333 1165 2356 nes
1183 2320 1383 2356 conversum
1406 2320 1479 2360 est3
1505 2319 1562 2354 fax
1591 2332 1609 2354 a
1636 2321 1776 2355 meridie

1107 2370 1149 2404 ad
1176 2369 1372 2416 aquilonem
1400 2368 1529 2414 porrigi
1548 2369 1638 2403 visa:
1669 2369 1774 2416 lupus

1108 2418 1229 2452 urbem
1251 2417 1401 2457 intravit,
1430 2427 1516 2450 terra
1534 2417 1655 2459 movit,
1683 2418 1775 2452 cives

1108 2466 1251 2513 quidam
1280 2464 1426 2499 fulmine
1462 2465 1519 2499 ieri
1551 2465 1639 2508 sunt,
1676 2476 1709 2501 et
1740 2466 1775 2501 in

1325 2557 1473 2609 (ζμ
