2335 3009
728 224 1002 266 HIST

340 319 425 355 vidit
442 321 476 355 in
492 320 568 356 leae
580 330 592 354 .·
609 318 761 366 senexque
776 326 806 353 et
820 317 929 353 debilis
939 319 1010 364 pri-

341 381 409 404 mus
425 369 568 404 veniebat
581 369 616 403 in
633 369 763 403 curiam.
802 367 1010 402 Plutarchus

341 417 469 459 scribit,
503 418 706 461 Ciceronem
735 415 828 451 bello
857 416 1011 451 Marsico

341 466 541 514 aliquandiu
591 464 654 500 sub
703 464 800 511 Sylla
841 464 1007 499 militaffe.

342 515 454 562 Apud
483 514 613 562 Syllam
648 513 802 560 legatum
837 513 868 548 se
898 512 1009 555 fuisse,

342 576 422 599 curn
455 563 513 598 ille
543 563 608 598 hoc
637 574 726 598 anno
744 570 821 597 ante
837 563 1009 610 oppidum

341 613 473 648 Nolam
521 611 751 647 fior-entissima
801 611 1010 646 Samnitium

341 661 447 696 castra
464 661 568 709 cepit,
594 660 662 707 ipse
682 659 817 700 Cicero,
844 661 899 695 lib
919 661 946 696 1.
975 660 1013 695 de

342 711 554 745 Divinatione
588 719 657 755 cap.
689 721 745 756 33.
777 708 905 744 scribit.
957 709 1012 744 De

341 759 404 794 hac
423 759 481 794 sua
497 758 620 794 militia
635 758 737 793 etiam
756 758 895 804 Philipp.
925 758 1009 794 ΧΗ.

341 817 408 854 cap.
436 820 490 843 11.
518 808 594 843 haec
624 818 800 842 memoriae
830 806 1007 854 prodidit:

341 858 378 891 C.
400 858 564 904 Pompeius
580 856 649 891 Sex.
668 856 708 891 F.
727 855 840 898 consul,
865 867 912 890 me
924 865 1009 902 prae-

331 905 433 950 state,
460 918 528 940 cum
545 905 624 952 effem
649 907 713 940 tiro
730 907 763 940 in
780 906 844 951 ejus
860 906 1010 948 exercitu,

340 967 408 989 cum
427 958 462 990 P.
492 956 596 989 Vettio
625 954 753 996 Catone,
778 953 855 989 duce
880 954 1010 1000 Marsp-

340 1015 422 1046 rum,
447 1006 531 1039 inter
546 1004 622 1038 bina
639 1004 738 1048 castra
754 1002 918 1038 collocutus
933 1004 983 1048 est.

391 1053 476 1087 Hoc
502 1064 592 1088 anno
622 1052 773 1087 censores
797 1049 940 1087 fuerunt
968 1051 1010 1087 P.

341 1101 500 1136 Licinius
519 1101 654 1136 Craffus
671 1111 705 1136 et
736 1101 779 1136 l...
798 1101 915 1145 Julius
933 1102 1010 1136 Cae-

341 1151 403 1191 sar,
430 1151 558 1197 quibus
577 1150 773 1185 censoribus
797 1150 927 1184 nullam
946 1162 1010 1197 po-

342 1200 416 1247 puli
436 1210 567 1246 partem
585 1199 648 1233 effe
665 1198 798 1234 censam
823 1199 946 1234 Cicero
964 1198 1011 1234 ait

334 1258 396 1295 pro
414 1249 549 1290 Archia,
576 1256 644 1294 cap.
666 1260 698 1293 5.

340 1398 452 1437 Anno
472 1395 581 1436 Urbis
603 1395 654 1435 66
661 1409 698 1450 5.
741 1395 921 1436 Ciceronis
945 1409 1008 1448 19.

485 1467 677 1506 Consules
706 1467 870 1506 fuerunt

398 1530 449 1568 L.
483 1530 751 1568 Coimssmus
784 1531 955 1573 SYLLA‚

421 1591 737 1642 QPoMm-:ws
761 1590 937 1629 Rurus.

392 1688 448 1723 De
478 1687 543 1723 hoc
570 1699 659 1723 anno
688 1687 810 1723 Cicero
840 1687 875 1722 in
901 1687 1012 1723 Bruto

342 1749 426 1784 cap.·
439 1739 498 1784 89.
549 1738 653 1784 Atque
667 1737 740 1772 huic
755 1749 836 1771 anno
849 1739 1011 1783 proximus

342 1785 423 1831 Sylla
440 1785 559 1832 consulev
580 1794 612 1820 et
638 1786 782 1832 Pompeio
803 1785 877 1830 fuit
891 1799 902 1820 :
942 1793 1013 1820 tum

340 1835 385 1871 P.
403 1834 532 1881 Sulpicii
555 1837 589 1869 in
615 1835 778 1870 tribunatu
791 1833 924 1882 quotidie
939 1845 1010 1869 con-

341 1885 490 1919 cionantis
506 1892 606 1918 totum
626 1896 721 1931 genus
750 1883 871 1918 dicendi
883 1885 1010 1930 penitus

339 1935 545 1979 cognovimus.
598 1933 761 1979 Salonium
805 1933 846 1967 ab
891 1934 1011 1978 optima

340 1983 432 2028 causa
445 1984 632 2028 profetiam,
659 1984 794 2028 Caioque
819 1981 911 2028 Julio
941 1993 1009 2016 con

336 2031 476 2071 sulatum
503 2039 612 2066 contra
638 2032 715 2078 leges
735 2033 854 2076 petenti
874 2029 1010 2074 resisten-

342 2087 413 2123 tem,
446 2080 566 2127 longius
598 2092 690 2129 quam
718 2079 823 2114 voluit
845 2079 1010 2125 popularis

343 2140 426 2163 aura
438 2131 599 2176 protexit,
626 2130 674 2165 ait
705 2129 794 2163 idem
811 2127 849 2164 de
868 2129 1007 2174 Harusp.

344 2177 436 2224 Resp.
471 2187 539 2224 cap.
575 2188 632 2214 20.
683 2177 877 2213 Diffidebat
917 2177 1009 2212 enirn

343 2226 483 2273 capitali
509 2225 590 2262 odio
615 2238 635 2261 a
652 2226 902 2281 QPompeio,
928 2237 1011 2262 con-

345 2274 416 2309 iule
457 2274 603 2321 quicum
657 2274 930 2332 conjuncliffime
979 2284 1013 2310 et

346 2323 567 2358 amantissime
595 2323 738 2366 vixerat,
763 2326 797 2359 in
823 2325 922 2360 Laelio
945 2334 1012 2370 cap.

353 2386 381 2408 1.
414 2383 579 2419 cumque,
615 2373 752 2408 auctore
782 2372 912 2415 Mario,
940 2385 1016 2420 per-

348 2420 490 2456 niciosas
506 2421 597 2468 leges
626 2425 730 2468 (quas
757 2433 817 2468 per
833 2421 906 2456 vim
933 2422 1017 2457 latas

348 2470 443 2516 Sylla
458 2469 608 2513 dioebat,
634 2480 675 2506 ut
689 2469 738 2505 est
755 2470 898 2516 Philipp.
918 2470 1016 2506 vlu.

1049 226 1346 266 ORIA.

1059 326 1128 363 cap.
1151 319 1202 359 2.)
1236 317 1487 366 promulgaret,
1514 330 1552 353 ac
1570 319 1728 364 Pompeii

1060 366 1208 401 conlulis
1241 367 1366 409 filium,
1403 368 1508 414 Syllae
1549 380 1727 415 generum,

1059 414 1247 455 occidisset,
1278 416 1373 462 Sylla
1401 428 1483 451 cum
1512 417 1663 451 exercitu
1693 417 1726 452 in

1059 463 1181 499 urbem
1199 464 1307 504 venit,
1332 476 1374 499 ex
1390 476 1499 512 eaque
1525 465 1671 513 Sulpicii
1694 477 1728 501 et

1060 512 1167 547 Marii
1195 511 1379 547 faetionem
1413 513 1561 561 expulit.
1614 516 1730 550 Livius

1059 561 1115 596 lib.
1135 561 1279 596 LXXV
1284 561 1329 597 11.
1351 562 1463 597 eta!ii.
1517 562 1614 596 ‘lum
1633 563 1729 608 Sylla

1062 611 1100 646 P.
1119 610 1219 658 Sulpi
1223 610 1315 645 cium
1333 612 1508 658 oppressit,
1521 610 1622 657 eique
1639 611 1729 646 terro

1060 670 1176 707 erepta
1193 659 1265 694 vita
1279 659 1337 695 est.
1374 661 1480 695 Cicero
1499 662 1532 694 in
1545 660 1642 696 Catil.
1664 661 1728 695 111.

1062 721 1088 744 c.
1114 720 1168 744 10.
1187 709 1255 743 etl.
1276 709 1339 744 lll.
1358 707 1395 743 de
1411 710 1508 745 Orat.
1535 722 1560 743 c.
1583 722 1615 755 3.
1649 709 1728 743 Ma-

1062 757 1131 793 rius
1145 757 1260 805 primo
1278 757 1376 793 senile
1394 769 1521 805 corpus
1540 758 1728 805 paludibus

1059 806 1230 842 demersus
1262 807 1476 842 occultavit.
1521 806 1644 842 deinde
1686 808 1728 841 ad

1060 855 1260 890 infimorum
1291 868 1330 890 ac
1361 855 1631 891 tenuissimorum
1666 856 1728 890 ho-

1061 904 1196 939 minum
1235 904 1430 939 Minturnis
1464 904 1728 939 misericordiam

1060 952 1243 1000 confugit:
1273 953 1351 988 inde
1381 953 1520 1001 navigio
1545 965 1727 1001 perparvo,

1060 1014 1142 1037 cum
1160 1014 1278 1038 omnes
1296 1013 1417 1050 portus
1434 1002 1606 1049 terrasque
1629 1001 1727 1050 fuge-

1062 1061 1123 1093 ret,
1162 1051 1197 1086 in
1230 1063 1306 1086 oras
1336 1050 1471 1087 Africae
1499 1051 1729 1086 desertiffimas

1061 1101 1230 1147 pervenit,
1257 1100 1307 1135 ait
1321 1101 1444 1136 Cicero
1454 1111 1517 1147 pro
1534 1101 1646 1143 Sextio,
1659 1111 1727 1146 cap.

1063 1160 1120 1184 22.
1173 1149 1365 1184 Historiam
1404 1149 1592 1197 pleniorem
1635 1150 1729 1197 apud

1060 1198 1283 1240 Plutarchum,
1296 1199 1490 1255 Appianum,
1508 1198 1653 1233 Velleium
1669 1199 1728 1234 lib

1061 1247 1107 1282 ΙΙ.
1127 1257 1194 1293 cap.
1219 1259 1271 1293 ¹9·
1300 1249 1378 1282 etin
1396 1249 1540 1293 Epitoma
1557 1248 1622 1282 Lim
1620 1249 1652 1282 ii
1676 1248 1729 1282 in·

1058 1296 1185 1330 venies.
1237 1296 1293 1330 De
1332 1297 1452 1331 eodem
1487 1296 1610 1332 Cicero
1652 1296 1730 1344 post

1061 1343 1229 1379 Reditum
1247 1344 1291 1379 ad
1308 1345 1466 1389 Quirites
1484 1356 1514 1380 c.
1536 1348 1569 1380 8.
1595 1347 1633 1380 C.
1646 1348 1727 1380 Ma-

1059 1395 1140 1427 rium
1168 1401 1281 1440 Qmet
1308 1394 1409 1428 dicere
1438 1393 1564 1436 audivi,
1600 1401 1668 1429 tum
1693 1394 1730 1439 sie

1051 1440 1148 1488 fuiſje
1176 1444 1329 1488 miserum,
1360 1454 1428 1477 cum
1457 1450 1581 1477 careret
1601 1446 1729 1489 patria,

1059 1502 1153 1537 quam
1170 1490 1318 1533 obsidione
1341 1490 1530 1538 liberaviffet
1543 1504 1555 1526 .-
1582 1503 1650 1526 cum
1666 1493 1730 1538 sua

1060 1540 1141 1574 bona
1162 1539 1305 1585 poffideri
1331 1540 1373 1574 ab
1399 1542 1530 1575 inimicis
1563 1553 1600 1575 ac
1633 1540 1731 1588 diripi

1059 1589 1183 1624 audiret
1199 1602 1210 1623 .·
1237 1601 1304 1624 cum
1331 1589 1546 1636 adolescentem
1552 1589 1659 1632 filium
1674 1594 1729 1625 vi-

1059 1637 1147 1673 deret
1187 1637 1315 1685 ejusdem
1348 1640 1468 1683 socium
1509 1638 1704 1674 calamitatis
1717 1654 1728 1674 :

1060 1699 1128 1722 cum
1155 1688 1190 1722 in
1214 1686 1381 1733 paludibus
1405 1687 1555 1733 demersus
1584 1689 1730 1732 concursu

1059 1748 1096 1772 ac
1113 1735 1319 1780 misericordia
1335 1736 1604 1780 Minturnetfium
1622 1746 1731 1783 corpus

1060 1797 1099 1820 ac
1128 1787 1234 1820 vitam
1258 1786 1353 1831 suam
1391 1784 1614 1832 conservaffit
1610 1799 1618 1806 ·
1661 1797 1729 1821 cum

1052 1844 1167 1880 parva
1183 1834 1336 1869 navicula
1353 1835 1503 1881 trajec‘tus
1519 1836 1552 1869 in
1569 1834 1730 1880 Africam]

1059 1883 1170 1930 quibus
1203 1894 1299 1930 regna
1331 1884 1392 1930 ipso
1428 1882 1572 1924 dederat,
1613 1884 1658 1918 ad
1683 1897 1730 1919 eos

1058 1942 1146 1978 mops
1153 1933 1341 1980 supplexque
1356 1931 1493 1979 ventffi-t.
1521 1932 1616 1968 Etru
1636 1933 1730 1969 Piso-

1060 1991 1152 2023 nem,
1179 1992 1209 2016 c.
1234 1993 1287 2029 19.
1322 1981 1359 2017 C.
1378 1983 1526 2016 Marium
1544 1981 1646 2016 Italia
1659 1982 1727 2027 Jer-

1061 2035 1146 2065 vata
1163 2029 1205 2064 ab
1221 2030 1278 2065 illo
1292 2029 1456 2077 demersum
1469 2032 1503 2065 in
1521 2033 1729 2066 Minturnen-

1049 2079 1136 2123 sum
1163 2078 1347 2126 paludibus,
1385 2079 1500 2125 Africa
1535 2079 1658 2114 devicta
1689 2082 1731 2116 ab

1060 2127 1159 2164 eodem
1175 2129 1328 2175 expulsum
1345 2136 1376 2163 et
1391 2128 1581 2175 naufragum
1595 2131 1693 2163 vidit.
1755 2150 1760 2153 -

1109 2177 1208 2212 Dum
1238 2177 1314 2212 haec
1346 2179 1379 2212 in
1417 2177 1514 2212 Italia
1549 2189 1729 2224 gemnmr,

1063 2225 1197 2261 interim
1239 2224 1474 2267 Mithridates,
1513 2238 1570 2261 rex
1613 2227 1730 2268 Ponti,

1063 2275 1300 2310 Ariobarzane
1331 2285 1364 2310 et
1395 2275 1588 2310 Nicomede
1613 2275 1731 2309 amicie

1064 2323 1187 2372 populi
1217 2324 1322 2359 Rom.
1353 2323 1480 2358 exactis
1509 2324 1732 2371 Cappadocia

1064 2382 1171 2420 atque
1209 2372 1380 2419 Bithynia,
1427 2372 1543 2406 Asiam
1579 2372 1731 2414 intravit,

1068 2432 1205 2468 unaque
1221 2421 1288 2463 die,
1315 2429 1386 2454 tota
1415 2421 1496 2455 Asia
1513 2430 1565 2455 tot
1592 2422 1625 2456 in
1648 2422 1733 2456 civi-

1067 2469 1198 2505 tatibus
1241 2481 1311 2504 uno
1356 2469 1484 2505 nuncio
1524 2480 1629 2517 atque
1667 2483 1734 2506 una

1653 241 1725 281 251

1318 2561 1435 2600 1i2
