2241 2994
939 282 1167 337 (375)

445 518 1667 596 DESIDERIrJACOTII

644 753 1467 801 VANDOPERANI

368 973 454 1029 DE

516 971 1255 1018 PHILOSOPHORUM
1312 974 1754 1020 DOCTRINA

482 1190 943 1231 LIBELLUS
1003 1203 1076 1229 ex
1133 1191 1634 1235 CICERONE.

512 1404 550 1440 U
563 1405 604 1439 M
631 1404 734 1439 essent
752 1404 866 1452 plures
884 1404 1038 1441 Philoso-

375 1403 500 1536 C
524 1453 669 1501 phi,orti
681 1453 777 1487 ferea
791 1454 1039 1497 SOCRATE,

526 1502 620 1549 quod
640 1514 680 1537 ex
699 1501 791 1536 illius
805 1501 920 1544 variis,
938 1513 971 1537 et
988 1504 1039 1538 di-

372 1551 489 1594 versis,
506 1560 540 1585 et
558 1551 592 1585 in
609 1562 747 1585 omnem
764 1560 894 1597 partem
908 1550 1040 1586 diffusis

374 1598 675 1647 disputationibus,
705 1611 723 1633 a
746 1599 889 1633 Platone
911 1601 1039 1646 potiffi-

371 1660 471 1684 mum
498 1647 744 1682 immortalitati
773 1647 917 1688 traditis,
952 1649 1038 1683 alius

374 1697 469 1732 aliud
495 1696 772 1742 apprehenderat,
807 1696 1040 1742 proseminatae

373 1745 451 1781 sunt
473 1744 567 1792 quasi
585 1743 727 1779 familiae
744 1744 968 1780 dissentientes
990 1746 1038 1780 in-

374 1802 425 1828 ter
442 1793 484 1835 se,
510 1803 543 1828 et
562 1793 712 1828 multum
727 1792 908 1839 disjunstae
925 1803 959 1828 et
976 1793 1040 1828 dis-

375 1853 491 1889 pares:
521 1853 601 1876 cum
615 1851 727 1875 tamen
742 1853 859 1876 omnes
879 1841 908 1876 se
923 1842 1041 1877 Philo-

375 1891 499 1937 sophos
517 1890 707 1925 Socraticos
724 1899 757 1924 et
775 1889 843 1924 dici
858 1890 995 1933 vellent,
1008 1901 1042 1925 et

375 1940 439 1974 effe
452 1939 705 1974 arbitrarentur.
742 1940 834 1973 lnter
847 1951 935 1985 quos
953 1951 1041 1986 prae-

376 1987 521 2035 cipuum
545 1987 661 2022 locum
685 1997 801 2021 tenent
827 1986 1041 2030 Academici,

377 2036 607 2083 Peripatetici,
635 2036 752 2077 Stoici,
778 2035 951 2082 Epicurei.
987 2036 1043 2070 De

375 2085 505 2132 quibus
523 2084 732 2131 singillatim,
758 2093 792 2118 et
813 2083 968 2119 distinete
990 2084 1042 2119 di-

377 2145 451 2167 cere
468 2133 608 2167 difficile
623 2132 681 2174 est,
708 2133 755 2167 ob
772 2144 845 2166 eam
868 2133 1043 2180 praecipue

377 2181 526 2222 causam,
552 2181 647 2228 quod
666 2193 745 2216 cum
763 2193 883 2216 eorum
910 2181 1044 2216 decreta

377 2239 598 2277 quaeruntur‚
627 2229 745 2264 variari
766 2229 851 2264 inter
869 2230 1043 2265 Ciceronis

380 2279 588 2325 interpretes,
598 2287 632 2311 et
644 2277 793 2312 dubitari
803 2278 950 2313 videtur
978 2279 1044 2313 Sed

379 2326 532 2374 primum
551 2325 637 2359 illud
656 2327 840 2361 tenendum
861 2327 921 2369 est,
948 2327 1045 2374 quod

381 2375 486 2409 aviris
496 2373 692 2409 doffiffirnis
701 2374 747 2408 est
759 2374 1042 2417 animadversum,

380 2423 580 2458 Ciceronem
599 2422 713 2457 omnia
731 2435 837 2470 prope
853 2435 895 2458 ex
912 2423 1043 2458 Stoico-

380 2483 458 2506 rum
488 2481 522 2506 et
552 2470 842 2505 Academicorum
873 2483 1044 2506 novorum

378 2519 668 2568 disputationibus
685 2518 831 2562 sumere,
849 2531 891 2554 ex
905 2520 1045 2567 reliquis

1087 1419 1198 1455 pauca
1228 1406 1390 1459 quaedam
1421 1406 1600 1461 aspergere.
1644 1408 1755 1456 Cujus

1089 1469 1134 1490 rei
1165 1456 1267 1490 fidem
1300 1454 1408 1490 tacere
1439 1467 1534 1490 aiunt
1567 1457 1755 1499 dialectica,

1090 1516 1170 1551 quae
1198 1503 1362 1551 usurpat·‚
1395 1504 1427 1538 in
1449 1505 1578 1551 quibus
1605 1506 1755 1541 Platoni-

1091 1565 1185 1595 cum,
1204 1562 1263 1586 aut
1276 1552 1536 1587 Aristotelicum
1550 1553 1634 1588 nihil
1649 1566 1757 1601 prope

1090 1601 1259 1648 agnoscas.
1304 1601 1436 1635 Verum
1454 1601 1609 1636 dicamus
1630 1603 1757 1637 articu-

1089 1650 1166 1692 late,
1181 1649 1297 1696 quoad
1314 1649 1381 1683 fie·'
1375 1662 1382 1682 i
1401 1661 1498 1696 poter·
1502 1650 1538 1691 it,
1557 1651 1598 1684 de
1617 1651 1756 1697 Peripa-

1074 1698 1197 1752 ⁴teticis
1215 1706 1248 1732 et
1267 1699 1341 1731 Aca
1344 1697 1495 1738 lemicis‚
1516 1708 1591 1733 tum
1609 1699 1651 1732 de
1668 1710 1755 1733 cete-

1090 1759 1147 1787 ris,
1174 1758 1325 1793 quorum
1355 1757 1374 1779 a
1395 1745 1560 1780 Cicerone
1583 1758 1756 1794 precepta

1093 1805 1209 1829 notata
1225 1794 1314 1837 sunt,
1340 1804 1373 1829 et
1386 1794 1548 1841 quaedam
1564 1796 1687 1830 Latine
1699 1807 1758 1830 ex-

1092 1844 1209 1891 pressa.

1232 1959 1617 1995 ACADEMICI

1142 2047 1189 2072 ετ
1217 2035 1706 2072 PERIPATETICI.

1193 2132 1482 2167 CADEMICI
1505 2142 1538 2166 et
1556 2132 1755 2167 PERIPA-

1219 2181 1392 2216 TETlCI
1405 2190 1544 2221 veteres,
1559 2182 1658 2214 rebus
1675 2192 1755 2215 con-

1093 2239 1251 2276 gruentes
1260 2231 1322 2276 (ait
1332 2230 1469 2264 Cicerol
1481 2229 1677 2263 nominibus
1689 2227 1756 2262 dif-

1093 2278 1257 2312 ferebant.
1295 2279 1402 2319 Nam,
1421 2288 1501 2311 cum
1513 2277 1756 2323 Speusippum,

1094 2326 1214 2361 sororis
1244 2326 1367 2367 filium,
1406 2324 1632 2371 philosophiae
1662 2325 1756 2370 quasi

1093 2375 1263 2409 haeredem
1294 2373 1476 2420 reliquisset
1507 2373 1606 2407 Plato
1621 2386 1628 2407 :
1669 2373 1757 2408 duos

1093 2433 1219 2464 autern,
1231 2422 1516 2470 praestantissimos
1531 2421 1642 2455 studio
1654 2431 1759 2468 atque

1094 2470 1259 2509 doctrina,
1288 2472 1515 2504 Xenocratem
1532 2469 1756 2504 Chalcedoni-

1094 2531 1168 2562 um,
1181 2529 1215 2555 et
1227 2518 1447 2555 Aristotelem
1461 2517 1677 2565 Stagiritem·,
1696 2519 1758 2565 qui
