2335 3009
666 226 760 264 AD
820 224 890 275 Q
937 224 1299 264 FRATREM
1359 227 1492 268 LIB.
1545 231 1578 268 Ι.
1775 247 1822 258 a·

1774 261 1819 286 ⁶3

435 323 638 364 dimicatio
657 323 746 362 erit.
781 324 914 375 Spero,
947 323 972 361 si
994 323 1090 376 quid
1111 337 1197 362 mea
1217 323 1299 377 spes
1321 323 1438 364 habet
1459 328 1713 373 auctoritatis,
1747 331 1821 368 tibi

434 388 767 440 et-integritatem
793 397 916 432 tuam,
953 396 992 425 et
1023 401 1197 426 amorem
1232 390 1274 426 in
1310 398 1346 427 te
1378 390 1564 436 civitatis,
1603 401 1641 430 et
1672 393 1822 445 aliquid

433 454 551 491 etiarn
573 453 879 492 misericordiam
901 452 1034 497 nostri,
1065 453 1230 505 praefidii
1251 453 1432 492 laturam.
1479 456 1544 493 Sin
1579 458 1652 495 eris
1683 459 1729 496 ab
1751 459 1823 497 isto

431 518 611 570 periculo
630 531 774 556 vacuus
792 537 803 564 ς
834 530 924 570 vages
945 517 1109 563 scilieet,
1132 518 1158 556 fi
1179 517 1276 570 quid
1296 519 1358 570 agi
1379 519 1482 571 poffe
1503 520 1549 558 de
1570 523 1683 561 nobis
1705 533 1821 576 puta-

432 583 493 621 bis
511 603 522 628 ;
555 584 601 622 de
621 597 702 636 quo
723 583 899 622 scribunt
919 582 966 620 acl
986 597 1049 621 me
1070 583 1233 635 quidem
1253 584 1373 622 multi
1394 585 1534 631 multa,
1560 596 1599 625 et
1619 587 1655 625 se
1675 589 1822 641 sperare

432 646 699 687 demonstrant
717 663 726 686 ε
759 647 823 686 sed
841 661 915 701 ego
935 648 1032 700 quid
1053 648 1218 700 sperem,
1249 662 1329 687 non
1351 649 1530 702 dispicio,
1554 666 1647 690 cum
1668 653 1823 692 inimici

432 713 654 765 plurimum
674 713 840 759 valeant,
871 713 989 751 amici
1009 714 1154 765 partim
1172 713 1410 753 deseruerint
1431 729 1509 761 me,
1540 718 1684 768 partim
1705 719 1824 758 etiam

432 778 706 830 prodiderint,
738 779 809 831 qui
842 779 884 816 in
918 791 1008 816 meo
1042 778 1170 817 reditu
1204 778 1358 818 fortaffe
1392 780 1730 834 reprehensionem
1765 784 1824 823 sui

432 843 586 882 sceleris
606 843 896 897 pertimescant.
944 842 1017 881 Sed
1037 843 1106 881 ista
1125 844 1255 898 qualia
1275 844 1363 890 sint,
1397 854 1437 884 tu
1461 847 1579 884 velim
1599 849 1822 901 perspicias,

432 908 616 962 mihique
636 909 820 947 declares.
853 910 942 961 Ego
962 918 1108 954 tamen,
1130 909 1322 962 quamdiu
1344 910 1419 949 tibi
1439 925 1538 964 opus
1559 913 1647 958 erit,
1679 914 1705 952 fi
1727 915 1825 967 quid

434 974 601 1026 periculi
623 973 870 1012 subeundum
891 972 1057 1018 videbis,
1089 973 1231 1012 vivam.
1279 975 1443 1013 Diutius
1475 977 1515 1014 in
1543 975 1617 1015 hac
1645 979 1723 1016 vita
1751 980 1825 1018 effe

433 1052 514 1078 non
545 1039 726 1092 possum:
759 1053 886 1092 neque
916 1039 1024 1078 enim
1053 1049 1207 1078 tantum
1235 1040 1380 1079 virium
1401 1041 1518 1080 habet
1540 1043 1619 1081 ulla
1640 1054 1706 1084 aut
1725 1059 1821 1098 pru-

433 1104 580 1150 dentia,
611 1115 678 1144 aut
697 1106 887 1150 doihina,
919 1115 963 1144 ut
983 1114 1140 1144 tantum
1159 1105 1336 1145 dolorem
1357 1107 1471 1160 pofiit
1492 1108 1688 1148 sustinere.
1735 1112 1824 1151 Scio

434 1169 547 1208 fuiffe
574 1179 614 1208 et
642 1169 842 1208 honestius
871 1169 1066 1208 moriendi
1097 1179 1268 1223 tempus,
1299 1180 1338 1210 et
1364 1173 1530 1211 utilius:
1563 1174 1626 1212 sed
1647 1189 1726 1213 non
1747 1175 1825 1215 hoc

434 1235 576 1280 solum,
608 1235 735 1273 multa
753 1235 841 1279 alia,
872 1235 1126 1287 praetermifi:
1159 1250 1245 1287 quae
1278 1237 1303 1274 fi
1331 1239 1443 1288 queri
1472 1238 1592 1277 velim
1614 1242 1821 1291 praeterita‚

433 1299 536 1338 nihil
557 1313 683 1352 agam,
715 1299 786 1337 nisi
808 1309 852 1337 ut
871 1312 1033 1351 augeam
1055 1299 1231 1338 dolorem
1253 1308 1383 1345 tuum,
1415 1302 1590 1341 indicem
1616 1304 1825 1346 stultitiam

431 1379 574 1404 meam.
621 1364 729 1403 Illud
757 1365 920 1418 quidem
952 1379 1024 1403 nec
1045 1363 1272 1404 faciendum
1292 1366 1360 1411 est,
1392 1381 1464 1406 nec
1486 1367 1568 1406 fieri
1590 1370 1728 1421 potest,
1761 1385 1825 1411 me

431 1430 598 1476 diutius,
629 1443 749 1483 quam
776 1439 843 1468 aut
870 1439 985 1468 tuum
1018 1439 1190 1483 tempuS,
1221 1440 1288 1469 aut
1320 1431 1433 1470 firma
1464 1433 1562 1486 spes,
1594 1435 1822 1487 postulabit,

431 1497 474 1534 in
506 1505 586 1535 tam
618 1496 756 1534 misera
788 1505 947 1549 tamque
979 1496 1087 1549 turpi
1117 1497 1198 1535 vita
1229 1499 1493 1537 commorari:
1527 1508 1571 1537 ut
1603 1501 1672 1552 qui
1704 1502 1825 1542 modo

430 1560 550 1600 fratre
583 1560 743 1606 fuerim,
774 1561 924 1606 liberis,
957 1563 1141 1614 conjuge,
1173 1562 1313 1615 copiis,
1345 1576 1485 1615 genere
1516 1564 1600 1617 ipso
1631 1568 1822 1618 pecuniae,

431 1627 697 1672 beatiffimus;
729 1627 936 1680 dignitate,
967 1627 1210 1673 auctoritate,
1241 1628 1544 1676 existimatione,
1574 1633 1711 1683 gratia,
1744 1647 1825 1672 non

430 1692 609 1739 inferior,
641 1707 759 1746 quam
793 1694 863 1747 qui
895 1707 1071 1747 unquam
1102 1693 1264 1732 fuerunt
1296 1695 1550 1748 ampliffimi5
1584 1697 1616 1735 is
1648 1711 1755 1737 nunc
1782 1700 1824 1738 in

429 1758 504 1798 hac
537 1769 617 1798 tam
647 1758 790 1797 afflicta
820 1759 1049 1812 perditaque
1080 1758 1253 1804 fortuna,
1285 1774 1412 1812 neque
1440 1774 1520 1806 me,
1552 1775 1678 1814 neque
1698 1777 1822 1811 meos,

431 1825 566 1878 lugere
597 1824 747 1863 diutius
780 1825 933 1879 poffim.
980 1826 1112 1877 Qare
1144 1825 1241 1877 quid
1272 1825 1318 1862 ad
1348 1839 1412 1864 me
1443 1827 1621 1879 scripsisti
1653 1828 1701 1867 de
1730 1844 1822 1882 per-

430 1891 682 1929 mutatione?
714 1890 820 1943 quafi
852 1903 942 1928 vero
976 1903 1081 1927 nunc
1114 1903 1177 1927 me
1210 1902 1288 1928 non
1319 1899 1394 1929 tuae
1424 1890 1630 1931 facultates
1658 1893 1822 1933 sustine-

427 1965 507 1995 ant.
555 1957 646 2008 Qa
676 1955 717 1994 in
739 1969 778 1993 re
809 1955 890 2008 ipsa
910 1955 1023 1993 video
1054 1955 1170 1993 miser
1198 1964 1238 1993 et
1269 1954 1408 2000 sentio,
1439 1956 1536 2008 quid
1565 1957 1717 1997 sceleris
1748 1960 1817 1998 ad-

431 2021 621 2067 miserim,
652 2035 746 2059 cum
778 2021 826 2059 de
856 2021 1069 2059 visceribus
1103 2021 1181 2059 tuis
1214 2030 1252 2059 et
1285 2021 1358 2060 filii
1387 2022 1445 2060 tui
1475 2022 1738 2063 satisfacturus
1760 2026 1821 2072 fis,

431 2088 576 2140 quibus
598 2087 743 2133 debes;
775 2101 848 2140 ego
878 2096 1077 2139 acceptam
1107 2100 1155 2124 ex
1183 2086 1315 2125 aerario
1343 2089 1550 2140 pecuniam
1573 2099 1641 2127 tuo
1662 2092 1823 2130 nomine

431 2153 570 2192 frustra
603 2153 830 2206 diffiparim.
876 2152 950 2191 Sed
981 2163 1111 2191 tamen
1146 2161 1185 2190 et
1220 2153 1284 2191 M.
1319 2155 1512 2200 Antonio,
1549 2165 1742 2207 quantum
1778 2167 1822 2196 tu

432 2218 647 2271 scripseras,
678 2228 718 2257 et
748 2218 928 2271 Caepioni
955 2218 1203 2262 tantundem,
1235 2218 1409 2257 solutum
1440 2220 1519 2258 est:
1553 2220 1656 2258 mihi
1687 2222 1733 2258 ad
1764 2222 1822 2270 id,

432 2283 539 2335 quod
570 2284 718 2336 cogito,
750 2283 827 2323 hoc
862 2284 969 2337 quod
1003 2283 1129 2323 habeo
1164 2283 1252 2321 satis
1287 2284 1366 2323 est:
1401 2285 1474 2323 five
1508 2287 1615 2324 enim
1648 2286 1820 2326 restitui-

433 2361 538 2393 mur,
569 2349 642 2387 s1ve
673 2349 934 2402 desperamur,
966 2349 1069 2388 nihil
1101 2349 1270 2401 amplius
1303 2363 1401 2402 opus
1433 2350 1500 2388 est.
1547 2353 1628 2397 Tu,
1661 2352 1687 2390 s1
1720 2351 1822 2392 forte

434 2413 531 2465 quid
562 2413 636 2450 erit
664 2414 864 2461 molestiae‚
897 2423 934 2454 te
963 2415 1010 2454 ad
1041 2413 1219 2455 Craffum
1249 2423 1288 2453 et
1317 2415 1364 2453 ad
1395 2415 1597 2456 Calidium
1629 2416 1821 2465 conferas,

517 2480 589 2516 To
605 2491 656 2517 M.
692 2479 766 2518 IX.
1479 2482 1519 2520 D
