2335 3009
552 256 628 297 25²

553 338 728 374 literarum
758 338 1003 386 significatione
1029 339 1121 375 cives
1151 341 1221 375 Ro-

555 399 647 422 man.
669 388 838 422 necandos
854 389 1143 436 trucidandosque
1168 389 1223 424 de-

554 435 702 477 notavit,
730 436 844 484 inquit
871 436 994 472 Cicero
1012 440 1044 472 in
1063 439 1223 473 Monilia-

554 494 786 569 ἴῗκὲὔῑιξ
790 485 947 570 νέῗὲἐῗῖὶξ
973 487 1128 571 ιὲῑΝὶὲἓ
1154 486 1224 581 .ἓί

556 594 590 618 2.
643 583 850 618 Plutarchus
867 596 900 619 m
918 584 1012 628 Sylla,
1039 584 1226 632 Appianus

555 635 588 667 in
622 631 860 668 Mithridatico.
914 635 1035 680 Atque
1065 633 1140 668 haec
1178 633 1226 668 est

557 681 616 715 illa
633 680 869 716 universorum
893 682 1025 717 civium
1051 683 1224 717 Romano-

558 741 636 764 rum
667 742 728 777 per
766 740 819 765 tot
855 731 955 765 urbes
992 743 1063 766 uno
1094 731 1226 778 puncto

557 778 721 826 temporis
740 779 857 814 misera
874 779 1088 826 crudelisque
1102 780 1226 822 caedes,

556 839 663 882 quam
681 828 755 863 Cic.
769 837 829 873 pro
855 828 966 863 Flacco
991 838 1058 875 cap.
1081 840 1137 874 25.
1165 840 1226 864 no-

557 886 678 911 minat.

608 925 714 960 Hanc
732 937 814 960 vero
827 925 1064 961 crudelitatem
1084 925 1225 960 Mithri-

557 973 646 1008 datis
674 974 706 1009 in
733 984 867 1022 togatos
903 975 942 1009 P.
964 975 1119 1010 Rutilius
1151 975 1226 1009 Ru-

558 1021 628 1065 fus,
654 1035 734 1058 cum
753 1035 771 1057 a
795 1035 873 1071 rege
891 1023 1072 1070 Mytilenis
1089 1023 1226 1078 oppres-

558 1071 612 1107 sus
629 1072 720 1115 esset,
747 1072 847 1107 vestis
876 1073 1066 1107 mutatione
1088 1071 1227 1113 vitavit,

558 1130 598 1154 ut
619 1120 666 1155 est
694 1123 728 1155 in
750 1128 832 1155 orat.
855 1131 916 1167 pro
934 1121 1068 1155 Rabirio
1085 1121 1228 1163 Postumo

557 1178 627 1215 cap.
655 1181 708 1204 ιο.
762 1169 858 1204 Idem
881 1172 915 1203 in
944 1169 1133 1204 Maniliana
1156 1180 1224 1215 cop.

560 1230 594 1262 5.
614 1217 673 1260 ait,
701 1217 941 1253 Mithridatem
970 1228 1045 1253 turn
1073 1218 1226 1265 legatum

559 1266 681 1314 populi
710 1267 816 1302 Rom.
849 1266 1060 1302 consularem
1078 1267 1229 1302 vinculis

559 1327 597 1351 ac
616 1315 817 1350 verberibus
843 1326 946 1363 atque
972 1316 1067 1351 omni
1096 1315 1228 1363 suppli-

559 1365 614 1399 cio
642 1365 877 1399 excruciatum
905 1365 1042 1400 necasse.
1096 1364 1225 1400 intelli-

559 1413 611 1460 git
641 1423 755 1448 autem
786 1413 853 1448 Μ’.
873 1413 1074 1460 Aquillium
1105 1413 1225 1448 consu-

560 1462 627 1496 lem
657 1461 736 1496 anni
770 1474 882 1496 ocur.
917 1463 960 1497 de
991 1474 1064 1510 quo
1102 1472 1229 1510 praeter

560 1511 766 1557 Appianum
777 1511 933 1556 Justinus
949 1511 1002 1546 lib.
1017 1512 1226 1547 XXXVlll.

557 1569 625 1606 cop.
658 1570 690 1605 3.
718 1570 752 1594 et
782 1559 972 1595 Athenaeus
996 1560 1049 1595 lib.
1071 1562 1111 1595 V.
1141 1561 1226 1606 Dip-

559 1609 678 1654 nosoph.
731 1608 852 1644 Cicero
868 1609 970 1643 etiam
991 1609 1052 1644 hac
1069 1610 1112 1644 de
1129 1609 1228 1644 caula

560 1658 626 1691 Μ’.
649 1658 797 1704 Aquillii
817 1658 1024 1692 mentionem
1041 1657 1125 1693 facit
1149 1659 1226 1704 ‘Ius-

558 1706 616 1740 cml
635 1706 676 1740 V.
703 1716 771 1752 cop.
793 1718 826 1751 5.
880 1707 977 1742 Urbs
996 1707 1143 1742 Rhodus
1162 1707 1230 1742 sola

559 1765 634 1789 tum
661 1754 694 1789 in
721 1755 788 1790 fide
807 1755 939 1797 mansit,
966 1765 1070 1802 atque
1085 1768 1224 1804 oppug-

560 1815 638 1839 nata
655 1803 735 1845 fuit,
764 1814 802 1839 ut
817 1805 864 1839 est
896 1804 928 1839 in
947 1805 1113 1852 Epitoma
1129 1805 1224 1840 Livii

558 1853 612 1888 l1b.
648 1853 856 1889 LXXVIII.
902 1854 1007 1889 Unde
1037 1854 1160 1889 Cicero
1195 1857 1228 1889 in

559 1903 651 1937 l'err.
684 1902 747 1937 IV.
783 1912 852 1948 cap.
885 1904 942 1949 65.
974 1903 1033 1944 ait,
1070 1903 1227 1938 Rhodios

559 1963 669 1998 prope
699 1951 786 1986 solos
816 1951 947 1986 bellum
967 1951 1054 1986 illud
1073 1952 1226 1999 superius

560 2012 642 2034 cum
661 1999 864 2034 Mithridate
882 2001 1020 2047 geffiffe,
1041 2001 1227 2048 omnesque

558 2048 632 2095 ejus
661 2049 777 2095 copias
812 2049 1086 2095 acerrimumque
1118 2050 1226 2096 impe-

560 2108 635 2132 tum
666 2096 856 2135 moenibus.
894 2097 1082 2139 littoribus,
1120 2099 1226 2133 claffi-

561 2146 692 2194 busque
712 2146 776 2181 luis
793 2146 969 2194 excepisse·

610 2196 742 2230 Eodem
775 2205 940 2249 tempore,
967 2207 1048 2230 cum
1068 2195 1227 2243 princeps

558 2243 760 2280 Academiae
793 2244 894 2279 Philo
924 2256 1004 2280 cum
1035 2245 1226 2279 Athenien-

560 2294 645 2328 sium
689 2293 931 2341 optimatibus,
986 2293 1227 2329 Mithridatico

560 2342 664 2384 bello,
690 2343 797 2376 domo
816 2341 1031 2389 profugisset,
1060 2343 1208 2378 Romam

558 2403 626 2437 qne
658 2391 807 2432 venisset,
844 2401 957 2426 totum
985 2391 1013 2426 ei
1047 2391 1075 2426 se
1105 2391 1226 2427 Cicero

558 2439 708 2479 tradidit.
752 2440 944 2475 admirabili
986 2439 1140 2487 quodam
1181 2441 1223 2475 ad

557 2489 806 2536 philolophiam
827 2489 938 2525 studio
956 2489 1161 2532 concitatus,
1186 2499 1224 2525 ut

863 244 928 284 M.
989 245 1042 284 T.
1105 245 1636 285 CICERONIS

1275 340 1393 388 ipsein
1412 341 1524 383 Bruto,
1549 350 1619 387 cap.
1649 343 1706 388 89.
1736 341 1793 377 ait.
1847 340 1944 376 Hinc

1275 390 1483 426 Plutarchus
1534 390 1670 432 scribit,
1722 390 1946 430 Ciceronem,

1275 451 1355 473 cum
1373 451 1392 474 e
1409 439 1524 486 pueris
1540 440 1734 482 excessisset,
1761 438 1945 474 Philonem

1276 487 1529 522 Academicum
1554 488 1741 523 audivisse.
1734 502 1741 509 ·
1770 499 1876 535 quem
1895 487 1946 522 in—

1276 547 1326 571 ter
1343 536 1552 571 Clitomachi
1579 536 1766 584 discipulos
1795 536 1944 571 Romani

1277 585 1446 632 imprimis
1461 595 1495 619 et
1518 594 1660 632 propter
1675 585 1868 620 doctrinam
1886 584 1945 619 ad-

1277 633 1502 675 mirabantur,
1550 643 1585 668 et
1626 642 1768 681 propter
1808 645 1946 668 morum

1277 681 1572 717 mansuetudinem
1610 682 1811 729 diligebant.
1864 681 1946 717 Phi

1277 731 1390 766 lonem
1411 731 1516 778 igitur
1544 730 1668 766 Cicero
1684 731 1737 766 lib.
1758 732 1784 766 1.
1803 729 1840 764 de
1857 729 1944 766 Nat.

1276 781 1375 816 Deor.
1399 790 1467 826 cap.
1488 791 1520 816 2.
1547 779 1633 814 inter
1649 792 1707 815 eos
1725 779 1946 827 philosophos

1277 838 1445 870 numerat,
1472 840 1492 863 a
1512 828 1644 876 quibus
1668 828 1842 863 institutus
1865 826 1943 863 fuit.

1276 877 1332 913 De
1367 878 1488 913 eodem
1528 878 1561 913 in
1599 877 1756 912 Lucullo
1793 889 1869 925 cap.
1912 878 1944 912 6.

1275 928 1356 972 Jam
1373 926 1563 962 Clitomacho
1580 926 1676 962 Philo
1705 926 1800 968 noster
1823 935 1946 972 operam

1277 975 1388 1011 multos
1418 987 1515 1010 annos
1538 975 1634 1010 dedit.
1687 975 1819 1010 Philone
1844 982 1949 1010 autem

1277 1027 1356 1059 vivo
1380 1025 1593 1070 patrocinium
1611 1023 1788 1059 Academiae
1809 1035 1868 1058 non
1895 1023 1948 1058 de-

1268 1073 1350 1118 fuit.
1404 1072 1575 1108 Phaedrus
1608 1084 1751 1120 quoque
1775 1071 1948 1115 Ciceroni,

1278 1133 1359 1156 cum
1386 1133 1472 1169 puer
1495 1122 1587 1162 effet,
1619 1131 1804 1168 antequam
1829 1120 1948 1156 Philo-

1279 1183 1355 1205 nem
1383 1170 1608 1218 cognovisset,
1634 1169 1737 1205 valde
1769 1179 1808 1204 ut
1834 1164 1949 1217 philo·

1277 1219 1404 1266 sophus
1438 1219 1604 1265 probatus
1642 1218 1723 1253 fuit.
1775 1219 1874 1264 Epist.
1917 1229 1948 1254 1.

1278 1268 1332 1303 lib.
1371 1268 1471 1303 Xlll.
1511 1267 1625 1304 Famil.
1677 1268 1810 1303 Merito
1844 1267 1951 1315 igitur

1280 1317 1334 1352 lib.
1360 1317 1385 1352 l.
1411 1316 1449 1351 de
1472 1317 1554 1354 Nat.
1573 1318 1673 1353 Deor.
1692 1326 1761 1362 cap.
1785 1329 1817 1363 3.
1845 1316 1951 1364 scrip·

1276 1366 1330 1408 fit,
1371 1378 1440 1400 non
1480 1365 1688 1401 mediocrem
1714 1364 1744 1400 se
1783 1377 1802 1399 a
1835 1365 1950 1412 primo

1276 1425 1431 1462 tempore
1477 1414 1588 1450 aetatis
1636 1414 1670 1449 in
1720 1412 1948 1462 philosophiae

1278 1463 1392 1498 studio
1436 1475 1577 1512 operam
1629 1475 1819 1517 curamque
1865 1475 1946 1498 con-

1278 1512 1462 1559 sumpsisse,
1490 1513 1521 1548 in
1544 1524 1617 1559 quo
1639 1511 1703 1547 hoc
1726 1512 1829 1546 etiam
1851 1523 1946 1551 com-

1279 1561 1478 1596 morabatur
1495 1561 1670 1603 attentius,
1696 1561 1792 1608 quod
1817 1559 1949 1595 sublata

1272 1609 1344 1657 jam
1367 1611 1430 1645 effe
1459 1611 1492 1645 in
1517 1621 1722 1658 perpetuum
1750 1609 1836 1644 ratio
1852 1607 1948 1656 judi-

1278 1671 1412 1694 ciorum
1443 1659 1638 1701 videbatur,
1664 1669 1703 1693 ut
1731 1659 1777 1693 ait
1795 1661 1828 1693 in
1846 1660 1948 1694 Bruto

1279 1717 1348 1753 cap.
1372 1711 1427 1744 80.

1326 1756 1410 1792 Hoc
1428 1756 1531 1791 etiam
1549 1767 1652 1798 anno,
1681 1765 1720 1790 ut
1735 1754 1808 1802 jam
1829 1756 1947 1791 retuli-

1277 1817 1367 1847 mus,
1395 1807 1450 1853 Q
1467 1805 1610 1840 Mucius
1628 1806 1759 1852 Augur
1776 1805 1880 1840 Laelii
1905 1805 1948 1840 de

1279 1854 1446 1889 Amicitia
1476 1853 1675 1897 sermonem,
1716 1853 1872 1888 habitum
1904 1855 1948 1889 ab

1280 1903 1340 1938 illo
1375 1903 1495 1951 paucis
1529 1903 1651 1938 diebus
1692 1902 1767 1950 post
1801 1913 1947 1938 mortem

1278 1951 1449 1994 Africani,
1491 1952 1654 1999 Aquillio
1690 1961 1724 1986 et
1765 1951 1948 1987 Tuditano

1278 2001 1490 2043 consulibus,
1528 2013 1618 2036 anno
1659 2011 1808 2036 ncxxiv.
1849 2002 1948 2036 Cice-

1279 2050 1352 2085 roni
1394 2050 1563 2098 exposuit.
1615 2051 1763 2097 Augure
1807 2060 1948 2085 mortuo

1278 2099 1400 2134 Cicero
1419 2099 1449 2134 se
1467 2099 1507 2134 ad
1526 2100 1578 2146 Q
1594 2098 1788 2134 Scaevolam
1808 2099 1949 2152 pontisi-

1279 2159 1352 2182 cem
1371 2148 1530 2183 contulit.
1582 2147 1650 2182 Cui
1681 2147 1782 2194 Reip.
1806 2158 1839 2182 et
1860 2153 1948 2182 lena-

1280 2205 1334 2231 tus
1366 2196 1513 2250 principi
1553 2208 1634 2232 cum
1672 2208 1812 2243 operam
1842 2197 1949 2237 dwiret

1279 2245 1408 2292 peritus
1420 2257 1509 2292 juris
1525 2245 1643 2287 evasit,
1671 2255 1708 2280 ut
1740 2245 1948 2280 Plutarchus

1278 2294 1403 2329 lcribit.
1457 2294 1561 2330 Unde
1594 2293 1735 2329 Atticus
1762 2294 1817 2329 lib.
1854 2294 1951 2329 1.de

1279 2343 1386 2389 Legib.
1407 2353 1473 2389 cop.
1495 2355 1528 2385 4.
1578 2343 1612 2377 ‘I
1617 2343 1741 2378 ullium
1761 2343 1813 2378 his
1832 2343 1949 2378 verbis

1277 2391 1401 2426 affatur
1418 2406 1424 2426 :
1454 2392 1544 2427 Nam
1562 2404 1582 2425 a
1598 2396 1699 2437 primo
1723 2401 1856 2438 tempore
1872 2401 1948 2427 κια-

1274 2443 1314 2475 tis
1331 2443 1405 2485 juri
1426 2442 1545 2488 studere
1571 2451 1601 2475 tt
1627 2443 1760 2483 memmi,
1793 2453 1861 2475 cun
1889 2442 1950 2486 ipsse

1275 2491 1366 2525 etiam
1384 2492 1427 2526 ad
1452 2491 1621 2526 &evo-'am
1647 2498 1841 2526 ventitaret·
1854 2502 1866 2523 .·
1894 2501 1947 2524 nc·
