2241 2994
387 342 407 371 P

389 382 406 403 2

661 227 958 270 VARIAE
1048 224 1614 269 LECTIONES.

412 381 449 402 20
492 373 509 400 8
531 370 685 410 turpiffimo
699 371 726 400 A
740 378 766 399 et
780 371 920 408 turpfftno

489 422 508 451 9
529 419 645 441 ornatus
659 411 688 440 G
703 418 810 440 ornatus
821 412 861 450 stt

473 461 503 481 11
527 451 654 481 itaAG
671 451 814 487 Rspitem

467 507 509 515 —
529 493 602 522 etin
619 492 847 521 Aechumin

471 541 509 571 14
529 532 690 562 abundabit
705 533 732 562 A
746 533 889 562 abundabis

471 582 504 613 15
528 583 592 612 quae
602 572 630 609 ψ
643 574 668 601 d.

466 628 509 637 —-
529 614 644 643 virtutis
658 615 686 643 A
699 615 838 644 virtutum
851 612 879 651 ψ
891 614 917 644 d.

472 654 509 683 16
530 654 594 684 sunt
607 656 633 690 ψ
645 655 669 682 d.

467 709 509 718 -—
529 695 627 735 egebit
642 695 668 724 A
675 696 822 734 sumptibus
836 695 919 731 egebit

468 750 510 758 -—
530 736 638 765 caeteris
651 737 676 764 A
692 745 727 764 ex
740 737 832 764 ceteris

473 785 507 812 17
529 775 657 814 copiosus
671 775 699 804 A
710 775 736 810 ψ
749 774 866 813 copiosius

472 817 508 845 18
529 816 694 854 expeftatus
709 816 736 844 A
751 821 904 853 exceptans

469 864 509 885 20
530 856 596 885 Hoc
611 856 637 884 A
653 858 709 885 Her

467 910 509 918 —
528 896 712 926 exornatione
727 896 754 925 R
764 903 814 935 per
823 897 1017 925 exornationem

470 945 504 965 21
530 944 560 965 et
572 938 598 966 A
609 938 635 966 d.

468 991 510 998 —
529 976 639 1007 inertiae
654 977 684 1006 G
698 978 724 1013 ψ
737 979 766 1006 in
770 977 886 1014 fiientia
901 977 928 1006 R
943 977 1089 1011 inscientia·

472 1026 510 1046 22
531 1018 646 1047 artificis
666 1018 696 1046 G
719 1019 746 1047 R
762 1019 788 1054 ψ
811 1019 924 1057 ανιζῇτίὶ
945 1017 1058 1054 (sedin
1080 1016 1107 1045 R

575 1061 680 1096 puntiis
685 1059 864 1096 subnotatur)

470 1112 511 1121 -—
532 1098 656 1128 stultitiae
665 1099 695 1128 G
702 1099 825 1134 stultitia

469 1147 507 1176 23
531 1138 672 1177 aspectum
688 1139 718 1168 G
733 1140 759 1175 ψ
773 1140 887 1177 aspmur

471 1187 511 1217 24
531 1179 650 1217 subjecit
666 1182 691 1209 A
705 1181 856 1217 Gsubr'ciet

471 1219 510 1247 26
531 1220 674 1259 propofita
686 1222 711 1250 A
722 1221 803 1259 posita
817 1221 843 1256 ψ
854 1219 987 1258 pcstpofita

471 1268 511 1298 29
532 1261 678 1297 oportebit
695 1262 722 1290 A
739 1261 768 1290 G
784 1261 812 1289 R
827 1261 854 1298 ψ
869 1267 965 1298 oportet

472 1308 512 1337 34
535 1300 620 1331 UtA
637 1301 761 1336 Gsslta
776 1309 807 1330 ut

475 1349 511 1378 35
534 1340 641 1380 frigore
652 1343 679 1371 A
694 1345 734 1370 im
738 1343 848 1380 frigore
863 1341 894 1371 G
900 1341 985 1377 simul
986 1341 1096 1378 frigore

474 1389 512 1419 39
534 1381 704 1421 fimulatque
719 1384 746 1412 A
765 1389 791 1411 et
802 1383 833 1420 fi
852 1386 926 1411 nives
952 1388 1028 1419 atque
1047 1381 1072 1417 ψ
1082 1379 1111 1417 si

579 1425 666 1452 nivem
680 1431 758 1462 atque

470 1470 510 1498 42
532 1463 670 1493 animatas
690 1473 718 1493 et
737 1465 908 1493 inanimatas
925 1464 951 1499 ψ
967 1464 1112 1492 animantes

579 1510 604 1532 et
618 1507 794 1533 inanimantes

472 1551 510 1580 43
532 1542 682 1581 loquentes
698 1544 723 1581 ψ
737 1545 880 1583 alequam

473 1592 510 1621 45
534 1591 561 1611 et
576 1585 733 1614 maritimas
748 1585 774 1614 A
790 1589 904 1614 marinas
918 1586 947 1615 G
964 1586 1113 1614 maritimas

472 1638 513 1645 —
533 1623 656 1653 artificio
671 1626 697 1653 A
716 1626 858 1664 artificieffa
879 1626 908 1654 G
930 1632 956 1654 et
975 1623 1112 1663 ‹mifiricfi

579 1665 605 1699 ψ
616 1665 770 1704 artificiqfizs

497 1705 513 1733 8
536 1705 589 1733 toti
606 1707 632 1734 A
650 1706 679 1734 G
695 1714 761 1735 totae

495 1754 514 1783 9
536 1745 570 1773 ad
587 1747 613 1774 A
630 1747 662 1774 id

475 1800 516 1808 -—
535 1785 570 1813 ad
589 1788 614 1815 A
630 1786 660 1815 G
675 1787 700 1815 d.

473 1841 514 1847 —
535 1826 697 1856 conferetur
721 1829 747 1857 A
774 1829 929 1865 (offert-tur,
949 1828 985 1855 ad
1005 1827 1112 1866 idipsum

583 1869 647 1904 qvcd
656 1870 802 1906 tonstretur

482 1916 515 1934 12
538 1908 607 1936 certi
625 1910 649 1936 A
665 1917 735 1937 cerro

481 1956 515 1984 ¹3
538 1948 657 1977 auctoris
671 1950 696 1984 ψ
711 1953 804 1978 afforis

482 1988 518 2016 18
540 1987 686 2018 obscurius
703 1990 726 2018 R
740 1990 766 2023 ψ
781 1990 912 2026 obscurum

479 2037 515 2065 ²7
539 2029 633 2059 causas
650 2031 679 2059 G
695 2031 771 2068 taufit

481 2070 516 2097 28
541 2068 726 2100 fimilitudine
742 2071 979 2107 Gfirnilitudinem

481 2118 516 2146 ²9
539 2109 682 2140 noluimus
697 2112 726 2139 G
743 2112 855 2140 uolumus

477 2164 519 2171 —-
541 2160 630 2188 pauca
647 2154 674 2180 G
689 2160 819 2191 ptrpaura

482 2199 514 2228 3¹
540 2191 716 2221 conscribere
734 2195 758 2222 A
776 2194 804 2221 G
824 2194 847 2221 R
863 2192 1015 2228 spstribtre

481 2241 517 2268 3:
540 2231 576 2258 est
592 2232 616 2265 ᾧ
631 2234 665 2268 νβ
673 2234 771 2271 fimilis

484 2281 520 2309 37
545 2272 640 2301 fimilis
656 2274 683 2302 G
700 2275 723 2302 d.
740 2278 784 2309 (tr
797 2276 824 2302 in
841 2273 865 2302 R
877 2273 1115 2312 punivissulnsta-

588 2317 654 2348 tur)

483 2354 520 2390 38
546 2354 771 2392 X'ituperationb
787 2355 813 2383 G
833 2356 1035 2391 l'ituperationh
1056 2363 1117 2382 (uu-

582 2401 615 2429 sa
632 2398 713 2423 trro'ut
732 2397 804 2423 modu

480 2448 521 2455 —-
543 2444 572 2463 ut
656 2437 899 2475 contemptionem
915 2434 940 2472 ψ
954 2435 981 2465 d.

480 2487 520 2495 —
541 2483 590 2504 aut
606 2476 633 2504 in
651 2477 679 2505 G
696 2484 741 2505 nu

484 2524 522 2551 4ο
546 2516 586 2546 Ut
603 2518 630 2544 G
648 2518 674 2545 d.

1158 340 1220 400 ¹2³'20
1241 330 1281 408 οἷο
1301 369 1402 399 odium
1419 370 1446 398 A
1461 368 1488 397 R
1502 368 1586 397 odium
1596 365 1707 397 adduae

1241 420 1278 450 43
1302 418 1442 439 venenato
1455 410 1482 439 R
1496 409 1584 438 rabido

1241 461 1281 489 44
1302 450 1404 480 rabido
1417 450 1447 479 G
1462 450 1554 487 rapido
1567 450 1595 479 R
1609 447 1637 486 ψ
1649 453 1776 478 venenato

1163 501 1215 521 221
1267 501 1276 520 1
1303 500 1351 519 ore
1367 491 1390 519 R
1407 489 1435 527 ψ
1448 500 1520 529 quem
1532 499 1576 519 ore

1265 541 1279 570 3
1303 531 1333 559 in
1349 531 1375 559 A
1389 531 1417 559 d.

1263 582 1278 610 ς
1303 571 1408 600 Gallus
1421 570 1447 606 ψ
1456 569 1482 598 d.

1263 611 1282 640 6
1303 610 1442 649 depreffus
1453 618 1482 640 et
1493 610 1520 645 ψ
1529 609 1697 648 deprehensus

1263 660 1281 688 7
1302 651 1420 691 degerat
1434 650 1464 679 G
1479 650 1504 679 R
1519 650 1618 679 deam

1242 706 1284 715 —
1304 691 1347 722 Ut
1431 691 1468 720 fic
1484 693 1510 720 A
1525 697 1551 719 et
1565 691 1705 720 contemnit
1717 699 1762 719 nos
1765 689 1838 730 ficut
1852 689 1882 729 ψ

1351 738 1382 760 ut
1395 732 1578 760 condemnatur
1581 731 1624 768 stt

1264 782 1283 811 9
1303 779 1425 801 retentat
1439 773 1465 801 A
1477 772 1504 800 R
1519 772 1545 807 ψ
1558 778 1585 801 er
1596 777 1728 800 retentans

1247 822 1284 842 10
1306 813 1407 842 tacitus
1420 813 1446 841 A
1459 819 1529 841 tacet

1243 868 1285 876 —
1305 862 1364 892 quo
1446 852 1575 881 aufertur
1588 852 1615 881 A
1631 861 1687 880 cum
1699 851 1842 881 domaratus
1852 858 1882 880 ut

1352 893 1498 922 comedatur
1510 893 1634 930 aufertur
1647 891 1674 920 R
1689 901 1744 921 cun
1757 893 1826 921 Amo
1839 892 1883 931 fic

1351 940 1420 962 totus
1433 939 1463 961 ut
1477 933 1603 962 condatur
1616 933 1744 970 aufertur

1247 983 1257 1003 1
1269 983 1279 1003 ι
1304 973 1418 1003 Είῆέὶἰο
1432 974 1457 1002 Α
1472 974 1498 1007 ψ
1513 973 1624 1010 Efflblio

1249 1024 1282 1044 12
1306 1013 1477 1053 exprimitur
1493 1015 1518 1043 A
1533 1016 1698 1052 expremitur

1250 1065 1287 1124 ἔξ*
1307 1054 1615 1124 ὲὲἰῗοΑΑῗηέιῖ”“Ᾰ

1249 1145 1259 1165 ι
1268 1145 1285 1173 9
1307 1135 1388 1165 vobis
1402 1135 1429 1164 A
1441 1136 1511 1164 nobis
1525 1135 1555 1165 G
1569 1135 1658 1164 verbis

1244 1192 1285 1199 —
1307 1176 1400 1205 redire
1413 1175 1440 1211 ψ
1453 1178 1546 1205 venite

1247 1227 1285 1247 20
1307 1226 1371 1246 cum
1387 1217 1412 1245 A
1425 1216 1454 1245 G
1468 1217 1494 1245 R
1506 1224 1561 1244 tua

1245 1267 1286 1321 Ξ-ι-
1305 1257 1537 1326 gagnmdsseqtgwb
1552 1296 1579 1325 R
1594 1297 1619 1333 ψ
1632 1296 1805 1334 demonstrare

1248 1349 1283 1368 22
1306 1346 1334 1367 et
1347 1337 1376 1367 G
1393 1338 1440 1366 vel

1248 1389 1285 1418 29
1306 1379 1371 1413 Iste,
1392 1378 1505 1417 inquies
1514 1378 1544 1407 G
1560 1377 1605 1407 Ita
1618 1379 1721 1415 inquies
1734 1379 1781 1416 rste

1249 1430 1285 1458 33
1309 1418 1416 1448 Darem
1432 1421 1458 1448 A
1476 1422 1578 1449 Darem
1592 1418 1673 1447 michi
1685 1419 1767 1448 locum
1781 1417 1807 1446 R
1824 1416 1885 1446 Da-

1355 1461 1422 1488 retis
1435 1458 1501 1487 mihi
1520 1459 1601 1487 locum

1251 1511 1287 1539 37
1310 1499 1504 1539 praestringere
1520 1500 1546 1527 A
1562 1499 1591 1527 G
1607 1499 1633 1528 R
1650 1498 1675 1533 ᾧ
1684 1499 1861 1537 perstringere

1251 1543 1286 1579 38
1310 1550 1409 1573 unum,
1431 1549 1517 1579 quem
1532 1540 1557 1576 ψ
1569 1548 1773 1577 unumquenque

1247 1596 1289 1604 —
1309 1590 1364 1620 ego
1377 1580 1406 1609 G
1420 1581 1446 1609 d.

1249 1631 1284 1658 4¹
1309 1621 1416 1650 sannio
1431 1622 1458 1650 A
1475 1622 1561 1650 Annio
1574 1620 1603 1649 G
1619 1620 1718 1650 Sammo

1247 1677 1288 1685 —
1310 1671 1344 1690 ne
1358 1662 1383 1696 ψ
1397 1669 1428 1689 ut

1249 1718 1291 1726 —
1310 1702 1354 1731 isti
1368 1701 1486 1731 Barbari
1501 1701 1670 1740 perturbent
1685 1703 1712 1731 A
1727 1701 1782 1738 istos
1794 1701 1888 1729 barba-

1359 1753 1400 1771 ros
1410 1743 1562 1780 perturbcm

1250 1794 1286 1822 43
1310 1783 1432 1812 audiunt
1445 1784 1471 1812 A
1486 1783 1592 1810 audient

1248 1840 1288 1847 —
1309 1824 1379 1863 eligi
1396 1824 1423 1852 A
1439 1823 1549 1862 Rseligi
1564 1823 1594 1852 G
1609 1823 1674 1859 elegi
1687 1821 1755 1861 abst
1768 1823 1818 1860 Irgi

1251 1876 1290 1902 44
1311 1865 1336 1893 ei
1354 1865 1382 1893 G
1398 1862 1425 1898 ψ
1440 1870 1466 1892 et

1250 1922 1290 1929 —
1311 1904 1382 1934 dicit
1397 1905 1422 1933 A
1437 1905 1505 1932 dicer

1250 1961 1291 1969 —
1313 1954 1343 1974 ut
1360 1946 1385 1973 A
1399 1946 1424 1974 d.
1442 1948 1488 1980 (tr
1502 1946 1530 1972 in
1544 1943 1574 1972 G
1585 1943 1872 1982 pnnHissul-notatur)

1277 1996 1285 2015 1
1312 1985 1451 2014 asturconi
1465 1986 1493 2014 G
1510 1984 1536 2013 R
1546 1985 1573 2020 ψ
1586 1992 1632 2013 aut
1645 1985 1774 2022 astur-coni

1273 2037 1287 2065 3
1312 2026 1386 2055 salsae
1402 2026 1426 2054 A
1432 2027 1506 2063 sulse

1251 2082 1292 2090 -
1312 2066 1479 2105 choragium
1494 2066 1520 2101 ψ
1535 2065 1686 2103 thoragiuea

1274 2119 1286 2146 5
1313 2107 1422 2136 Videto
1437 2107 1466 2135 G
1482 2105 1510 2142 ψ
1523 2106 1615 2134 VIdete

1273 2150 1291 2178 6
1312 2156 1475 2177 numeretur
1491 2147 1517 2176 A
1534 2146 1562 2175 G
1581 2147 1606 2175 R
1620 2151 1788 2175 numeratur

1251 2205 1289 2213 —
1313 2188 1401 2227 potest
1418 2189 1442 2216 A
1461 2188 1483 2216 R
1496 2195 1565 2225 pam
1582 2187 1610 2216 G
1625 2185 1779 2225 petestfitri

1275 2240 1290 2267 7
1313 2229 1362 2267 qui
1374 2230 1434 2266 jam
1449 2229 1540 2266 Ajann
1554 2230 1598 2265 qui

1251 2286 1291 2292 -
1313 2269 1435 2298 hominis
1454 2270 1476 2298 A
1492 2273 1517 2298 A,

1257 2321 1290 2339 12
1313 2310 1362 2348 qui
1379 2310 1457 2337 istum
1478 2310 1502 2337 A
1519 2319 1534 2335 a
1550 2307 1639 2346 quilns
1653 2306 1699 2343 iste
1713 2306 1741 2335 G
1758 2316 1812 2344 quus
1829 2306 1874 2343 ist:

1258 2361 1290 2389 ¹3
1314 2350 1540 2388 peregrinaretur
1558 2349 1582 2377 A
1598 2347 1626 2376 G
1639 2353 1829 2386 perrgrtnarar

1252 2407 1292 2414 —-
1314 2398 1477 2427 receperant
1500 2390 1524 2417 A
1539 2389 1670 2427 susicplus
1689 2389 1722 2426 cst
1744 2389 1771 2417 G
1788 2389 1888 2415 itt-itu

1363 2430 1387 2458 R
1403 2431 1427 2465 ψ
1442 2436 1592 2467 rrrepcrune

1258 2482 1290 2509 ¹7
1314 2481 1358 2500 rne
1371 2471 1394 2505 ψ
1408 2480 1487 2498 nram

1259 2514 1292 2541 18
1317 2513 1390 2541 resta
1406 2512 1430 2540 A
1446 2514 1516 2540 rma
1531 2512 1578 2540 vin
