2335 3009
534 260 612 300 190

528 343 565 379 Si
583 355 663 379 eum
683 355 752 379 non
769 345 1027 392 agnoverimus,
1051 345 1201 393 aliquem

530 402 704 440 aegrotum
724 405 793 428 non
810 394 853 429 de
879 393 1025 429 minimo
1045 394 1126 430 loco
1148 394 1200 430 su-

529 453 676 483 memus,
703 452 744 476 ut
769 452 840 477 cito
867 455 899 477 in
919 453 1068 478 mentem
1086 455 1203 479 vemre

527 491 643 537 ponit,
668 500 703 525 et
721 502 816 526 reum
834 491 877 526 acl
895 491 1024 527 lectum
1049 490 1123 538 ejus
1141 492 1200 527 ad-

528 538 724 582 stituemus,
734 539 855 574 dextra
871 541 1054 588 poculum,
1073 540 1202 577 sinistra

528 587 677 631 tabulas,
698 588 832 624 medico
850 589 1024 624 testiculos
1042 589 1200 625 arietinos

527 646 710 672 tenentem.
764 637 848 672 Hoc
867 638 974 672 modo
989 647 1023 673 et
1049 638 1200 681 testium,

526 695 562 720 et
596 685 803 729 hereditatis,
844 696 879 722 et
911 698 1042 721 veneno
1076 687 1200 729 necati,

527 734 728 770 memoriam
748 712 870 770 habere
888 735 1088 789 poterimus
1113 735 1200 770 Item

527 782 688 837 deinceps
714 793 838 819 caetera
863 783 1008 819 crimina
1022 795 1065 818 ex
1081 783 1202 820 ordine

529 831 564 866 in
583 830 667 867 locis
686 843 878 879 ponemus·‚
904 841 950 875 et,
969 832 1200 880 quotiescum-

528 891 598 927 que
616 891 686 915 rem
706 881 891 916 meminiffe
907 881 1078 935 volemus,
1093 881 1118 916 fi
1130 880 1200 917 for-

528 941 665 964 marum
694 929 913 977 dispositione
942 939 977 965 et
1010 929 1201 978 imaginum

528 977 686 1025 diligenti
715 980 890 1014 notatione
921 989 1072 1033 utemur,
1100 978 1202 1014 facile

527 1037 578 1067 ea,
602 1038 684 1074 quae
716 1028 888 1070 volemus,
924 1027 1090 1063 memoria
1117 1040 1200 1064 con-

529 1074 721 1122 sequemur.

581 1124 686 1160 XXI.
719 1124 812 1160 Cum
832 1124 1020 1160 verborum
1040 1123 1198 1160 similitu-

527 1171 624 1207 dines
652 1172 863 1227 imaginibus
886 1173 1077 1220 exprimere
1104 1174 1199 1209 vole-

528 1233 620 1262 mus,
645 1221 726 1276 plus
750 1221 879 1269 negotii
906 1221 1141 1270 suscipiemus,
1167 1232 1202 1258 et

528 1270 637 1317 magis
655 1269 833 1317 ingenium
852 1270 1006 1306 nostrum
1028 1271 1200 1307 exercebi-

525 1330 618 1354 mus.
678 1319 720 1354 Id
754 1332 816 1355 nos
850 1319 916 1356 hoc
951 1320 1058 1355 modo
1090 1318 1202 1357 facere

527 1367 716 1414 oportebit·
760 1369 842 1414 Jam
869 1370 1084 1405 domuitionem
1117 1380 1202 1415 reges

528 1415 656 1451 Atridae
667 1424 802 1462 parant.
843 1417 884 1453 In
903 1417 982 1453 loco
998 1417 1203 1454 constituere

528 1475 666 1512 oportet
701 1477 824 1501 manus
845 1465 890 1501 ad
919 1466 1048 1501 caelum
1079 1466 1200 1502 tollen·

529 1523 598 1548 tem
630 1514 842 1558 Domitium,
881 1526 963 1550 curn
994 1527 1014 1549 a
1043 1515 1202 1562 Regibus

529 1562 675 1598 Marciis
693 1562 774 1598 loris
792 1563 958 1599 caedatur.
1009 1563 1095 1600 Hoc
1125 1564 1202 1606 erit,

528 1611 608 1656 Jam
635 1611 848 1647 domuitionem
874 1624 971 1658 reges.
1026 1613 1069 1647 In
1096 1613 1202 1648 altero

529 1661 607 1695 loco
625 1660 796 1707 AEsopum
814 1672 848 1696 et
866 1661 1065 1697 Cimbrium
1085 1661 1199 1697 subor

530 1721 608 1743 nare
643 1710 873 1757 Iphigeniam,
900 1712 1199 1758 Agamemnonem

528 1768 562 1792 et
593 1758 805 1793 Menelaum.
859 1759 943 1794 Hoc
975 1759 1051 1801 erit,
1079 1759 1202 1795 Atridae

524 1815 656 1850 parant.
710 1808 795 1843 Hoc
826 1807 932 1844 modo
957 1808 1074 1843 omnia
1099 1809 1203 1844 verba

528 1866 628 1890 erunt
663 1857 825 1909 exprefl‘a.
877 1856 942 1892 Sed
975 1857 1048 1892 haec
1081 1857 1201 1905 imagi-

531 1916 614 1938 num
633 1906 864 1940 coniormatio
880 1915 955 1940 tum
974 1906 1076 1948 valet,
1101 1906 1123 1941 si
1144 1918 1200 1941 na-

531 1954 675 1988 turalem
713 1954 912 1989 memoriam
947 1954 1203 1990 exsuscitaveri-

530 2014 608 2036 mus
628 2001 687 2037 hac
709 2003 895 2045 notatione,
923 2013 975 2057 ut,
995 2003 1093 2039 versu
1112 2004 1202 2051 posi-

531 2060 580 2092 to,
609 2050 669 2098 ipsi
689 2051 868 2086 nobiscum
889 2051 1040 2099 primum
1059 2052 1202 2088 transea-

531 2111 606 2133 mus
643 2099 718 2142 bis,
758 2110 816 2134 aut
848 2110 898 2135 ter
925 2112 1005 2135 eum
1042 2101 1202 2143 verium.

529 2148 652 2183 ‹leinde
670 2161 751 2183 cum
778 2149 986 2196 imaginibus
1013 2149 1119 2184 verba
1144 2162 1202 2185 ex-

531 2197 732 2243 primamus.
798 2198 880 2232 Hoc
926 2199 1030 2234 modo
1074 2209 1204 2234 natum.

530 2246 764 2292 suppeditabit
782 2246 948 2282 doctrina.
1000 2248 1091 2282 Nam
1112 2259 1201 2282 utra-

530 2307 599 2341 que
619 2295 721 2330 altera
743 2296 891 2343 lit-parata
919 2295 1034 2330 minus
1059 2296 1123 2331 erit
1147 2297 1202 2331 fir-

533 2356 610 2381 ma:
642 2344 687 2378 ira
714 2354 827 2380 tamen
861 2354 898 2379 ut
927 2345 1040 2379 multo
1067 2345 1146 2392 plus
1170 2344 1202 2379 in

531 2392 687 2427 doctrina
724 2404 828 2440 atque
864 2403 933 2428 arte
969 2394 1116 2441 praesidii
1153 2393 1203 2428 sit.

532 2442 642 2489 Quod
662 2442 784 2477 docere
811 2455 878 2478 non
910 2454 1144 2489 gravaremur,
1171 2443 1204 2478 ni

533 2501 773 2532 metueremus,
803 2503 855 2532 ne,
882 2503 964 2528 cum
983 2492 1027 2527 ab
1051 2492 1206 2528 instituto

834 248 1615 293 RHETORICORUM

1251 345 1367 381 nostro
1397 346 1648 388 receffiffemus,
1682 344 1798 382 minus
1824 357 1920 383 com-

1251 395 1354 430 mode
1371 394 1558 430 servaretur
1575 394 1651 430 haec
1668 394 1823 430 dilucida
1845 396 1920 431 bre-

1252 443 1339 478 vitas
1369 443 1624 497 praeceptionis.
1676 444 1797 486 Nunc,
1832 456 1921 492 quo-

1251 492 1343 527 niam
1373 492 1456 528 solet
1484 491 1649 534 accidere,
1683 501 1724 527 ut
1757 492 1924 540 imagines

1251 540 1377 587 partim
1411 541 1522 576 firmae
1554 551 1589 576 et
1630 541 1674 576 ad
1708 542 1923 578 monendum

1252 589 1384 624 idoneae
1414 589 1491 631 sint,
1517 589 1643 636 partim
1673 589 1862 626 imbecillos
1886 599 1924 628 et

1251 636 1410 680 infirmae,
1437 649 1519 684 quae
1546 638 1607 673 vix
1625 637 1826 674 memoriam
1845 639 1922 686 pos-

1250 686 1315 721 sint
1331 686 1479 722 excitare
1494 699 1502 721 :
1522 698 1595 733 qua
1609 687 1653 722 de
1669 686 1769 722 eausa
1786 697 1923 723 utrum-

1249 747 1319 782 que
1348 736 1420 777 fiat,
1459 735 1743 771 considerandum
1769 735 1831 778 est,
1869 746 1922 777 ut,

1250 784 1390 831 cognita
1421 783 1532 827 causa,
1566 795 1654 831 quas
1687 785 1854 827 vitemus,
1887 796 1923 821 et

1251 845 1338 881 quas
1356 832 1564 880 sequamur
1555 832 1734 881 imagines,
1747 834 1830 869 scire
1844 833 1921 881 pos-

1252 882 1368 918 fimus.

1301 930 1426 967 XXII.
1469 930 1585 966 Docet
1616 930 1724 978 igitui-
1757 943 1819 967 nos
1853 931 1924 979 ipsa

1252 989 1385 1022 natura,
1411 979 1498 1026 quid
1515 989 1674 1033 oporteat
1691 979 1774 1015 fieri.
1827 980 1924 1015 Nam

1251 1028 1276 1063 si
1294 1040 1381 1075 quas
1400 1040 1449 1063 res
1469 1040 1502 1062 in
1520 1029 1593 1062 vita
1610 1027 1769 1064 videmus
1785 1039 1923 1076 parvas,

1252 1077 1401 1118 usitatas,
1439 1076 1672 1122 quotidianas,
1713 1088 1770 1112 eas
1802 1077 1923 1113 memi-

1252 1125 1333 1160 niffe
1350 1136 1418 1160 non
1437 1124 1609 1167 solemus·,
1629 1135 1809 1173 propterea
1824 1125 1924 1173 quod

1250 1174 1347 1209 nulla
1374 1173 1435 1209 nisi
1458 1185 1548 1214 nova
1578 1184 1638 1209 aut
1667 1174 1860 1210 admirabili
1888 1187 1924 1210 rc

1250 1233 1492 1258 commovetur
1510 1223 1656 1259 animus.
1707 1224 1760 1258 At
1785 1223 1809 1259 si
1835 1223 1924 1272 quid

1250 1272 1410 1308 videmus
1428 1281 1488 1306 aut
1506 1272 1666 1308 audimus
1687 1272 1823 1320 egregie
1848 1283 1923 1309 tur·

1251 1333 1296 1368 pe
1346 1330 1407 1356 aut
1449 1320 1656 1363 honestum,
1709 1321 1924 1365 inufitatum,

1252 1381 1433 1424 magnum,
1473 1369 1684 1413 incredibile,
1722 1370 1925 1416 ridiculum,

1252 1418 1288 1453 id
1337 1418 1399 1454 diu
1442 1418 1629 1454 meminisse
1670 1419 1924 1456 consuevimus.

1253 1467 1412 1514 Itemque
1441 1477 1532 1514 quas
1557 1479 1609 1503 res
1636 1478 1714 1504 ante
1742 1480 1804 1503 om
1829 1469 1923 1504 vide-

1253 1528 1343 1558 mus,
1380 1525 1441 1551 aut
1473 1516 1648 1558 audimus,
1686 1516 1926 1553 obliviscimur

1253 1565 1486 1620 plerumque·‚
1524 1577 1611 1620 qiiae
1653 1565 1852 1602 acciderunt
1890 1567 1926 1603 in

1252 1614 1411 1661 pueritia,
1431 1615 1650 1650 meminimus
1666 1615 1798 1662 optime
1815 1615 1922 1664 saepe:

1254 1675 1313 1698 nec
1334 1663 1397 1699 hoc
1417 1663 1482 1698 alia
1510 1663 1553 1698 de
1575 1662 1675 1698 causa
1699 1664 1810 1711 potest
1835 1676 1925 1700 acci-

1251 1711 1342 1754 dere,
1370 1711 1430 1747 nisi
1447 1712 1544 1758 quod
1566 1712 1696 1748 usitatae
1715 1724 1766 1747 res
1789 1711 1890 1749 facile
1906 1726 1927 1750 e

1253 1761 1417 1796 memoria
1456 1761 1655 1803 elabuntur,
1704 1760 1849 1808 insignes
1891 1773 1927 1798 et

1254 1821 1355 1845 novae
1373 1820 1511 1845 manent
1528 1810 1671 1845 diutius.
1719 1810 1808 1845 Solis
1825 1822 1923 1847 exor-

1253 1869 1322 1900 tus,
1349 1860 1480 1901 cursus,
1505 1858 1658 1902 occasus,
1685 1870 1786 1894 nemo
1816 1859 1923 1895 admi-

1254 1918 1360 1949 ratur,
1403 1918 1584 1961 propterea
1625 1907 1723 1955 quod
1768 1909 1925 1962 quotidie

1254 1957 1366 1991 fiunt:
1403 1967 1437 1992 at
1470 1955 1610 2004 eclipses
1636 1956 1714 1992 solis
1743 1957 1924 2000 mirantur,

1252 2005 1336 2052 quia
1354 2016 1430 2040 raro
1456 2005 1634 2047 accidunt,
1659 2015 1692 2041 et
1715 2005 1792 2040 solis
1817 2007 1925 2054 eclip-

1254 2055 1300 2088 ies
1332 2053 1441 2108 magis
1472 2054 1652 2095 mirantur,
1683 2065 1790 2100 quam
1821 2056 1843 2089 l
1860 2068 1925 2095 ne,

1254 2115 1420 2149 quoniam
1441 2103 1494 2138 liae
1512 2102 1698 2138 crebriores
1717 2103 1925 2140 lunt.1)o-

1254 2161 1307 2186 cet
1323 2164 1406 2198 ergo
1425 2151 1455 2187 se
1474 2162 1594 2187 natura
1609 2152 1744 2198 vulgari
1772 2164 1805 2187 et
1825 2153 1925 2188 usita-

1256 2210 1290 2234 ta
1330 2212 1364 2235 re
1406 2212 1474 2235 non
1508 2200 1730 2240 exsiiicitari3
1775 2205 1928 2238 novitate

1254 2261 1336 2284 vero
1376 2258 1411 2283 et
1445 2249 1564 2303 insigni
1598 2227 1753 2305 quod-ain
1789 2261 1928 2298 negotio

1254 2309 1480 2334 commoveri.
1533 2298 1691 2333 Imitetur
1733 2300 1840 2345 igitur
1874 2312 1927 2335 ars

1257 2356 1428 2387 naturam,
1454 2357 1487 2382 et
1506 2348 1601 2395 quod
1619 2359 1657 2381 ea
1675 2337 1882 2390 delulerat,
1877 2361 1925 2384 in-

1255 2405 1395 2435 vem-,it
1434 2398 1530 2442 quod
1562 2397 1721 2438 ostendit,
1755 2401 1926 2444 sequatur.

1257 2444 1354 2479 Nih]
1384 2443 1430 2479 est
1461 2457 1567 2487 enini,
1594 2446 1691 2492 quod
1721 2456 1779 2480 aut
1808 2456 1928 2481 natura

1256 2504 1357 2527 ι’·κιτι
1354 2505 1448 2528 ¹mini
1479 2495 1656 2536 invenerit,
1684 2505 1742 2530 aut
1772 2495 1928 2531 doctrina
