2335 3009
706 229 832 274 'AD
908 232 1312 272 BRUTUM.
1662 237 1714 291 87

327 336 504 390 primum
537 333 761 372 libertatem
795 345 972 370 revocare
1005 330 1216 383 coepimus»,
1253 343 1346 368 cum
1381 329 1418 369 se
1451 332 1630 371 nondum
1665 347 1714 372 ne

329 402 490 442 Decimi
510 399 672 453 quidem
694 399 807 437 Bruti
827 398 959 436 divina
977 397 1100 436 virtus
1121 397 1175 435 ita
1194 397 1480 444 commovisset,
1511 408 1555 438 ut
1569 401 1651 453 jam
1673 400 1715 438 id

328 467 424 507 scire
443 466 665 519 poffemus;
696 474 813 517 atque
845 477 964 502 omne
992 462 1213 516 praefidium
1239 462 1330 500 effet
1359 462 1399 500 in
1431 478 1565 516 puero,
1597 467 1667 518 qui
1694 480 1716 504 a

327 533 547 572 cervicibus
567 531 707 569 nostris
727 530 918 568 avertisset
938 529 1192 573 Antonium;
1224 529 1313 580 quis
1334 527 1459 566 honos
1481 530 1516 567 ei
1537 544 1615 568 non
1637 531 1717 571 fuit

327 596 626 635 decernendus?
658 596 897 647 Qanquam
925 607 999 646 ego
1028 593 1088 631 illi
1119 602 1205 631 tum
1226 593 1436 631 verborum
1464 593 1619 633 laudem
1642 597 1715 634 tri-

327 662 412 708 bui,
434 675 599 715 eamque
619 661 832 699 modicam.
865 659 1033 699 Decrevi
1053 659 1172 697 etiam
1192 659 1404 712 imperium
1416 677 1429 704 ς
1461 659 1568 712 quod
1589 674 1716 713 quan-

326 741 446 781 quam
465 728 671 767 videbatur
700 727 762 765 illi
794 727 897 766 aetati
926 725 1210 771 honorificum,
1241 734 1372 764 tamen
1392 734 1473 764 erat
1498 727 1718 766 exercitum

326 792 489 833 habenti
519 793 798 832 necessarium:
831 791 928 844 quid
962 791 1070 829 enim
1103 791 1157 829 est
1185 791 1264 829 fine
1293 791 1460 844 imperio
1488 792 1715 831 exercitus?

329 860 504 898 Statuam
527 858 737 912 Philippus
759 857 930 896 decrevit
948 871 957 896 ε
990 857 1231 895 celeritatem
1251 857 1455 909 petitionis
1475 858 1607 909 primo
1629 858 1718 896 Ser-

328 926 415 964 vius
431 945 444 972 ;
475 925 560 979 post
580 926 769 977 majorem
789 924 906 962 etiam
929 923 1130 961 Servilius.
1165 921 1285 961 Nihil
1305 931 1397 961 tum
1413 923 1585 961 nimium
1607 924 1718 962 vide-

331 990 458 1030 batur.
505 991 578 1029 Sed
607 991 737 1029 nescio
764 989 966 1042 quomodo
985 988 1141 1027 facilius
1163 990 1204 1027 in
1226 988 1368 1027 timore
1388 988 1566 1041 benigni,
1598 1003 1720 1042 quam

330 1057 371 1095 in
401 1057 563 1095 victoria
590 1057 706 1109 grati,
737 1056 967 1109 reperimur.
1013 1056 1102 1107 Ego
1132 1056 1255 1100 enim,
1287 1055 1343 1093 D.
1378 1055 1501 1093 Bruto
1535 1055 1716 1102 liberato,

330 1136 422 1161 cum
444 1122 658 1160 laetiffimus
679 1121 746 1159 ille
766 1120 918 1159 civitati
939 1120 1019 1158 dies
1040 1119 1242 1164 illuxisset,
1274 1119 1460 1172 idemque
1489 1120 1576 1158 casu
1604 1121 1720 1160 Bruti

328 1189 468 1227 natalis
489 1188 607 1233 effet3
639 1187 807 1231 decrevi,
838 1195 882 1224 ut
912 1186 953 1224 in
983 1184 1087 1223 fastis
1117 1185 1164 1223 ad
1193 1199 1286 1223 eum
1312 1185 1417 1223 diem
1439 1187 1551 1224 Bruti
1572 1200 1720 1226 nomen

330 1253 638 1292 adscriberetur:
671 1252 713 1289 in
733 1264 859 1303 eoque
879 1250 964 1288 sum
985 1251 1181 1301 majorum
1200 1251 1429 1303 exemplum
1450 1251 1619 1297 secutus,
1648 1253 1719 1305 qui

330 1318 439 1358 hunc
459 1318 650 1356 honorem
671 1316 830 1355 mulieri
854 1315 1045 1354 Larentiae
1066 1314 1305 1360 tribuerunt,
1336 1315 1402 1353 cui
1422 1328 1489 1353 vos
1510 1316 1723 1369 pontifices

331 1385 379 1424 ad
413 1398 518 1423 aram
551 1385 592 1422 in
626 1383 796 1422 Velabro
829 1381 955 1420 facere
988 1381 1134 1420 soletis.
1181 1381 1302 1433 Qod
1339 1394 1413 1434 ego
1451 1395 1543 1420 cum
1578 1383 1723 1422 dabam

331 1452 470 1497 Bruto,
502 1460 636 1489 notam
667 1449 739 1488 effe
770 1450 813 1487 in
844 1448 948 1487 fastis
983 1447 1204 1501 gratiffimae
1237 1448 1408 1486 vietoriae
1442 1447 1723 1501 sempiternam

330 1517 527 1556 volebam.
573 1517 708 1568 Atque
728 1514 800 1553 illo
820 1514 882 1552 die
902 1514 1071 1567 cognovi
1091 1513 1208 1566 paulo
1228 1513 1359 1566 plures
1380 1513 1421 1551 in
1442 1512 1573 1551 senatu
1595 1515 1719 1553 male-

331 1581 441 1620 volos
474 1580 560 1626 esse,
591 1594 709 1633 quam
740 1589 885 1632 gratos.
931 1580 1011 1618 Eos
1042 1593 1110 1632 per
1130 1578 1231 1632 ipsos
1253 1578 1334 1616 dies
1355 1577 1476 1616 effudi
1502 1579 1546 1630 (fi
1566 1579 1620 1617 ita
1640 1580 1718 1631 vis)

331 1646 500 1687 honores
521 1647 560 1684 in
584 1656 760 1684 mortuos
779 1646 962 1684 Hirtium
982 1654 1021 1683 et
1043 1644 1219 1690 Pansam,
1237 1644 1427 1696 Aquilam
1448 1644 1580 1683 etiam.
1600 1646 1723 1697 Qod

331 1713 420 1767 quis
454 1712 718 1765 reprehendit,
751 1713 821 1751 nifi
853 1713 939 1765 qui,
970 1711 1143 1764 deposito
1174 1720 1299 1755 metu,
1331 1711 1516 1763 praeteriti
1551 1712 1719 1763 periculi

331 1778 452 1818 fuerit
471 1779 620 1817 oblitus
637 1780 650 1816 ?
682 1778 906 1817 Accedebat
926 1778 973 1815 ad
995 1776 1177 1815 beneficii
1197 1777 1430 1814 memoriam
1451 1785 1600 1827 gratam
1622 1778 1720 1815 ratio

333 1844 415 1890 illa,
446 1859 532 1897 quae
552 1845 671 1883 etiam
692 1844 852 1897 posteris
873 1843 963 1881 esset
993 1843 1182 1880 salutaris.
1229 1843 1374 1880 Extare
1405 1842 1512 1878 enim
1540 1842 1720 1881 volebam

332 1909 375 1948 in
402 1909 685 1948 crudeliffimos
717 1908 844 1947 hostes
876 1917 1135 1947 monumenta
1159 1907 1247 1946 odii
1281 1906 1436 1959 publici
1469 1906 1717 1959 sempiterna.

335 1975 517 2029 Suspicor
547 1976 648 2014 illud
679 1976 812 2014 minus
845 1975 919 2013 tibi
944 1974 1115 2028 probari,
1147 1973 1253 2026 quod
1274 1973 1321 2010 ab
1343 1973 1420 2010 tuis
1442 1971 1718 2020 familiaribus,

333 2042 494 2095 optimis
516 2042 595 2080 illis
617 2041 779 2095 quidem
800 2041 908 2086 viris,
940 2040 1002 2078 sed
1030 2040 1071 2078 in
1093 2039 1295 2093 republica
1314 2038 1494 2083 rudibus,
1527 2052 1604 2077 non
1626 2053 1719 2092 pro-

334 2107 462 2153 batur,
498 2108 619 2161 quod,
658 2117 700 2146 ut
735 2107 866 2146 ovanti
901 2107 1063 2145 introire
1098 2105 1238 2144 Caesari
1272 2105 1422 2149 liceret,
1465 2104 1717 2145 decreverim.

334 2174 423 2225 Ego
443 2184 573 2212 autem
597 2173 679 2226 (sed
699 2186 783 2212 erro
804 2172 957 2211 fortaffe
975 2187 991 2212 :.
1017 2186 1088 2210 nec
1110 2181 1240 2210 tamen
1270 2172 1302 2209 is
1333 2171 1433 2216 sum,
1465 2179 1509 2208 ut
1540 2184 1626 2208 mea
1656 2185 1720 2209 me

334 2239 507 2277 maxime
527 2239 737 2289 delectent)
758 2238 858 2277 nihil
881 2237 982 2277 mihi
1004 2238 1136 2277 videor
1156 2237 1233 2275 hoc
1255 2236 1360 2275 bello
1380 2234 1525 2273 senfiffe
1545 2235 1720 2287 pruden-

335 2305 429 2342 tius.
477 2305 559 2342 Cur
579 2315 708 2342 autem
740 2305 794 2343 ita
814 2304 874 2350 fit,
905 2304 1158 2357 aperiendum
1180 2317 1258 2341 non
1280 2302 1347 2346 est,
1379 2314 1427 2338 ne
1447 2301 1571 2352 magis
1593 2301 1722 2340 videar

335 2370 521 2423 providus
542 2368 668 2415 fuisse,
694 2383 812 2422 quam
833 2380 980 2423 gratus.
1013 2371 1104 2409 Hoc
1125 2369 1253 2422 ipsum
1276 2368 1462 2405 nimium.
1496 2367 1627 2418 Qare
1647 2368 1722 2406 alia

335 2435 551 2474 videamus.
585 2436 638 2473 D.
659 2436 781 2474 Bruto
802 2436 953 2475 decrevi
975 2435 1157 2481 honores,
1175 2433 1327 2472 decrevi
1349 2433 1398 2470 L.
1419 2431 1578 2470 Planco,
1614 2433 1721 2471 Prae-

335 2501 438 2540 clara
467 2501 536 2540 illa
567 2500 728 2554 quidem
755 2502 926 2554 ingenia,
957 2515 1043 2554 quae
1064 2501 1188 2555 gloria
1207 2499 1451 2539 invitantur:
1484 2497 1547 2536 sed
1568 2497 1733 2537 senatus.
