2241 2994
768 239 1383 283 HISTORIA.

378 349 446 374 cum
461 337 498 373 C.
516 336 687 372 Antonium
705 334 852 381 collegam
867 345 966 369 meum
994 332 1047 368 de-

369 386 542 434 fenderem,
579 384 716 432 quaedam
749 384 786 418 de
826 382 948 428 republ.
982 395 1050 430 quae

377 436 454 470 mihi
470 435 539 480 visa
555 434 632 478 sunt
649 432 693 467 ad
707 432 794 466 illius
810 433 912 478 miseri
928 432 1049 474 causam

371 485 554 531 pertinere,
587 482 652 516 haec
681 481 814 515 homines
844 480 978 525 improbi
1005 479 1050 514 ad

376 532 520 579 quosdam
537 533 624 565 viros
643 530 747 576 fortes
764 530 848 576 longe
863 529 970 570 aliter,
996 536 1049 562 at-

376 590 435 629 que
461 592 483 614 a
515 591 560 614 me
592 578 678 614 ditia
707 587 809 621 erant,
846 577 1022 613 detulerunt
1037 591 1047 611 .-

376 630 456 665 hora
473 640 566 670 nona,
592 628 643 663 illo
670 628 731 674 ipso
759 627 823 669 die,
848 635 884 662 tu
908 639 938 662 es
953 627 1049 672 adop-

377 686 475 713 tatus.
525 677 624 712 Hinc
655 676 840 712 Suetonius
875 676 908 710 in
939 676 1050 721 Julio,

376 738 454 774 cap.
475 738 531 762 20.
582 726 728 760 Cicerone
743 724 907 771 injudicio
923 724 1051 771 quodam

376 775 557 821 deplorante
573 774 884 821 temporumstatum‚
913 773 952 808 P.
981 773 1050 808 Clo-

377 823 462 858 dium
488 825 644 858 inimicum
671 825 747 870 ejus,
764 822 893 866 frustra
905 823 1047 868 jampri-

377 871 444 907 dem
471 885 491 906 a
517 872 667 917 patribus
704 871 749 906 ad
770 872 887 917 plebem
915 871 1050 914 tranfire

377 925 538 963 nitentem,
577 922 677 955 codem
710 920 759 954 die
795 921 931 968 horaque
967 931 1049 954 nona

377 970 535 1005 traduxit.

429 1018 582 1053 Transiit
600 1017 746 1054 Clodius
771 1017 814 1052 ad
832 1017 972 1064 plebem
991 1017 1049 1052 ad-

379 1068 533 1114 optione,
577 1078 659 1115 quae
699 1067 871 1113 arrogatio
909 1066 1048 1101 dicitur.

379 1117 582 1164 Adoptatus
635 1114 705 1150 fuit
747 1127 766 1149 a
807 1117 848 1150 P.
891 1115 1048 1150 Fonteio.

380 1165 512 1199 Contra
541 1176 647 1212 quarn
675 1163 896 1211 adoptionem
927 1163 1050 1198 Cicero

373 1224 436 1259 Jro
453 1214 553 1249 Domo
559 1213 622 1257 fita
639 1213 801 1260 disputat.
853 1212 908 1247 De
931 1212 1050 1246 eadem

379 1265 521 1297 Sueton.
554 1262 588 1297 in
620 1261 779 1303 Tiberio,
811 1272 889 1308 cap.
920 1272 953 1295 2.
1006 1261 1049 1296 P.

379 1311 507 1346 Clodius
529 1310 567 1345 ob
592 1310 796 1356 expellendum
825 1310 903 1344 urbe
929 1311 1050 1344 Cicero-

379 1371 449 1394 nem
460 1358 579 1405 plebeio
594 1359 711 1393 homini
733 1366 826 1405 atque
850 1359 945 1393 etiam
972 1365 1051 1392 natu

379 1410 494 1443 minori
521 1411 554 1443 in
583 1408 774 1454 adoptionem
795 1407 831 1453 se
862 1406 958 1441 dedit.
1010 1406 1051 1441 In

381 1456 444 1492 hac
462 1456 648 1504 adoptione
665 1456 781 1491 Caesar
801 1458 911 1502 legem
928 1454 1050 1490 Curia-

380 1514 453 1541 tam
487 1507 580 1549 tulit,
619 1505 808 1553 Pompeius
835 1504 869 1538 in
900 1503 1052 1550 auspicio

380 1552 462 1596 fuit,
488 1555 570 1600 epist.
591 1565 622 1600 7.
650 1563 680 1589 et
705 1566 758 1589 12.
786 1553 841 1588 lib.
859 1554 904 1588 11.
923 1553 1050 1588 adAtt.

381 1603 418 1638 de
435 1602 576 1649 Harusp.
596 1604 689 1649 Resp.
708 1612 776 1649 cap.
798 1614 815 1637 2
823 1613 856 1648 3.
908 1601 1053 1636 Tullius

383 1651 495 1687 mense
510 1652 628 1700 Aprili
644 1663 679 1687 et
698 1651 795 1686 Maio
817 1661 913 1686 extra
930 1651 1052 1685 urbem

382 1700 497 1743 Antii,
534 1700 568 1735 in
604 1700 829 1748 Pompeiano,
867 1699 1054 1735 Formiano

382 1759 416 1793 et
434 1749 597 1796 Arpinati
620 1749 653 1784 in
671 1750 775 1784 literis
795 1749 904 1783 vixit:
935 1747 1053 1796 ibique

382 1798 466 1844 epist.
496 1806 613 1846 quarta
640 1808 670 1834 et
690 1800 774 1846 fi'qq.
804 1799 894 1844 ul'que
920 1797 964 1832 ad
997 1800 1051 1832 18.

383 1847 437 1883 lib.
464 1847 508 1882 ΙΙ.
537 1847 580 1882 ad
598 1848 759 1882 Atticum
777 1847 878 1881 misit.

433 1895 558 1931 Attico
578 1896 701 1931 deinde
728 1897 762 1931 in
791 1896 941 1943 Epirum
970 1905 1051 1941 pro-

383 1943 488 1988 fecto,
523 1945 647 1980 Cicero
677 1945 707 1980 se
736 1946 887 1980 Romam
915 1943 1054 1990 recepit,

383 2004 418 2029 et
434 2005 485 2036 ea,
511 2005 594 2041 quae
618 1994 651 2029 in
670 1993 887 2041 sequentibus
904 1992 1054 2039 epistolis

385 2043 560 2090 leguntur,
607 2043 649 2078 ad
701 2042 862 2078 Atticum
913 2040 1052 2087 scripsit.

387 2091 546 2127 Consiliis
580 2092 732 2139 publicis
767 2091 884 2133 nullis,
927 2099 966 2124 ut
1006 2088 1054 2124 est

387 2141 467 2185 eprst.
504 2152 562 2187 23.
601 2141 770 2183 intererat,
809 2149 994 2186 totumque
1024 2139 1054 2173 se

388 2188 431 2223 ad
461 2187 624 2224 forensem
663 2201 802 2237 operam
833 2189 1056 2234 laboremque

387 2236 590 2272 contulerat.

438 2285 538 2319 Tum
556 2287 603 2320 A.
622 2286 797 2321 Thermus
820 2285 871 2320 bis
890 2285 1057 2320 Cicerone

388 2332 592 2369 defendente
607 2334 782 2370 absolutus
799 2335 858 2378 est,
879 2344 939 2380 pro
962 2334 1055 2369 Flac-

389 2395 434 2423 co,
461 2391 528 2428 cap.
551 2394 607 2429 39.
651 2383 749 2418 Tum
767 2395 910 2430 quoque
926 2383 970 2418 L.
989 2383 1056 2417 Va·

391 2430 494 2466 lerius
523 2431 683 2474 flaccus,
722 2433 784 2478 qui
820 2444 862 2466 ex
892 2442 1057 2479 praetura,

390 2492 499 2528 quam
534 2480 696 2516 Cicerone
733 2480 871 2516 consule
904 2481 1057 2527 gelferat,

1691 261 1769 303 295

1098 336 1218 371 Asiam
1248 338 1463 383 provinciam
1503 340 1714 385 obtinuerat,
1751 356 1770 379 a

1099 385 1147 419 D.
1182 386 1297 421 Laelio
1332 389 1599 435 repetundarum
1635 392 1768 427 accusa-

1100 444 1170 474 tus,
1195 445 1215 467 a
1239 435 1294 482 Q
1320 436 1510 473 Hortensio
1530 448 1564 473 et
1592 440 1648 475 M.
1668 441 1768 476 Cice-

1099 493 1181 516 rone
1207 481 1363 518 defensus
1389 485 1448 520 est.
1499 487 1676 523 Ciceronis
1694 501 1768 524 ora-

1099 530 1149 565 tio
1176 540 1293 565 extat:
1328 532 1371 566 de
1395 533 1573 570 Hortensii
1604 535 1769 572 defensio-

1101 591 1142 614 ne
1159 578 1239 614 vide
1255 581 1337 625 epist.
1364 581 1424 616 ult.
1443 582 1496 617 lib.
1518 583 1562 617 ΙΙ.
1581 585 1626 618 ad
1641 589 1740 622 Attic.

1150 627 1234 663 Hoc
1261 641 1352 664 anno
1379 631 1418 664 P.
1443 630 1616 675 Vatinius,
1643 633 1704 680 qui
1736 635 1770 670 in

1101 677 1225 711 Dionis
1254 677 1350 712 libris
1379 683 1519 719 new&
1546 681 1666 717 Ἀτίηοε
1701 695 1771 718 non

1101 726 1170 760 sine
1203 727 1330 761 mendo
1363 727 1574 771 nominatur,
1611 730 1773 767 tribunus

1102 773 1213 822 plebis
1231 775 1358 810 Caesari
1389 775 1520 811 consuli
1552 777 1585 812 in
1613 780 1709 814 omni
1738 792 1774 815 re

1099 823 1282 858 obsecutus
1299 823 1360 866 est,
1385 836 1494 872 eaque
1517 827 1626 872 gestit,
1653 839 1735 874 quae
1753 840 1773 863 a

1100 871 1266 906 Cicerone
1284 872 1319 907 in
1336 873 1602 920 interrogatione
1627 877 1660 910 in
1676 878 1772 912 Vati-

1099 922 1183 955 nium
1201 920 1507 967 reprehenduntur.

1149 969 1248 1016 Lege
1277 970 1417 1004 Vatinia
1454 971 1581 1006 Caesari
1620 973 1700 1008 data
1738 975 1772 1009 in

1100 1017 1379 1064 quinquennium
1403 1017 1473 1054 fuit
1498 1020 1614 1055 Gallia
1636 1022 1772 1059 citerior

1100 1078 1181 1100 cum
1200 1067 1352 1113 Illyrico,
1383 1077 1417 1102 et
1434 1068 1545 1103 tribus
1563 1069 1771 1117 legionibus,

1099 1114 1230 1161 quibus
1265 1116 1410 1150 Senatus
1444 1117 1596 1152 Galliam
1632 1121 1770 1155 ulterio-

1100 1175 1171 1198 rem
1189 1175 1270 1198 cum
1288 1164 1353 1198 alia
1371 1164 1505 1212 legione
1521 1165 1656 1213 adjecit.
1692 1170 1772 1212 Dio,

1100 1211 1154 1246 lib.
1174 1212 1387 1247 XXXVIII.
1415 1214 1626 1257 Plutarchus,
1646 1217 1769 1252 Sueton.

1101 1263 1134 1295 in
1151 1261 1224 1306 Jul.
1251 1270 1320 1307 cap.
1342 1273 1400 1297 22.
1419 1271 1451 1296 et
1468 1265 1604 1308 Orfius,
1630 1265 1686 1300 lib.
1706 1266 1769 1301 Vl.

1100 1319 1167 1356 cap.
1192 1321 1224 1354 7.

1151 1358 1192 1392 In
1222 1357 1288 1393 hoc
1319 1358 1463 1406 imperio
1490 1360 1606 1396 Caesar
1633 1362 1772 1397 Cicero-

1101 1418 1179 1441 nem
1196 1406 1259 1441 fibi
1277 1407 1430 1454 legatum
1448 1408 1513 1443 esse
1530 1409 1680 1453 volebat,
1708 1412 1771 1447 lib.

1101 1455 1147 1490 11.
1167 1455 1211 1489 ad
1234 1457 1312 1491 Att.
1339 1468 1394 1503 ep.
1417 1469 1470 1504 19.
1497 1467 1532 1492 et
1554 1470 1609 1503 ep.
1634 1462 1687 1494 18.
1742 1461 1777 1495 A

1101 1504 1234 1551 Caesare,
1262 1504 1389 1552 inquit,
1414 1505 1510 1540 valde
1535 1507 1707 1542 liberaliter
1723 1511 1773 1543 in-

1100 1554 1187 1587 vitor
1212 1555 1245 1588 in
1269 1553 1450 1600 legationem
1471 1555 1572 1598 illam,
1590 1557 1654 1602 fibi
1669 1565 1704 1591 ut
1710 1557 1775 1601 sim

1101 1601 1234 1648 legatus.
1287 1603 1336 1638 Et
1376 1603 1420 1638 de
1447 1604 1640 1640 Provinciis
1669 1606 1771 1642 Cons.

1102 1663 1178 1698 cap.
1204 1663 1258 1697 17.
1310 1654 1384 1695 Me,
1411 1660 1447 1686 ut
1461 1653 1527 1696 fibi
1541 1653 1623 1699 effem
1640 1653 1773 1701 legatus,

1102 1712 1162 1734 non
1183 1700 1283 1746 solum
1305 1701 1417 1747 suastt,
1455 1713 1569 1736 verum
1598 1705 1692 1738 etiam
1722 1716 1772 1738 ro-

1096 1750 1209 1795 gavit.

1152 1797 1283 1832 Consul
1311 1798 1426 1833 Caesar
1451 1799 1542 1846 leges
1572 1800 1699 1834 multas
1716 1810 1772 1836 tu-

1103 1845 1154 1887 lit,
1181 1858 1263 1892 quae
1293 1847 1337 1881 ab
1368 1848 1440 1895 ipso
1469 1848 1577 1893 Juliae
1606 1848 1683 1883 sunt
1713 1861 1773 1897 ap-

1102 1895 1251 1941 pellatae.
1316 1897 1372 1930 De
1417 1898 1548 1943 quibus
1590 1897 1674 1939 Dio,
1716 1898 1772 1934 lib.

1105 1943 1318 1979 XXXVlII.
1344 1955 1379 1980 et
1405 1945 1528 1980 Cicero
1552 1946 1595 1980 de
1619 1946 1772 1994 Harusp.

1105 1991 1208 2039 Resp.
1235 2004 1310 2040 cap.
1332 2005 1388 2041 23.
1441 1994 1474 2028 T
1470 2007 1520 2029 um
1545 1993 1623 2040 leges
1651 1995 1774 2041 Julius,

1102 2048 1212 2075 contra
1241 2043 1379 2088 auspicia
1409 2042 1505 2086 latos,
1544 2051 1574 2078 et
1603 2043 1653 2079 hic
1681 2053 1710 2079 et
1740 2047 1774 2080 in

1102 2090 1289 2125 concionibus
1304 2091 1413 2126 dicere.

1154 2139 1258 2174 Tulit
1287 2151 1464 2187 praeterea‚
1493 2150 1532 2176 ut
1561 2153 1639 2187 ager
1668 2141 1773 2176 Cam-

1107 2199 1216 2235 panus
1237 2188 1288 2231 iis,
1314 2190 1376 2236 qui
1406 2199 1518 2224 ternos
1547 2189 1702 2235 pluresve
1733 2190 1773 2224 li-

1108 2237 1206 2272 beros
1235 2237 1410 2279 haberent,
1445 2238 1666 2278 divideretur,
1701 2239 1773 2273 Sue-

1107 2288 1206 2320 tonius
1230 2288 1263 2320 in
1292 2286 1361 2331 Jul.
1387 2296 1454 2332 cap.
1480 2298 1537 2320 20.
1569 2296 1603 2320 et
1629 2286 1774 2329 Velleius,

1106 2333 1160 2369 lib.
1178 2334 1223 2369 11.
1251 2345 1316 2380 cap.
1339 2346 1395 2377 24.
1449 2335 1632 2368 Curatores
1657 2335 1773 2378 etiam,

1106 2381 1168 2429 qui
1212 2394 1311 2429 agros
1352 2382 1555 2424 dividerent,
1599 2383 1775 2419 constituit

1108 2431 1325 2477 vigintiviros
1354 2443 1396 2465 ex
1426 2431 1478 2473 iis,
1514 2431 1574 2478 qui
1605 2432 1775 2478 plurimos

1108 2479 1253 2515 honores
1284 2480 1462 2526 gessissent,
1497 2490 1602 2526 atque
1631 2481 1673 2515 ad
1699 2493 1775 2516 eam
