2241 2994
529 220 607 276 346

530 311 725 348 Oratoribus
751 319 819 358 cap.
844 321 899 354 17.
952 308 1115 355 Intelligo
1144 320 1205 343 au-

532 372 602 398 tern
623 362 703 396 Idus
731 360 917 395 Decembr.
950 358 1116 405 quoniam
1145 357 1204 392 tri-

533 410 662 446 umviri
697 409 846 444 inierunt
880 420 916 443 v.
951 407 1098 442 Kalend.
1133 407 1203 441 De-

533 458 694 500 membris,
722 468 760 492 ut
785 457 832 491 est
864 456 898 492 in
917 456 1031 503 lapide
1054 455 1204 490 Colotia-

533 519 589 543 no.
642 506 741 541 Vixit
784 506 891 553 igitur
932 505 1056 540 Cicero
1098 515 1204 538 annos

533 567 646 592 Lxm.
667 554 794 591 menses
813 566 867 589 xi.
895 554 966 589 dies
983 566 1020 588 v.
1051 552 1120 587 five
1146 564 1204 586 an-

532 617 597 641 nos
616 617 714 639 cxxv.
735 604 849 638 minus
867 614 972 638 xxvi.
991 601 1126 636 diebus.

583 654 692 689 Nunc
706 652 748 687 ad
760 663 953 687 extremum
967 650 1054 685 illud
1068 649 1206 691 addam,

533 702 632 750 quod
662 701 856 737 Defiderius
874 699 1122 746 Lignamineus
1140 698 1204 732 Pa-

533 751 673 787 tavinus
697 759 774 785 ante
795 760 901 783 annos
925 748 1069 783 sedecim
1090 745 1206 781 divul-

534 799 642 847 gavit.
663 800 755 834 Cum
768 809 857 832 anno
869 795 996 832 Christi
1009 808 1052 831 M.
1063 807 1205 830 o.xi.xv.

535 848 682 883 Kalend.
713 847 881 882 Decemb.
910 845 1070 892 Angelus
1101 845 1205 890 Apu-

533 897 590 932 lus
622 895 792 931 Minorita
819 895 853 930 in
884 893 1068 941 Zacyntho
1098 892 1206 927 insula

534 946 762 986 Venetorum,
801 955 884 991 quae
917 943 950 978 in
986 941 1070 977 mari
1104 941 1205 976 Ionio

532 994 645 1041 Epiro
672 992 814 1039 adjacet,
840 991 934 1039 apud
964 990 1125 1026 sacellum
1153 990 1201 1025 D.

533 1042 662 1078 Mariae
688 1041 870 1083 Gratiosae‚
896 1052 965 1075 non
993 1040 1096 1086 longe
1117 1050 1136 1072 a
1162 1038 1203 1073 li-

534 1101 608 1126 tore
641 1091 756 1130 maris,
793 1088 947 1124 coenobii
981 1087 1206 1123 fundamenta

534 1150 660 1186 ageret,
686 1137 907 1186 sepulchrum
934 1136 1207 1184 antiquissimum

536 1188 659 1235 reperit
687 1199 769 1222 cum
800 1187 862 1221 hac
889 1185 1130 1233 inscriptione:
1161 1197 1204 1221 M.

534 1248 645 1272 <rum
665 1247 806 1272 cim-:Ro
825 1247 941 1271 anve.
978 1246 1025 1269 ET
1045 1245 1096 1269 ‘tv
1116 1245 1205 1269 τεν-

842 215 910 256 Μ.
968 215 1024 255 Τ.
1085 209 1623 253 CICERONIS

1257 320 1322 342 τιΑ
1341 316 1534 342 manum.
1564 306 1602 341 In
1613 303 1733 341 eodem
1745 303 1926 352 sepulchro

1256 357 1406 391 inventae
1440 354 1518 391 sunt
1547 355 1628 390 duae
1663 366 1759 389 urnae
1792 354 1924 395 vitreae,

1255 415 1324 440 una
1350 402 1459 451 major
1488 404 1655 444 cinerum,
1682 404 1786 438 altera
1812 402 1925 438 minor

1255 454 1498 500 lacrymarum,
1525 463 1566 488 ut
1594 453 1730 488 volunt.
1782 452 1824 487 In
1853 463 1924 487 ma-

1248 501 1335 549 joris
1353 501 1464 537 fundo
1491 512 1563 536 erat
1579 501 1672 537 vitro
1697 500 1923 549 inscriptum:

1254 552 1338 585 Avi:
1359 551 1466 584 MAR.
1486 550 1582 584 Tm..
1618 550 1703 585 Hoc
1721 561 1926 585 monumen-

1254 609 1331 634 tum
1350 598 1398 634 ibi
1416 598 1450 633 in
1467 598 1611 633 sacrario
1635 598 1756 645 templi
1774 598 1926 634 adserva-

1255 658 1325 690 tur,
1351 657 1386 682 et
1403 647 1580 682 Ciceronis
1604 647 1707 682 nostri
1733 647 1798 682 effe
1824 656 1926 695 puta·

1256 705 1323 731 tur.
1367 696 1501 731 Verum
1531 695 1566 730 in
1596 694 1794 743 hujusmodi
1823 696 1926 731 rebus

1256 745 1340 780 mihi
1367 744 1568 792 Epicharmi
1597 744 1803 780 cantilenam
1831 744 1927 780 illam

1255 796 1379 839 μέμνασο
1396 796 1509 833 ἀσκεῖν
1531 798 1694 839 (memento
1708 805 1766 829 non
1784 792 1925 837 credere)

1257 843 1299 878 ad
1318 854 1434 878 aurem
1452 852 1638 889 utramque
1663 841 1857 878 insusurrari
1874 841 1926 877 fa-

1252 892 1320 926 cile
1361 891 1497 939 patior:
1540 903 1623 926 cum
1665 890 1853 938 praesertim
1891 890 1926 926 in

1255 940 1447 988 Epitaphio
1463 940 1630 987 quodam,
1657 940 1756 987 quod
1783 940 1817 974 in
1836 939 1927 975 libro

1254 988 1488 1035 manuscripto
1529 988 1687 1024 adino-ror
1725 988 1828 1032 (nullo
1868 987 1927 1023 ad-

1244 1037 1367 1083 scripto
1392 1038 1536 1079 aublore)
1559 1035 1751 1083 subjicitur,
1776 1037 1930 1084 Arpina-

1257 1096 1326 1121 tem
1344 1086 1548 1121 Ciceronem
1565 1085 1680 1133 lapide
1704 1094 1800 1120 extra
1829 1085 1929 1121 Caie-

1256 1143 1327 1170 tam
1342 1134 1464 1170 servari
1483 1133 1680 1176 inveniam;
1706 1145 1812 1181 quem
1838 1133 1927 1182 Lig-

1257 1183 1434 1218 namineus
1451 1195 1471 1218 a
1487 1182 1589 1218 servis
1605 1193 1808 1224 crematum,
1832 1193 1868 1218 et
1891 1184 1926 1219 in

1257 1233 1480 1281 Zacynthum
1497 1232 1652 1269 delatum
1667 1231 1767 1269 fuiffe
1783 1241 1896 1281 putat.
