2335 3009
704 239 1446 283 CONSULATUS.

375 339 428 383 sit,
455 337 789 392 praetermittendum
807 349 876 374 non
893 337 1042 374 videtur.

375 388 534 430 Fraudis,
559 397 664 434 atque
681 386 892 430 infidiarum,
916 396 950 421 et
966 398 1043 434 per

373 437 481 479 fidiae,
507 436 608 484 plena
626 435 703 470 sunt
718 435 845 470 omnia.
896 436 980 470 Non
995 435 1044 470 est

373 483 478 530 hujus
517 484 681 532 temporis
711 495 877 532 perpetua
907 484 965 518 illa
1000 484 1044 519 de

373 533 442 568 hoc
459 545 579 580 genere
605 533 805 580 disputatio,
832 532 964 586 quibus
993 545 1044 567 re-

375 581 442 616 bus
461 581 650 617 benevolus
667 591 701 616 et
724 581 901 617 simulator
918 580 1044 628 dijudi-

374 630 445 665 cari
463 632 587 677 poffit:
615 639 752 665 tantum
773 630 821 666 est
840 629 944 677 hujus
961 641 1045 666 tem-

374 679 483 726 poris,
502 679 695 714 admonere.
738 680 881 714 Summa
901 689 961 714 tua
977 679 1045 714 vir-

374 737 432 762 tus
461 727 596 763 eosdem
625 727 793 770 homines,
826 738 861 763 et
889 728 1047 763 fimulare

375 775 441 810 tibi
474 776 506 811 se
537 777 603 812 effe
642 777 784 819 amicos,
826 786 860 811 et
894 776 1046 813 invidere

373 824 500 872 coegit.
565 825 807 873 Qamobrem
849 827 1047 874 Ἐπιχαςμέἕον

376 873 465 909 illud
482 883 619 909 teneto:
647 886 759 910 nervos
774 882 868 922 atque
883 882 977 909 artus
993 874 1047 921 ff

368 922 548 969 fhffienstae,
587 935 647 958 non
676 931 787 958 temere
816 922 947 958 credere.
997 924 1047 959 Et

376 983 459 1006 cum
501 982 642 1008 tuorum
695 974 886 1008 amicorum
935 972 1047 1008 studia

376 1019 604 1063 constitueris,
638 1031 714 1056 tum
743 1021 846 1056 etiam
875 1021 1045 1057 obtrecta-

376 1078 494 1104 torum
517 1079 621 1117 atque
647 1069 915 1105 adversariorum
943 1069 1045 1105 ratio-

377 1129 435 1152 nes
466 1127 501 1153 et
532 1130 655 1165 genera
687 1118 896 1166 cognoscito.
950 1119 1044 1154 Haec

376 1166 441 1201 tria
458 1166 554 1202 sunt:
575 1178 684 1202 unum
702 1179 745 1202 ex
766 1167 818 1210 iis,
837 1179 925 1214 quos
944 1167 1045 1202 laesis-

376 1215 426 1257 ti,
462 1215 620 1258 alterum,
660 1216 723 1263 qui
752 1215 820 1250 sine
850 1215 948 1251 causa
974 1229 1043 1251 non

376 1273 516 1306 amant,
556 1264 708 1319 tertium,
747 1264 809 1311 qui
839 1265 1044 1312 competito-

377 1324 455 1347 rum
475 1312 573 1348 valde
590 1313 691 1348 amici
708 1312 796 1347 sunt.
825 1314 929 1359 Qos
948 1313 1045 1348 laefis-

376 1361 415 1403 ti,
435 1372 514 1396 cum
534 1371 653 1397 contra
669 1374 725 1397 eos
743 1374 808 1409 pro
826 1361 937 1396 amico
955 1362 1045 1396 dice-

376 1422 441 1452 res,
468 1410 520 1445 his
548 1420 582 1445 te
607 1420 770 1458 purgato
782 1410 1046 1458 plane;nece1-

374 1459 538 1494 fitudines
565 1469 857 1500 commemorato·,
892 1459 927 1494 in
952 1459 1046 1507 spem

372 1507 563 1550 adducit03
591 1518 624 1543 te
638 1507 674 1543 in
690 1519 812 1542 eorum
831 1508 946 1550 rebus,
973 1509 998 1542 si
1016 1508 1046 1543 se

375 1556 411 1591 in
429 1556 614 1592 amicitiam
637 1556 858 1599 contulerint,
886 1557 958 1604 pari
976 1557 1045 1592 stu-

375 1604 435 1640 dio
453 1616 556 1652 atque
573 1605 689 1641 officio
706 1605 879 1648 futurum,
901 1605 1042 1653 sponde-

373 1663 424 1689 to.
467 1654 544 1702 Qi
579 1655 646 1689 fine
679 1653 778 1690 causa
811 1667 880 1690 non
915 1664 1043 1697 amant,

373 1714 433 1737 eos
451 1712 511 1737 aut
525 1703 705 1746 beneficio,
731 1713 790 1738 aut
808 1703 875 1750 spe,
902 1714 961 1739 aut
978 1704 1043 1751 fig-

375 1751 549 1787 nificando
576 1763 637 1788 tua
658 1764 740 1798 erga
757 1751 833 1787 illos
851 1752 963 1787 studia
987 1752 1042 1788 fu-

375 1809 466 1843 tura,
501 1801 669 1842 delinit0;
699 1801 783 1835 dans
813 1812 966 1848 operam,
1005 1811 1045 1836 ut

373 1849 419 1884 de
451 1849 512 1884 illa
543 1849 648 1884 animi
680 1849 849 1897 pravitate
882 1850 1044 1885 deducas.

375 1899 540 1946 Qorum
559 1899 719 1934 voluntas
733 1898 797 1933 erit
815 1898 875 1932 abs
893 1909 924 1933 te
939 1911 1044 1946 prop-

373 1955 427 1981 ter
459 1947 728 1995 competitorum
769 1947 934 1982 amicitias
967 1947 1045 1982 alie-

370 1995 462 2050 nior,
490 1995 542 2031 his
568 2007 711 2043 quoque
741 1996 858 2031 eadem
887 1995 1046 2031 inservito

374 2043 519 2087 ratione,
557 2057 627 2092 qua
658 2044 917 2099 superioribus:
955 2055 990 2080 et
1022 2044 1046 2079 fi

374 2093 522 2140 probare
555 2105 697 2141 poteris,
733 2103 766 2128 te
799 2106 834 2128 in
866 2105 924 2129 eos
957 2093 1046 2142 ipsos

376 2142 617 2188 competitores
650 2152 730 2178 tuos
773 2142 941 2178 benevolo
981 2141 1046 2178 effe

374 2189 505 2234 animo,
531 2191 711 2226 ostendito.

426 2239 494 2273 XI.
522 2239 700 2293 Qoniam
719 2239 761 2275 de
777 2238 936 2276 amicitiis
960 2251 1043 2276 con-

375 2285 554 2322 stituendis
571 2287 647 2323 satis
672 2288 805 2324 dictum
830 2289 902 2332 est3
929 2289 1044 2324 dicen-

375 2335 462 2370 dum
479 2335 528 2370 est
553 2336 596 2370 de
623 2336 682 2372 illa
705 2337 809 2372 altera
835 2349 931 2386 parte
958 2337 1044 2392 peti-

375 2383 493 2427 tionis,
536 2396 618 2432 quae
652 2384 686 2420 in
719 2387 881 2434 populari
916 2387 1045 2422 ratione

377 2432 538 2469 versatur.
591 2435 644 2470 Ea
675 2434 839 2470 desiderat
878 2436 1045 2471 Nomen-

377 2493 618 2526 ειΑτιοΝεΜ,
643 2482 920 2526 ΒιΑΝυιτιΛΜ,
940 2484 1044 2520 Assi-

456 2575 527 2616 To
539 2585 593 2614 M.
625 2574 702 2616 ΙΧ.

1685 258 1762 299 233

1095 349 1318 380 nuruum,
1337 338 1664 380 Bemcmwrem,
1682 338 1763 373 Ru-

1094 397 1248 428 ΜοκεΜ,
1299 388 1401 422 Spem
1442 399 1486 423 ix
1532 388 1761 422 Rapunmei.

1093 434 1252 470 Primum
1271 434 1338 477 fac,
1358 436 1392 471 id
1413 436 1511 482 quod
1528 435 1625 478 facis,
1645 445 1685 470 ut
1702 435 1761 470 ho-

1093 483 1201 519 mines
1211 484 1302 519 noris
1317 501 1326 525 ;
1345 484 1507 531 significa,
1522 494 1562 519 ut
1579 494 1761 532 appareat-,

1093 542 1128 567 et
1158 544 1257 580 auge,
1285 542 1324 568 ut
1353 532 1509 580 quotidie
1537 534 1660 568 melius
1689 533 1761 568 fiat.

1094 581 1194 617 Nihil
1220 581 1304 616 mihi
1335 591 1405 616 tam
1434 581 1612 629 populare,
1652 593 1764 628 neque

1095 640 1167 666 tarn
1193 640 1344 677 gratum,
1372 629 1519 666 videtur.
1560 629 1692 665 Deinde
1715 629 1763 672 id,

1096 679 1195 727 quod
1218 689 1340 714 natura
1362 690 1431 714 non
1455 679 1571 721 habes,
1599 677 1736 713 induc
1730 690 1765 713 in

1097 728 1264 770 animum,
1293 728 1338 763 ita
1363 727 1595 763 simulandum
1621 727 1697 768 effe,
1725 736 1765 762 ut

1097 787 1218 812 natura
1229 776 1340 812 facere
1356 777 1502 812 videare.
1544 776 1638 812 Nam
1657 775 1762 811 comi-

1094 835 1146 861 tas
1174 825 1238 860 tibi
1266 837 1334 860 non
1357 824 1460 867 deest,
1483 837 1534 868 ea,
1560 836 1644 872 qua:
1671 825 1764 859 bono

1097 886 1135 909 ac
1163 874 1258 910 suavi
1287 874 1426 909 homine
1455 874 1560 922 digna
1585 873 1643 909 est.
1696 873 1764 908 Sed

1095 935 1186 971 opus
1212 923 1260 958 est
1288 935 1494 970 magnopere
1493 905 1733 957 ε’ΒιΑΝιζνιτιΑ
1749 939 1763 964 ς

1095 984 1192 1019 quae,
1218 971 1347 1007 etiamsi
1375 971 1496 1006 vitiosa
1520 971 1568 1006 est
1592 980 1626 1006 et
1652 970 1764 1025 turpis

1096 1033 1129 1055 m
1147 1031 1272 1056 caetera
1287 1021 1372 1064 vita,
1397 1030 1510 1055 tamen
1536 1020 1570 1055 in
1590 1019 1764 1074 petitione

1094 1070 1142 1104 est
1173 1069 1359 1105 necessaria.
1412 1070 1518 1104 Tunc
1545 1068 1649 1112 enim,
1682 1080 1764 1104 cum

1094 1119 1294 1154 deteriorem
1323 1117 1474 1165 aliquem
1497 1117 1691 1152 assentando
1710 1115 1764 1152 fa-

1095 1167 1154 1210 cit,
1182 1167 1340 1214 improba
1357 1167 1427 1209 est·,
1454 1179 1535 1202 cum
1554 1166 1763 1208 amiciorem,

1092 1228 1163 1251 non
1211 1225 1282 1250 tam
1324 1216 1576 1263 vituperanda:
1625 1214 1764 1262 petitori

1094 1277 1177 1300 vero
1196 1265 1372 1300 neceffaria
1388 1264 1448 1306 est,
1475 1263 1574 1311 cujus
1591 1273 1625 1299 et
1652 1263 1763 1306 frons,

1095 1323 1130 1348 et
1158 1313 1292 1355 vultus,
1330 1323 1365 1348 et
1399 1313 1518 1355 sermo,
1558 1313 1597 1347 ad
1629 1325 1763 1355 eorum,

1096 1362 1323 1410 quoscunque
1351 1361 1547 1396 convenerit
1574 1361 1704 1396 sensum
1731 1372 1766 1396 et

1097 1411 1310 1446 voluntatem
1324 1410 1591 1447 commutandus
1609 1409 1666 1445 est.
1684 1410 1766 1455 Jam

1096 1460 1372 1495 AssmUITA'rJS
1390 1459 1527 1494 nullum
1545 1458 1593 1493 est
1610 1470 1767 1507 praecepa

1097 1517 1202 1549 ωιτν,
1245 1508 1464 1555 verbumque
1502 1507 1614 1555 ipsum
1647 1507 1765 1550 docet,

1096 1570 1178 1605 quae
1196 1570 1246 1592 res
1259 1558 1310 1592 sit.
1345 1556 1486 1592 Prodest
1503 1556 1645 1604 quidem
1663 1556 1763 1592 velie-

1094 1617 1237 1649 menter,
1269 1605 1436 1653 nusquam
1466 1605 1593 1641 deeffe:
1632 1604 1687 1640 sed
1715 1615 1765 1640 ta

1094 1668 1173 1691 men
1208 1655 1262 1690 hic
1297 1654 1432 1689 fructus
1470 1654 1518 1689 est
1552 1654 1763 1696 assiduitatis,

1094 1717 1164 1739 non
1195 1704 1305 1739 solum
1335 1704 1399 1738 esse
1429 1704 1568 1746 Romae,
1596 1713 1699 1751 atque
1729 1703 1764 1738 in

1094 1752 1193 1794 foro,
1184 1770 1191 1777 ·
1212 1752 1267 1787 sed
1285 1751 1410 1787 affidue
1428 1761 1562 1799 petere,
1552 1768 1559 1775 -
1588 1751 1676 1799 saepe
1693 1751 1764 1787 eos-

1094 1801 1172 1836 dem
1201 1801 1398 1856 appellare3
1437 1812 1505 1835 non
1536 1800 1762 1842 committere,

1096 1859 1135 1884 ut
1169 1850 1350 1897 quilquam
1381 1851 1482 1898 possit
1516 1849 1639 1892 dicere,
1677 1849 1763 1896 quid

1095 1896 1168 1945 ejus
1199 1899 1250 1942 sit,
1277 1898 1373 1946 quod
1405 1897 1565 1945 consequi
1595 1899 1712 1946 postis,
1737 1898 1763 1933 Γι

1095 1948 1157 1983 abs
1174 1957 1206 1983 te
1224 1960 1292 1983 non
1311 1947 1350 1983 sit
1368 1956 1540 1994 rogatum,
1557 1956 1591 1982 et
1608 1946 1709 1982 valde
1724 1958 1765 1982 ae

1095 1995 1276 2043 diligenter
1304 2005 1476 2043 rogatum.
1518 1996 1762 2032 ΒΕΝιοΝη-Αε

1096 2055 1210 2080 autem
1228 2046 1294 2080 late
1311 2055 1417 2092 patet,
1441 2054 1476 2079 et
1491 2044 1592 2079 estin
1611 2055 1646 2080 re
1662 2043 1763 2080 farni-

1095 2093 1194 2130 liari:
1221 2105 1304 2142 quae
1324 2105 1526 2149 quanquam
1543 2093 1586 2128 ad
1603 2093 1764 2128 multitu·

1092 2143 1210 2178 dinem
1243 2142 1420 2197 pervenire
1450 2154 1519 2178 non
1548 2142 1681 2189 potest3
1711 2152 1762 2177 ta-

1095 2204 1173 2227 men
1197 2191 1241 2227 ab
1259 2203 1376 2227 amicis
1393 2191 1574 2232 laudatur·‚
1602 2190 1762 2225 multitu-

1091 2240 1165 2275 dini
1179 2251 1276 2288 grata
1285 2240 1354 2276 est:
1372 2239 1442 2275 est
1435 2252 1468 2275 in
1483 2238 1665 2282 conviviis,
1677 2251 1762 2294 quae

1092 2288 1160 2332 fac,
1197 2299 1232 2325 et
1259 2289 1319 2324 abs
1349 2299 1383 2324 te
1411 2298 1446 2323 et
1472 2288 1516 2323 ab
1547 2287 1664 2322 amicis
1691 2287 1761 2323 tuis

1092 2339 1385 2380 concelebrentur,
1420 2346 1454 2373 et
1482 2337 1614 2384 paffim,
1638 2346 1674 2372 et
1702 2336 1762 2372 tri·

1094 2387 1229 2423 butim:
1255 2386 1303 2421 est
1325 2385 1427 2420 etiam
1453 2385 1488 2420 in
1500 2397 1628 2439 opera,
1654 2396 1762 2433 quam

1096 2436 1265 2483 pervulga
1281 2444 1315 2469 et
1333 2433 1562 2470 communica,
1589 2435 1695 2477 Cura,
1722 2445 1762 2470 ut

1095 2483 1209 2521 aditus
1231 2484 1274 2519 ad
1291 2493 1323 2519 te
1340 2482 1453 2518 diurni
1473 2493 1578 2531 atque
1603 2484 1762 2520 nocturni

1364 2575 1463 2629 Gg
