2241 2994
544 201 624 259 378

593 299 688 334 Deos
711 298 787 339 esse,
817 306 851 333 et
874 306 1027 344 quatuor
1048 308 1090 331 ex
1112 295 1213 331 rebus

543 348 661 383 omnia
679 347 842 382 constare.
867 349 905 380 de
922 346 1030 380 Finib.
1052 346 1113 380 1V.
1130 355 1163 389 5.

594 396 795 431 Plurimum
810 405 844 429 et
862 395 966 441 longe
983 395 1119 441 lateque
1136 394 1215 441 plu-

544 445 673 480 rimum
704 444 928 479 tribuendum
959 442 1135 484 honestati,
1162 442 1216 477 sed

545 503 659 528 tamen
682 503 716 528 et
744 493 778 527 in
804 503 960 539 corpore,
987 501 1020 526 et
1041 501 1138 526 extra
1153 492 1217 526 esse

545 543 710 589 quaedam
725 542 828 584 bona,
846 553 928 588 quae
944 552 986 574 ex
1005 541 1109 575 altera
1123 550 1218 587 parte

544 591 714 626 collocata
747 590 880 625 minimi
911 589 1077 624 momenti
1116 588 1218 623 instar

543 639 704 675 habeant.
721 639 758 675 de
771 639 875 675 Finib.
886 640 929 674 11.
940 651 980 676 21
990 666 997 673 .
1009 638 1098 683 Offic.
1108 637 1171 672 ΙΙΙ.
1183 648 1214 683 3.

594 688 682 724 Tria
700 689 874 724 bonorum
891 699 1036 734 genera:
1065 685 1217 720 maxima

544 737 662 779 animi,
699 737 845 772 secunda
875 735 1042 783 corporis,
1076 744 1216 769 externa

543 787 653 821 tertia.
691 786 780 831 ‘Tusa
803 786 845 820 V.
877 797 934 831 30.
970 783 1060 830 Offic.
1085 783 1148 818 111.
1177 782 1216 818 de

543 835 652 871 Finib.
673 834 736 870 111.
761 846 816 879 ¹3·

592 883 759 930 Corporis
771 882 964 918 commodis
976 880 1142 929 compleri
1157 881 1215 916 be-

544 942 634 967 atam
654 932 772 967 vitam.
791 932 827 967 de
844 931 949 967 Finib.
969 931 1032 966 111.
1055 943 1103 976 ¹3·
1136 930 1216 964 Me-

543 981 758 1016 diocritatem
773 981 837 1015 effe
854 980 940 1015 inter
952 980 1098 1014 nimium
1113 989 1146 1014 et
1156 990 1216 1027 pa-

544 1043 631 1065 rum.
660 1029 748 1074 Offic.
771 1032 795 1064 l.
817 1041 875 1074 25.

591 1079 872 1114 Mediocritatem
901 1077 957 1112 vel
983 1075 1215 1124 perturbatio-

543 1140 640 1170 num,
672 1128 726 1162 vel
757 1128 958 1161 morborum
989 1125 1106 1166 animi,
1145 1136 1215 1158 non

541 1177 777 1223 probandam:
813 1187 916 1211 omne
947 1174 1037 1209 enim
1070 1174 1214 1214 malum,

540 1226 644 1260 etiam
655 1226 837 1267 mediocre,
854 1235 1018 1271 magnum
1031 1222 1106 1258 effe.
1125 1221 1214 1269 Tusc.

541 1275 604 1310 111.
626 1286 674 1310 10.

591 1322 790 1358 Perturbari
815 1322 946 1357 animos
973 1321 1099 1355 necesse
1121 1319 1212 1361 efl'e3

541 1371 595 1407 sed
614 1372 849 1407 adhibendum
866 1370 1012 1406 modum
1025 1369 1213 1417 quendam,

540 1433 646 1467 quem
665 1421 757 1456 ultra
772 1419 934 1468 progredi
958 1431 1026 1454 non
1044 1427 1212 1465 oporteat.

540 1470 629 1515 Tusc.
649 1470 710 1505 IV.
731 1481 780 1517 ¹7·

592 1518 872 1554 Perturbationes
890 1529 959 1553 non
981 1516 1092 1551 solum
1116 1524 1214 1550 natu-

544 1568 643 1610 rales,
653 1568 708 1602 sed
721 1567 824 1602 etiam
842 1567 973 1601 utiliter
987 1575 1141 1613 anatura
1155 1565 1213 1599 da-

544 1627 607 1652 tas.
632 1617 714 1651 vide
742 1616 832 1660 Tusc.
853 1616 912 1650 IV.
932 1627 981 1661 ¹9·
1007 1623 1042 1649 et
1061 1613 1213 1660 primum

542 1665 722 1710 Officiorum
739 1665 782 1700 de
800 1664 962 1700 laudibus
985 1661 1215 1705 fortitudinis,

541 1725 575 1750 et
594 1714 792 1751 iracundiae.

691 1823 1064 1860 STOICl.

609 1909 895 1947 TOICORUM
913 1908 1104 1956 disciplina,
1124 1918 1214 1955 quos

545 1976 570 2004 k
633 1961 757 1996 Cicero
775 1959 808 1994 in
819 1958 945 2005 Officiis,
961 1957 1083 2003 ‘I‘uscuL
1101 1956 1138 1991 de
1150 1957 1214 1991 Le-

535 2011 644 2059 gibus,
670 2006 864 2049 paradoxis,
889 2006 926 2041 de
944 2006 1030 2041 Nat.
1050 2007 1149 2041 Deor.
1169 2005 1215 2040 se-

543 2069 646 2095 cutus
663 2058 723 2101 est,
750 2068 902 2104 quorum
919 2055 1068 2102 denique
1087 2054 1120 2089 in
1137 2066 1212 2089 om-

543 2109 646 2145 nibus
661 2107 730 2142 fere
747 2105 843 2140 libris
858 2104 1023 2152 plurimas
1037 2103 1214 2138 sententias

542 2158 669 2193 Latine
686 2156 857 2203 expressit,
884 2165 902 2187 a
921 2155 1042 2189 Zenone
1060 2151 1215 2200 profe-{ta

540 2207 600 2242 est.
646 2206 745 2241 Zeno
761 2204 866 2244 enim,
894 2202 1009 2237 reliCka
1026 2201 1130 2236 veteri
1152 2202 1213 2236 l’e-

542 2255 800 2303 ripateticorum
842 2262 875 2287 et
920 2251 1212 2286 Academicorum

540 2303 733 2352 disciplina,
748 2301 857 2336 multa
873 2300 903 2335 in
920 2299 1134 2347 philosophia
1155 2312 1213 2334 no—

541 2354 660 2388 vavit:
691 2352 746 2386 cui
767 2362 847 2385 mox
869 2350 896 2384 se
918 2349 1083 2384 Arcesilas
1100 2360 1211 2395 oppo-

540 2403 615 2437 suit.
663 2401 735 2435 Alii
760 2401 862 2434 ctiam
890 2400 1085 2433 Stoicorum
1113 2397 1211 2431 disci-

539 2452 670 2499 plinam
684 2449 883 2485 Academia:
897 2447 1017 2483 veteris
1029 2447 1210 2483 correctio-

891 201 997 241 DE
1072 197 1578 240 DOCTRINA

1265 307 1341 330 nem
1351 293 1601 329 existimabant.
1633 293 1664 328 A
1672 291 1832 328 ntiochus
1841 292 1936 328 enim

1265 343 1476 383 Stoicorum,
1500 352 1535 377 et
1548 341 1854 383 Academicorum,
1872 342 1937 389 qui

1266 391 1382 428 Stoica
1409 391 1520 426 multa
1549 391 1774 438 usurpabant,
1812 389 1936 426 sectam

1267 440 1450 476 conciliare
1478 440 1604 481 voluit,
1642 451 1677 475 et
1705 449 1937 486 utrorumque

1267 491 1402 524 decreta
1419 489 1510 524 bona
1527 488 1762 524 conturbavit.
1805 490 1854 525 Et
1875 488 1937 524 Ci-

1265 550 1344 573 cero
1369 537 1429 580 ait,
1455 549 1474 571 a
1491 537 1726 584 Peripateticis
1741 546 1776 572 et
1799 537 1938 572 Acade-

1267 586 1365 621 micis
1380 598 1438 622 eos
1455 585 1573 620 omnia
1587 585 1802 629 transtulisse,
1825 586 1938 621 nomi·

1268 635 1334 670 bus
1360 635 1434 670 aliis
1458 634 1590 669 easdem
1618 646 1668 669 res
1695 633 1840 670 secutos.
1889 635 1939 670 Et

1266 683 1335 719 alio
1347 684 1438 727 loco,
1465 695 1534 719 una
1550 683 1594 718 de
1611 695 1646 719 re
1660 683 1726 718 effe
1742 683 1853 719 solum
1871 683 1939 719 dis-

1265 732 1448 768 sensionem
1465 749 1475 774 ;
1514 732 1649 780 quippe
1681 743 1763 767 curn
1801 731 1937 780 antiqui

1263 793 1397 823 omnes,
1432 781 1531 829 quod
1558 780 1748 816 secundum
1778 791 1938 817 naturam

1263 831 1356 874 esset,
1365 829 1648 877 quojuvaremur
1658 829 1692 865 in
1702 830 1788 873 vita,
1801 831 1936 866 bonurn

1264 880 1329 915 esse
1358 878 1584 921 decreverint,
1617 879 1716 914 Zeno
1746 879 1844 922 nihil,
1874 879 1937 915 nisi

1265 929 1363 976 quod
1381 929 1562 964 honestum
1578 928 1670 970 esset,
1684 928 1861 975 putaverit
1874 929 1938 964 bo-

1267 989 1364 1013 num.
1408 977 1483 1012 Alii
1514 988 1583 1012 non
1608 976 1652 1011 de
1681 977 1847 1020 terminis,
1881 977 1939 1012 sed

1267 1026 1310 1061 de
1340 1035 1413 1062 tota
1439 1025 1650 1074 poffeffione,
1679 1026 1938 1062 contentionem

1263 1076 1329 1110 effe
1344 1075 1452 1110 aiunt.
1496 1076 1582 1122 Qa
1598 1073 1642 1109 de
1658 1085 1693 1109 re
1713 1075 1793 1110 vide
1816 1074 1851 1110 in
1867 1076 1937 1111 An—

1264 1124 1375 1160 tiocho.
1420 1122 1616 1158 Doc'tiffimi
1639 1123 1705 1158 viri
1721 1121 1877 1166 fuerunt,
1903 1132 1939 1159 et

1264 1185 1384 1208 omnes
1400 1171 1471 1208 fere
1487 1171 1521 1207 in
1538 1171 1729 1207 differendo
1745 1173 1939 1220 prudentii:-

1266 1222 1364 1257 simi:
1405 1221 1512 1269 idque
1538 1230 1610 1256 arte
1637 1219 1822 1265 faciebant,
1858 1231 1936 1258 turn

1265 1271 1473 1313 definiendo,
1499 1280 1576 1305 tum
1606 1270 1786 1317 partiendo
1809 1270 1937 1306 articu-

1265 1320 1331 1355 late
1346 1329 1380 1354 et
1393 1319 1562 1362 distinete,
1578 1329 1744 1367 erantque
1761 1319 1937 1356 architecti

1264 1381 1351 1416 pene
1384 1367 1583 1403 verborum.
1637 1367 1824 1413 Judicandi
1862 1369 1937 1405 vias

1263 1417 1445 1465 diligenter
1461 1415 1627 1464 persecuti
1644 1417 1742 1458 sunt;
1762 1416 1935 1453 invenien-

1265 1467 1299 1501 di
1319 1476 1432 1501 tamen
1450 1474 1557 1500 artem
1577 1474 1686 1500 totam
1711 1465 1936 1513 reliquerunt.

1266 1515 1402 1550 Subtile
1417 1524 1594 1562 praeterea,
1613 1515 1666 1549 vel
1685 1514 1855 1563 spinosum
1873 1528 1938 1563 po-

1265 1564 1346 1606 tius,
1364 1562 1543 1598 disserendi
1559 1575 1669 1610 genus
1686 1563 1937 1611 sequebantur;

1266 1623 1306 1648 ut
1326 1613 1374 1648 est
1397 1612 1487 1648 libro
1514 1612 1615 1647 tertio
1640 1613 1677 1647 de
1703 1613 1848 1655 Finibus,
1875 1615 1938 1661 qui

1264 1661 1334 1697 fere
1352 1671 1445 1697 totus
1465 1660 1513 1696 est
1530 1661 1564 1695 in
1582 1659 1797 1696 defendenda
1817 1673 1856 1697 ea
1872 1662 1938 1697 dis-

1264 1711 1404 1759 ciplina,
1441 1721 1521 1745 iiam
1554 1710 1761 1746 contortulis
1794 1711 1939 1758 quibus-

1265 1760 1359 1801 dam,
1395 1769 1429 1794 et
1463 1758 1606 1794 minutis
1645 1759 1938 1796 conclusiunculis

1265 1809 1361 1856 quasi
1380 1808 1532 1856 ρυηξὶὶε,
1558 1819 1641 1854 quae
1659 1808 1812 1849 dumeta,
1837 1818 1872 1844 et
1891 1810 1938 1844 la-

1264 1870 1390 1905 queos,
1418 1866 1452 1892 et
1489 1857 1627 1892 aculeos
1663 1857 1938 1905 disputationum

1264 1907 1387 1942 Cicero
1402 1906 1568 1949 nominat,
1577 1918 1680 1941 omne
1693 1917 1937 1954 argumentum

1265 1956 1520 1991 concludebant
1532 1955 1598 1990 hoc
1612 1955 1734 2003 paeto:
1763 1956 1874 2002 Qod
1889 1957 1937 1991 est

1267 2005 1413 2046 bonum,
1434 2016 1537 2039 omne
1555 2003 1728 2039 laudabile
1743 2005 1810 2039 est:
1867 2006 1937 2040 uod

1264 2064 1378 2089 autem
1390 2053 1563 2088 laudabile
1571 2052 1742 2095 est‚omne
1756 2053 1856 2088 honei
1902 2066 1937 2089 m

1263 2103 1328 2137 est:
1360 2103 1492 2138 bonum
1513 2102 1618 2149 igitur
1635 2102 1732 2149 quod
1750 2101 1810 2143 est,
1830 2102 1938 2138 hone·

1265 2151 1421 2187 stum-est.
1442 2151 1490 2186 Et
1501 2161 1613 2185 tamen
1625 2151 1774 2186 maxime
1787 2149 1938 2195 sortist,

1266 2210 1304 2236 ut
1322 2202 1367 2235 ita
1384 2201 1511 2242 dicam,
1538 2199 1628 2234 virili
1645 2201 1774 2234 ratione
1791 2201 1937 2236 uteban-

1265 2259 1321 2285 tur
1334 2259 1438 2296 atque
1452 2249 1623 2283 sententia.
1663 2251 1840 2291 Ceterum,
1854 2250 1939 2295 quia

1264 2298 1335 2333 vim
1355 2298 1493 2333 virtutis
1507 2298 1649 2332 mirifice
1662 2298 1835 2339 tenebant,
1856 2311 1935 2346 pro-

1266 2360 1307 2394 pe
1326 2347 1514 2382 absolutict
1534 2346 1686 2393 perfecti,
1713 2346 1862 2394 denique
1875 2346 1936 2382 soli

1264 2396 1458 2443 philosophi
1479 2395 1626 2442 judicati
1648 2396 1764 2439 essem,
1792 2395 1850 2430 nisi
1877 2408 1935 2432 eo—

1263 2458 1340 2481 rum
1369 2446 1514 2481 licentiae
1539 2446 1730 2481 Carneades
1757 2444 1934 2481 restitisset.
