2335 3009
644 223 738 261 AD
797 222 867 274 Q
914 220 1279 261 FRATREM
1338 223 1473 265 LIB.
1525 227 1558 266 1.
1751 242 1799 284 ις

408 320 602 365 animum,
633 333 784 366 curam,
821 320 1185 374 cogitationemque
1219 330 1343 367 tuam,
1385 336 1506 376 ponas
1542 325 1582 363 in
1617 327 1801 366 omnium

409 387 521 425 laude
541 385 717 438 undique
737 386 974 438 colligenda.
1022 387 1142 439 Qod
1163 388 1189 426 fi
1217 388 1258 426 in
1280 389 1470 428 mediocri
1493 391 1589 429 statu
1613 392 1800 432 sermonis

408 465 451 490 ac
470 451 759 504 praedicationis
780 452 917 491 nostrae
937 466 996 491 res
1016 453 1161 499 effent;
1194 453 1297 492 nihil
1318 455 1385 493 abs
1407 465 1445 494 te
1465 457 1674 504 eximium,
1697 458 1801 499 nihil

406 527 544 570 praeter
564 517 733 556 aliorum
753 517 1096 564 consuetudinem,
1120 518 1405 571 postularetur:
1439 534 1544 559 nunc
1566 536 1656 561 vero
1677 538 1800 578 prop-

406 592 465 621 ter
484 596 617 622 earum
638 597 783 629 rerum,
802 584 842 622 in
864 584 1010 636 quibus
1031 583 1168 622 versati
1190 585 1340 631 sumus,
1359 586 1605 638 splendorem
1626 598 1664 627 et
1686 603 1800 642 mag-

404 649 645 695 nitudinem,
678 650 748 688 nifi
769 650 962 688 summam
984 650 1140 688 laudem
1161 664 1208 689 ex
1229 651 1297 689 ista
1316 653 1520 704 provincia
1548 654 1799 707 assequimur,

404 716 472 754 vix
498 715 679 755 videmur
706 715 900 754 summam
922 716 1252 769 vituperationem
1281 717 1386 770 pofl‘e
1406 719 1541 758 vitare.
1588 720 1645 758 Ea
1675 721 1803 761 nostra

404 783 503 821 ratio
523 783 590 828 est,
623 792 667 821 ut
687 796 824 821 omnes
848 783 940 821 boni
963 796 1056 821 cum
1078 782 1246 829 faveant,
1279 790 1365 822 tum
1386 785 1506 823 etiam
1531 799 1551 823 a
1572 787 1687 825 nobis
1708 801 1799 826 om·-

404 861 495 886 nem
515 848 765 902 diligentiam
786 849 1054 900 virtutemque
1074 859 1113 887 et
1134 849 1332 901 postulent
1352 859 1391 889 et
1411 852 1637 903 expectent:
1661 866 1799 892 omnes

403 922 536 952 autem
557 914 731 967 improbi
749 914 876 967 (quod
892 927 985 952 cum
1001 914 1049 952 iis
1067 914 1218 952 bellum
1235 915 1476 968 suscepimus
1493 916 1798 969 sempiternum)

404 979 466 1017 vel
500 980 668 1018 minima
702 994 741 1018 re
775 980 821 1018 ad
856 979 1222 1033 reprehendendum
1257 982 1436 1020 contenti
1471 982 1543 1020 effe
1578 982 1798 1024 videantur.

406 1045 551 1096 Qare,
583 1046 774 1099 quoniam
793 1046 987 1098 ejusmodi
1009 1045 1207 1085 theatrum
1230 1048 1308 1085 tuis
1329 1047 1545 1086 virtutibus
1566 1047 1619 1086 est
1646 1048 1800 1095 datum,

405 1111 632 1149 celebritate
666 1111 973 1157 refertiffimum,
1009 1112 1285 1164 magnitudine
1318 1113 1617 1166 ampliffimum,
1643 1115 1800 1166 judicio

402 1176 721 1222 eruditiffimum,
754 1187 891 1215 natura
921 1187 1052 1215 autem
1084 1179 1139 1216 ita
1169 1178 1364 1224 resonans,
1397 1188 1442 1216 ut
1472 1179 1594 1231 usque
1626 1180 1799 1219 Romam

403 1242 706 1294 fignificationes
742 1243 933 1294 vocesque
967 1242 1211 1288 referantur;
1251 1244 1459 1289 contende,
1497 1245 1641 1297 quaeso,
1682 1255 1801 1299 atque

403 1307 572 1353 elabora,
599 1321 678 1345 non
700 1307 820 1345 modo
841 1316 884 1345 ut
904 1306 966 1345 his
989 1307 1104 1345 rebus
1125 1307 1270 1360 dignus
1292 1307 1418 1353 fuisse,
1441 1308 1504 1346 sed
1525 1309 1643 1347 etiarn
1667 1320 1710 1348 ut
1731 1311 1800 1350 illa

402 1373 536 1411 omnia
556 1373 635 1412 tuis
655 1373 804 1412 artibus
826 1372 1028 1427 superaffe,
1059 1373 1226 1412 videare.

457 1440 551 1479 XV.
584 1441 638 1478 Et
668 1440 858 1493 quoniam
889 1439 990 1478 mihi
1012 1440 1119 1478 casus
1141 1439 1330 1478 urbanam
1352 1440 1392 1478 in
1415 1440 1706 1492 magistratibus
1727 1442 1796 1480 ad-

402 1506 732 1545 ministrationem
766 1507 1010 1560 reipublicae,
1042 1506 1118 1544 tibi
1152 1506 1452 1559 provincialem,
1485 1507 1621 1552 dedit;
1656 1508 1682 1546 fi
1714 1522 1801 1548 mea

402 1585 487 1625 pars
508 1572 659 1610 nemini
680 1573 800 1618 cedit,
832 1572 894 1611 fac
916 1582 960 1611 ut
988 1582 1054 1610 tua
1084 1580 1243 1610 caeteros
1276 1572 1421 1611 vincat.
1469 1573 1596 1610 Simul
1627 1583 1666 1611 et
1696 1574 1800 1613 illud

401 1638 545 1691 cogita,
578 1651 648 1676 nos
670 1651 749 1676 non
771 1638 818 1676 de
839 1638 991 1691 reliqua
1010 1646 1049 1676 et
1076 1637 1223 1691 sperata
1251 1637 1377 1691 gloria
1400 1638 1483 1690 jam
1514 1638 1702 1685 laborare,
1734 1639 1799 1678 sed

401 1703 448 1742 de
467 1713 576 1756 parta
596 1704 783 1743 dimicare
801 1720 810 1743 ε
834 1718 920 1757 quae
942 1703 1104 1757 quidem
1127 1717 1205 1741 non
1228 1713 1307 1742 tam
1328 1703 1546 1756 expetenda
1566 1704 1680 1743 nobis
1702 1704 1796 1751 fuit,

401 1783 520 1821 quam
541 1770 685 1809 tuenda
704 1770 772 1809 est.
810 1772 870 1809 Ac
893 1771 918 1808 fi
940 1769 1043 1809 mihi
1063 1769 1283 1823 quidquam
1304 1769 1395 1807 esset
1415 1769 1482 1807 abs
1505 1778 1542 1807 te
1562 1769 1795 1822 separatum,

401 1835 503 1874 nihil
525 1837 695 1889 amplius
717 1836 967 1875 defiderarem
990 1835 1067 1874 hoc
1089 1835 1202 1881 statu,
1235 1836 1304 1888 qui
1333 1834 1436 1873 mihi
1460 1836 1544 1888 jam
1569 1845 1702 1888 partus
1724 1837 1793 1876 est.

401 1902 525 1941 Nunc
547 1915 637 1940 vero
658 1915 716 1940 res
742 1902 792 1940 fic
822 1901 897 1939 sese
926 1900 1060 1946 habet,
1092 1910 1151 1946 ut,
1182 1901 1253 1938 nifi
1285 1901 1421 1938 omnia
1452 1908 1519 1938 tua
1549 1899 1649 1938 facta
1680 1910 1798 1953 atque

400 1967 502 2006 dicta
523 1967 661 2006 nostris
684 1968 798 2006 rebus
820 1967 934 2006 istinc
955 1966 1226 2020 respondeant,
1245 1980 1318 2019 ego
1338 1979 1402 2004 me
1422 1966 1520 2004 meis
1543 1967 1660 2004 tantis
1683 1967 1796 2005 labo-

400 2033 509 2073 ribus
531 2034 727 2087 tantisque
747 2033 950 2087 periculis,
981 2046 1153 2086 quorum
1175 2042 1217 2070 tu
1239 2033 1423 2070 omniurn
1444 2033 1639 2084 particeps
1670 2031 1795 2078 fuisti,

400 2097 503 2137 nihil
524 2099 780 2138 consecutum
801 2108 954 2151 putem.
979 2097 1099 2149 Qod
1121 2098 1147 2136 fi
1169 2107 1213 2135 ut
1233 2096 1517 2149 amplifiimum
1534 2109 1678 2135 nomen
1695 2110 1794 2135 con-

400 2163 662 2217 sequeremur,
694 2178 795 2203 unus
817 2174 956 2217 praeter
975 2174 1134 2202 caeteros
1155 2163 1364 2215 adjuvisti;
1397 2172 1501 2200 certe
1526 2162 1647 2207 idem,
1680 2172 1723 2200 ut
1753 2162 1796 2202 id

401 2231 651 2277 retineamus,
683 2240 821 2284 praeter
841 2241 998 2269 caeteros
1021 2230 1252 2268 elaborabis.
1300 2230 1395 2268 Non
1428 2228 1482 2266 est
1514 2229 1587 2265 tibi
1617 2227 1680 2265 his
1703 2228 1793 2266 solis

402 2296 594 2335 utendum
621 2296 977 2336 existimati0nibus
1005 2309 1048 2334 ac
1071 2296 1251 2348 judiciis,
1283 2295 1354 2347 qui
1383 2307 1490 2332 nunc
1520 2293 1624 2338 sunt,
1657 2293 1792 2331 homi-

402 2375 529 2407 num;
562 2363 624 2400 sed
644 2363 692 2402 iis
712 2364 846 2409 etiam,
878 2363 948 2416 qui
977 2362 1104 2400 futuri
1134 2363 1235 2400 fint:
1269 2373 1496 2413 quanquam
1526 2359 1689 2397 illorum
1719 2360 1794 2398 erit

401 2429 528 2467 verius
545 2428 759 2481 judicium,
790 2429 1073 2468 obtrectatione
1093 2438 1132 2467 et
1152 2427 1427 2466 malevolentia
1447 2426 1672 2464 liberatum.
1706 2426 1792 2463 De-

402 2496 520 2548 nique
554 2494 655 2533 illud
689 2495 808 2534 etiam
841 2495 958 2535 debes
993 2495 1179 2549 cogitare,
1222 2508 1301 2534 non
1337 2503 1374 2533 te
1410 2492 1485 2531 tibi
1519 2491 1589 2532 soli
1624 2491 1793 2544 gloriam
