2335 3009
488 234 538 273 26
817 229 1507 271 EPISTOLARUM

487 332 638 372 censeo.
671 334 879 385 Qantum
900 331 1113 370 Hortenfio
1133 328 1374 368 credendum
1395 329 1455 375 fit,
1486 328 1631 369 nesc10.
1675 329 1748 368 Me
1767 329 1878 369 surn-

487 412 552 437 ma
572 399 818 437 fimulatione
837 397 996 442 amoris,
1028 397 1257 449 summaque
1276 395 1492 434 affiduitate
1518 394 1762 448 quotidiana,
1794 396 1878 434 sce-

489 463 711 501 leratiffime
731 462 1088 515 infidiofiffimeque
1109 460 1299 506 tractavit,
1330 460 1514 512 adjuncto
1543 474 1701 514 quoque
1730 462 1848 500 Arrio
1864 479 1877 506 ;

488 542 660 581 quorum
699 541 772 581 ego
815 527 1002 573 consiliis,
1047 526 1257 580 promiffis,
1302 527 1522 579 praeceptis,
1567 526 1790 572 destitutus,
1836 528 1879 565 in

489 593 591 633 hanc
625 594 889 632 calamitatem
918 592 1058 631 incidi.
1104 592 1177 630 Sed
1210 591 1294 631 haec
1328 592 1564 637 occultabis,
1595 605 1643 630 ne
1672 592 1769 645 quid
1804 593 1880 630 ob-

489 659 578 698 fint.
625 659 732 698 Illud
765 669 928 698 caveto:
970 667 1010 697 et
1042 672 1089 697 eo
1121 666 1220 710 puto
1256 670 1323 710 per
1358 657 1627 710 Pomponium
1662 657 1880 696 fovendum

487 725 566 763 tibi
584 725 656 763 effe
676 725 806 778 ipsum
826 724 1100 769 Hortensium,
1132 736 1181 761 ne
1201 723 1269 761 ille
1289 722 1434 768 versus,
1465 724 1534 775 qui
1563 723 1605 761 in
1636 732 1673 761 te
1693 733 1772 762 erat
1793 723 1880 761 col-

486 790 607 836 latus,
637 804 731 829 cum
765 790 993 830 aedilitatem
1026 789 1200 842 petebas,
1232 788 1279 826 de
1313 789 1398 841 lege
1429 789 1606 834 Aurelia,
1638 787 1735 827 falso
1768 789 1877 827 testi-

489 857 627 895 monio
659 855 931 895 confirmetur.
977 854 1097 894 Nihil
1126 854 1234 893 enim
1263 863 1344 892 tam
1375 853 1510 899 timeo,
1541 868 1661 907 quam
1691 868 1754 900 ne,
1786 867 1881 892 cum

489 922 716 975 intelligant
741 921 924 960 homines
953 930 1147 974 quantum
1173 919 1448 959 misericordiae
1475 919 1589 958 nobis
1621 930 1697 958 tuae
1728 933 1879 973 preces,

488 996 529 1027 et
557 996 624 1026 tua
653 987 752 1025 salus
784 987 947 1026 allatura
977 987 1038 1032 fit,
1069 994 1302 1039 oppugnent
1332 994 1369 1023 te
1399 984 1686 1024 vehementius.
1732 985 1879 1023 Messa-

486 1052 569 1091 lam
603 1053 662 1091 tui
695 1052 912 1091 studiosum
945 1051 1018 1090 effe
1051 1051 1246 1089 arbitror:
1293 1050 1531 1102 Pompeium
1565 1051 1684 1089 etiam
1719 1050 1880 1088 fimula-

488 1126 615 1157 torem
642 1126 756 1170 puto.
803 1118 876 1156 Sed
905 1117 989 1156 haec
1019 1117 1173 1155 utinam
1203 1129 1283 1154 non
1313 1116 1536 1168 experiare!
1569 1116 1676 1168 quod
1703 1128 1881 1168 precarer

486 1184 593 1229 deos,
624 1184 695 1222 nifi
725 1196 829 1221 meas
855 1195 988 1236 preces
1015 1182 1149 1220 audire
1174 1180 1380 1220 defiiffent.
1424 1181 1694 1220 Veruntamen
1725 1194 1880 1234 precor,

485 1258 529 1288 ut
561 1248 624 1287 his
658 1247 827 1286 infinitis
862 1247 1001 1286 nostris
1035 1247 1150 1285 malis
1183 1246 1363 1284 contenti
1398 1246 1499 1285 sint:
1539 1247 1581 1285 in
1615 1246 1762 1300 quibus
1797 1260 1879 1285 non

485 1313 606 1353 modo
639 1322 770 1351 tamen
802 1313 952 1351 nullius
983 1311 1083 1350 inest
1113 1311 1265 1365 peccati
1296 1309 1474 1357 infamia,
1507 1311 1571 1350 sed
1602 1312 1733 1350 omnis
1766 1311 1880 1350 dolor

486 1379 554 1425 est,
585 1379 692 1432 quod
724 1378 876 1431 optime
906 1377 1019 1416 factis
1049 1390 1166 1430 poena
1193 1376 1247 1415 est
1267 1377 1440 1415 maxima
1459 1377 1684 1417 constituta.
1732 1377 1879 1417 Filiam

485 1458 614 1485 meam
634 1453 674 1482 et
694 1453 817 1489 tuam,
850 1443 1164 1495 Ciceronemque
1190 1442 1379 1487 nostrum,
1411 1443 1508 1496 quid
1537 1456 1625 1496 ego,
1656 1443 1714 1482 mi
1743 1442 1877 1490 frater,

485 1511 562 1550 tibi
582 1509 892 1549 commendem?
925 1509 1036 1561 Qin
1066 1507 1168 1546 illud
1198 1521 1360 1553 moereo,
1392 1508 1500 1561 quod
1530 1509 1605 1546 tibi
1635 1522 1715 1546 non
1743 1509 1877 1547 mino-

486 1590 569 1616 rem
590 1575 767 1614 dolorem
788 1574 951 1613 illorum
980 1573 1127 1612 orbitas
1157 1573 1284 1619 affert,
1317 1587 1435 1626 quam
1468 1573 1598 1612 mihi:
1631 1573 1709 1619 sed,
1742 1583 1779 1612 te
1811 1574 1877 1612 in-

485 1642 651 1688 columi,
682 1641 770 1679 orbi
791 1653 871 1678 non
890 1649 1020 1678 erunt.
1064 1639 1250 1691 Reliqua,
1282 1639 1336 1677 ita
1355 1638 1456 1677 mihi
1479 1639 1577 1677 salus
1598 1639 1728 1692 aliqua
1747 1639 1878 1685 detur,

485 1707 726 1762 potestasque
760 1706 801 1744 in
836 1705 960 1759 patria
993 1704 1203 1750 moriendi,
1240 1713 1284 1742 ut
1318 1717 1382 1743 me
1415 1705 1596 1756 lacrymae
1631 1718 1711 1743 non
1746 1705 1879 1743 finunt

486 1774 666 1813 scribere.
699 1772 833 1812 Etiam
854 1771 1085 1810 Terentiam
1106 1770 1225 1809 velim
1248 1779 1391 1817 tueare,
1420 1770 1601 1824 mihique
1622 1771 1668 1808 de
1689 1771 1878 1809 omnibus

486 1840 600 1879 rebus
630 1838 828 1878 rescribas.
876 1837 934 1874 Sis
962 1835 1092 1881 fortis,
1124 1836 1253 1889 quoad
1274 1837 1328 1875 rei
1352 1846 1486 1875 natura
1507 1837 1690 1890 patiatur.
1738 1836 1876 1875 Idibus

487 1906 634 1959 Juniis,
666 1901 965 1943 Thefl'alonicae.

798 2105 1067 2145 Mancus
1115 2105 1182 2155 Q
1217 2103 1470 2142 FRATRr
1522 2103 1562 2142 S.

487 2234 559 2274 1V.
584 2232 867 2307 AMABO
899 2242 951 2279 te,
983 2233 1038 2271 mi
1068 2231 1198 2277 frater,
1231 2247 1293 2278 ne,
1326 2233 1350 2271 si
1382 2245 1462 2270 uno
1483 2244 1571 2269 meo
1593 2231 1694 2270 facto
1714 2241 1753 2271 et
1775 2242 1815 2272 tu
1838 2243 1878 2273 et

703 2314 840 2339 omncs
880 2300 958 2338 mci
996 2299 1210 2344 corruistis,
1257 2298 1501 2352 improbitati
1537 2307 1575 2335 ct
1616 2298 1746 2337 scclcri
1788 2314 1878 2340 meo

488 2368 635 2420 potius.
684 2380 803 2419 quam
845 2365 1120 2418 imprudentia?
1160 2365 1415 2417 miserimque,
1468 2363 1643 2415 assignes.
1702 2366 1878 2405 Nullum

486 2434 538 2472 cst
574 2447 705 2472 mcum
738 2441 959 2484 peccatum,
1001 2431 1070 2469 nisi
1106 2431 1212 2483 quod
1250 2431 1295 2468 iis
1331 2430 1493 2474 credidi.
1538 2444 1557 2467 a
1590 2431 1735 2482 quibus
1768 2430 1875 2470 nefas

488 2509 665 2553 putaram
699 2498 770 2537 effe
806 2511 866 2536 mc
901 2496 1046 2550 decipi,
1091 2506 1156 2535 aut
1191 2497 1308 2535 ctiam
1343 2496 1488 2549 quibus
1529 2509 1576 2534 nc
1615 2496 1655 2535 id
1693 2497 1877 2551 expedire
