2335 3009
469 268 516 296 12
811 249 1499 294 EPISTOLARUM

467 355 581 392 rebus
609 351 905 406 cognoscendis,
937 351 977 388 in
1010 349 1242 387 hominibus
1274 348 1477 387 audiendis
1509 347 1854 402 admittendisque,

468 420 666 472 praebere;
698 417 926 470 praeclarum
949 415 1072 467 magis
1093 413 1160 459 est,
1192 427 1311 467 quam
1340 413 1529 452 difficile:
1563 426 1642 452 non
1671 413 1724 452 est
1747 414 1856 451 enim
1900 435 1907 441 ·

468 485 638 537 positum
668 483 708 520 in
730 482 862 520 labore
882 481 1031 532 aliquo,
1062 479 1125 517 sed
1154 479 1193 516 in
1215 478 1382 531 quadam
1404 478 1632 517 inductione
1651 479 1774 517 animi
1794 488 1856 517 at-

468 564 545 602 que
566 549 782 587 voluntate.
829 547 902 585 Illa
932 545 1042 584 causa
1072 545 1375 597 publicanorum
1396 554 1582 596 quantam
1603 544 1857 583 acerbitatem

468 615 601 654 afferat
624 615 751 658 sociis,
783 612 1052 651 intelleximus
1073 624 1121 648 ex
1142 610 1312 655 civibus,
1343 611 1412 662 qui
1446 623 1570 662 nuper
1601 610 1641 647 in
1672 610 1857 662 portoriis

470 681 593 719 Italiae
616 679 816 723 tollendis,
849 690 926 715 non
949 686 1028 714 tam
1049 675 1096 712 de
1117 676 1306 727 portorio,
1336 688 1457 728 quam
1483 675 1530 713 de
1560 674 1764 713 nonnullis
1793 675 1857 712 in-

464 747 581 799 juriis
602 746 855 798 portitorum,
888 742 1164 795 querebantur.
1197 741 1328 791 Qare
1350 754 1427 779 non
1449 741 1603 793 ignoro,
1626 740 1722 793 quid
1744 740 1857 778 sociis

469 811 620 851 accidat
650 812 690 849 in
721 809 874 848 ultimis
905 809 1031 852 terris,
1063 821 1155 845 cum
1185 807 1375 844 audierim
1405 807 1445 845 in
1469 806 1579 844 ltalia
1600 806 1775 859 querelas
1797 806 1858 843 ci-

471 879 597 916 vium.
637 877 718 915 Hic
741 885 776 913 te
798 875 851 912 ita
871 873 1023 918 versari,
1055 883 1099 910 ut
1120 882 1157 910 et
1179 872 1401 925 publicanis
1423 871 1647 917 satisfacias,
1681 871 1858 924 (praeser-

471 945 546 982 tim
567 943 740 996 publicis
761 941 863 979 male
883 939 1115 992 redemptis)
1138 949 1176 977 et
1198 939 1321 977 socios
1343 939 1467 992 perire
1488 952 1566 977 non
1590 938 1701 983 finas,
1719 938 1860 976 divinae

471 1009 673 1062 cujusdam
695 1007 851 1045 virtutis
872 1005 944 1044 effe
964 1005 1133 1050 videtur,
1156 1004 1196 1042 id
1215 1004 1268 1042 est
1290 1013 1379 1042 tuae.
1412 1005 1473 1042 Ac
1494 1005 1670 1056 primurn
1692 1004 1859 1048 Graecis,

472 1074 513 1112 id
534 1073 640 1126 quod
661 1071 948 1111 acerbiffimum
968 1069 1036 1115 est,
1068 1069 1175 1122 quod
1196 1069 1286 1107 sunt
1305 1069 1527 1121 veetigales,
1559 1082 1638 1106 non
1669 1069 1724 1106 ita
1751 1081 1860 1106 acer-

471 1139 569 1178 bnm
591 1139 712 1177 videri
734 1137 877 1182 debet;
910 1145 1114 1189 propterea
1133 1134 1241 1187 quod
1262 1135 1340 1172 fine
1360 1134 1528 1186 imperio
1549 1134 1687 1186 populi
1709 1134 1862 1171 Roma-

470 1206 528 1250 ni,
559 1205 636 1242 suis
657 1203 862 1246 institutis,
893 1215 961 1254 per
980 1201 1017 1239 se
1037 1200 1108 1253 ipfi
1129 1201 1183 1238 ita
1202 1198 1378 1238 fuerunt.
1420 1199 1581 1238 Nomen
1603 1208 1733 1237 autem
1755 1198 1862 1252 pub-

470 1270 591 1309 licani
612 1267 803 1322 aspernari
824 1280 903 1305 non
924 1266 1095 1318 possunt,
1113 1265 1182 1317 qui
1204 1264 1370 1317 pendere
1391 1264 1460 1318 ipsi
1477 1264 1640 1316 vectigal
1662 1264 1740 1302 sine
1755 1264 1862 1317 pub-

471 1336 602 1374 licano
635 1347 713 1372 non
745 1340 975 1385 potuerunt,
1007 1329 1114 1383 quod
1146 1330 1194 1368 iis
1229 1330 1429 1383 aequaliter
1461 1329 1565 1381 Sylla
1596 1328 1860 1382 descripserat.

473 1402 570 1441 Non
605 1399 677 1438 esse
711 1408 842 1437 autem
876 1397 1042 1435 leniores
1078 1396 1119 1434 in
1154 1395 1357 1449 exigendis
1392 1395 1648 1448 vestigalibus
1684 1397 1862 1442 Graecos,

474 1481 595 1520 quam
625 1465 772 1504 nostros
804 1463 1052 1517 publicanos,
1083 1461 1178 1500 hinc
1209 1461 1381 1514 intelligi
1408 1461 1548 1514 potest,
1579 1461 1686 1514 quod
1719 1462 1865 1500 Caunii

476 1546 614 1586 nuper,
645 1530 858 1582 omnesque
878 1543 923 1567 ex
946 1529 1098 1574 insulis,
1130 1542 1216 1581 quae
1236 1537 1343 1566 erant
1363 1527 1411 1565 ab
1433 1527 1537 1579 Sylla
1557 1526 1728 1565 Rhodiis
1748 1528 1863 1565 attri-

477 1599 595 1642 butue,
617 1595 883 1648 confugerunt
904 1593 950 1632 ad
972 1594 1163 1638 senatum,
1190 1593 1304 1631 nobis
1326 1602 1369 1631 ut
1391 1593 1522 1645 potius
1543 1592 1722 1644 vectigal,
1745 1605 1866 1645 quam

475 1662 662 1708 Rhodiis,
694 1661 920 1715 penderent.
967 1661 1098 1711 Qare
1126 1672 1269 1697 nomen
1292 1658 1494 1711 publicani
1517 1671 1643 1711 neque
1664 1658 1692 1696 ii
1720 1658 1866 1696 debent

474 1729 644 1773 horrere,
667 1728 736 1781 qui
758 1727 907 1779 semper
927 1725 1132 1778 vectigales
1154 1724 1314 1763 fuerunt
1332 1743 1343 1769 ;
1367 1738 1494 1777 neque
1515 1724 1543 1762 ii
1564 1723 1773 1777 aspernari,
1793 1724 1865 1777 qui

476 1808 542 1847 per
563 1793 598 1831 se
619 1792 785 1846 pendere
806 1791 969 1843 vectigal
991 1804 1069 1828 non
1091 1798 1334 1843 potuerunt;
1366 1803 1494 1842 neque
1521 1789 1549 1827 ii
1577 1789 1763 1835 recusare,
1795 1789 1867 1842 qui

475 1859 781 1912 postulaverunt.
828 1856 952 1895 Simul
974 1865 1012 1894 et
1042 1855 1143 1894 illud
1165 1855 1254 1894 Afia
1273 1855 1436 1907 cogitet,
1469 1854 1620 1892 nullam
1641 1867 1661 1892 a
1682 1855 1717 1893 se
1739 1867 1866 1906 neque

476 1925 572 1963 belli
593 1924 759 1968 externi,
793 1937 918 1975 neque
943 1922 1224 1960 discordiarum
1254 1921 1570 1966 domesticarum,
1601 1920 1867 1959 calamitatem

476 1989 702 2029 abfuturam
722 1988 849 2034 fuiffe,
882 1988 907 2026 si
929 1987 1005 2026 hoc
1027 1988 1194 2040 imperio
1215 2001 1293 2025 non
1316 1996 1526 2025 teneretur.
1567 1986 1612 2025 Id
1633 1995 1764 2024 autem
1785 1986 1865 2024 im-

476 2057 630 2109 perium
651 2069 742 2094 cum
766 2054 922 2093 retineri
944 2053 1021 2091 sine
1042 2053 1296 2104 vectigalibus
1319 2052 1430 2091 nullo
1451 2052 1570 2090 modo
1594 2051 1723 2105 poffit,
1754 2065 1868 2104 :rquo

475 2123 608 2161 animo
630 2131 734 2174 parte
755 2120 884 2173 aliqua
904 2119 1062 2158 suorum
1084 2118 1301 2163 fructuum,
1332 2131 1469 2171 pacem
1491 2117 1562 2156 sibi
1588 2117 1868 2171 sempiternam

477 2187 641 2226 redimat
663 2196 779 2239 atque
799 2187 943 2224 otium.

532 2254 627 2292 XII.
662 2251 780 2304 Qod
804 2251 828 2289 si
849 2265 972 2304 genus
995 2250 1120 2303 ipsum
1143 2260 1181 2288 ct
1211 2263 1353 2289 nomen
1387 2250 1589 2302 publicani
1623 2263 1701 2288 non
1731 2251 1871 2302 iniquo

477 2320 610 2358 animo
630 2318 873 2356 sustinebunt
893 2336 902 2362 ;
937 2327 1121 2370 poterunt
1143 2317 1205 2361 iis,
1223 2316 1387 2354 consilio
1407 2326 1446 2354 et
1468 2316 1674 2369 prudentia
1695 2325 1774 2361 tua,
1807 2329 1868 2354 re-

479 2386 584 2438 liqua
606 2384 727 2422 videri
761 2384 931 2422 mitiora.
980 2383 1139 2421 Poss‘nnt
1166 2384 1204 2420 in
1230 2383 1474 2435 pactionibus
1498 2382 1686 2420 faciendis
1710 2396 1786 2420 non
1810 2382 1869 2420 le-

475 2464 564 2504 gem
591 2450 754 2502 spectare
775 2449 1004 2493 censoriam,
1038 2449 1097 2487 sed
1131 2450 1260 2501 potius
1283 2449 1608 2486 commoditatem
1631 2447 1871 2487 conficiendi

477 2516 641 2568 negotii.
673 2525 709 2553 ct
735 2515 1005 2553 liber-‚itionem
1034 2515 1232 2554 molestiae.
1281 2515 1395 2554 l'otes
1428 2515 1547 2554 ctiam
1582 2525 1622 2554 tu
1657 2513 1695 2554 id
1727 2513 1870 2557 facere,
