2335 3009
614 207 709 246 AD
767 207 835 257 Q
883 205 1249 245 FRATREM
1308 208 1442 249 LIB.
1493 211 1549 250 11.
1726 224 1782 266 47

387 316 645 343 commorere.
692 301 745 346 Si,
786 300 844 338 mi
876 301 1043 352 Qinte‚
1083 315 1199 354 parva
1232 302 1364 356 aliqua
1398 317 1456 343 res
1491 306 1595 352 esset,
1628 308 1667 346 in
1704 323 1781 361 qua

387 370 620 408 sciscitarere
640 366 737 420 quid
758 366 930 412 vellem3
964 375 1109 412 tamen,
1141 381 1235 405 cum
1256 368 1330 407 tibi
1362 371 1614 422 permissurus
1647 374 1777 421 effem,

387 445 432 473 ut
466 433 625 478 faceres,
657 431 765 484 quod
799 431 933 476 velles,
965 445 1038 484 ego
1071 432 1166 485 ipse,
1198 433 1295 486 quid
1330 436 1488 482 vellem,
1520 438 1776 481 ostenderem.

386 501 432 538 In
454 498 527 537 hac
547 511 638 536 vero
659 511 698 535 re
719 496 796 534 hoc
816 495 994 550 profecsto
1023 498 1180 550 quaeriS,
1211 498 1435 551 cujusmodi
1466 503 1583 541 illum
1613 518 1777 553 annum,

384 565 455 618 qui
476 564 666 616 sequitur,
683 565 910 615 expe&em:
933 563 1049 615 plane
1068 573 1134 602 aut
1156 565 1418 617 tranquillum
1439 568 1569 613 nobis,
1587 580 1653 608 aut
1675 583 1780 611 certe

383 630 716 675 munitifiimurn;
740 629 846 682 quod
867 629 1047 682 quotidie
1067 629 1224 676 domus,
1243 632 1350 684 quod
1371 632 1519 680 forum,
1537 636 1645 687 quod
1667 636 1778 677 thea-

383 696 435 734 tri
454 695 757 748 fignificationes
779 694 976 733 declarant
994 711 1003 734 :
1028 709 1099 734 nec
1119 696 1314 743 laborant,
1336 698 1444 750 quod
1465 713 1552 738 mea
1572 702 1778 741 conscien-

380 763 434 801 tia
453 762 658 815 copiarum
678 760 911 806 nostrarum,
934 761 1041 814 quod
1064 762 1239 808 Caesaris‚
1262 764 1369 816 quod
1392 765 1587 818 Pompeii,
1609 770 1777 820 gratiam

382 837 577 867 tenemus.
610 828 710 866 Haec
730 841 809 873 me,
832 837 876 865 ut
896 827 1109 874 confidam,
1141 827 1309 868 faciunt.
1343 831 1410 868 Sin
1432 832 1575 884 aliquis
1597 846 1779 888 erumpet

381 895 548 932 amentis
569 893 745 932 hominis
766 892 890 938 furor,
922 894 1056 932 omnia
1076 894 1166 933 sunt
1186 895 1233 933 ad
1253 909 1345 934 eum
1370 895 1633 950 frangendum
1654 914 1777 954 expe-

380 961 476 1000 dita.
513 961 612 999 Haec
633 961 688 998 ita
708 960 847 1005 sentio,
873 960 1028 1012 judico,
1059 961 1107 999 ad
1129 971 1166 1000 te
1185 962 1387 1015 explorate
1407 964 1534 1002 scribo
1553 980 1562 1003 :
1595 965 1778 1006 dubitare

381 1035 434 1071 te,
465 1039 545 1064 non
565 1025 821 1071 assentatorie,
852 1025 916 1064 sed
935 1025 1120 1073 fraterne,
1150 1037 1255 1067 veto.
1287 1029 1421 1081 Qare
1440 1029 1638 1069 suavitatis
1658 1033 1778 1084 equi-

380 1090 471 1129 dem
493 1090 628 1129 nostrae
652 1089 828 1129 fruendae
857 1091 982 1137 causa,
1013 1105 1200 1145 cuperem
1227 1102 1265 1132 te
1291 1094 1339 1132 ad
1368 1094 1410 1133 id
1440 1104 1596 1149 tempus
1627 1098 1775 1144 venire,

379 1156 486 1209 quod
518 1155 668 1194 dixeras
687 1171 696 1194 ε
729 1155 792 1194 sed
812 1155 914 1194 illud
934 1156 1039 1194 malo
1060 1166 1191 1196 tamen
1212 1159 1319 1211 quod
1338 1169 1468 1211 putas,
1500 1162 1624 1214 magis
1654 1163 1776 1203 etiarn

378 1222 448 1260 illa
470 1222 636 1274 (etenim
656 1222 781 1273 magis
803 1221 950 1259 aestimo
970 1222 1054 1271 me)
1082 1222 1314 1271 ἁμφιλαιφίοιν
1340 1225 1452 1262 illam
1480 1235 1604 1272 tuam,
1635 1237 1674 1266 et
1701 1242 1775 1268 ex-

378 1288 640 1340 pectationem
662 1286 889 1324 debitorum
911 1296 1087 1326 tuorum.
1131 1288 1239 1325 Illud
1260 1290 1423 1341 quidem
1444 1292 1495 1329 fic
1516 1291 1674 1339 habeto,
1707 1296 1774 1333 ni·-

377 1353 437 1392 hil
458 1353 572 1391 nobis
594 1352 804 1405 expeditis,
835 1352 863 1390 fi
884 1352 1118 1398 valebimus,
1150 1352 1234 1392 fore
1254 1353 1510 1396 fortunatius.
1543 1359 1663 1397 Parva
1683 1360 1775 1400 sunt

375 1433 462 1473 quae
483 1418 636 1464 desunt,
669 1418 808 1457 nostris
829 1418 993 1472 quidem
1012 1419 1207 1466 moribus,
1239 1430 1278 1459 et
1307 1435 1351 1460 ea
1379 1422 1469 1461 sunt
1498 1424 1545 1462 ad
1564 1426 1773 1478 explican-

374 1486 472 1524 dum
493 1484 793 1538 expeditissima,
824 1484 947 1523 modo
969 1485 1182 1525 valeamus.
1220 1487 1412 1527 Ambitus
1434 1489 1535 1528 redit
1553 1491 1739 1531 immanis
1758 1509 1770 1533 ε

375 1564 580 1603 nunquam
607 1550 686 1588 fuit
712 1565 795 1603 par.
842 1551 980 1590 Idibus
1003 1552 1258 1604 Qintilibus
1278 1552 1410 1594 foenus
1431 1554 1511 1594 fuit
1533 1557 1700 1597 beffibus
1721 1573 1771 1599 ex

373 1618 531 1662 triente,
562 1617 735 1655 coitione
755 1617 962 1663 Memmii,
993 1632 1113 1671 quam
1135 1632 1228 1657 cum
1249 1620 1434 1660 Domitio
1452 1621 1607 1663 habuit.
1649 1626 1770 1664 Scau-

372 1697 454 1729 rus,
485 1696 612 1721 unum
632 1683 802 1722 vincere.
834 1683 997 1723 Meffala
1017 1684 1168 1724 flaccet.
1207 1685 1302 1724 Non
1324 1686 1414 1726 dico
1433 1685 1674 1737 ὑπερέολικῶςε
1707 1693 1776 1730 vel.

372 1750 467 1789 H-s
488 1750 635 1788 centies
657 1749 904 1789 constituunt
924 1751 965 1789 in
986 1751 1240 1804 praerogativa
1258 1754 1526 1805 pronuntiare.
1560 1755 1639 1794 Res
1661 1758 1771 1798 ardet

371 1815 534 1854 invidia.
573 1816 799 1854 Tribunitii
819 1816 1017 1855 candidati
1037 1817 1409 1869 compromiserunt,
1440 1820 1534 1858 H-S
1555 1822 1769 1877 quingenis

371 1881 414 1920 in
436 1881 608 1934 fingulos
630 1881 734 1934 apud
764 1881 828 1921 Μ.
853 1883 1047 1921 Catonem
1075 1882 1274 1936 depofitis,
1304 1893 1436 1938 petere
1455 1887 1539 1939 ejus
1559 1888 1766 1937 arbitratu,

371 1955 416 1985 ut
435 1947 507 1999 qui
527 1956 664 1985 contra
682 1946 846 1993 fecisset,
877 1948 924 1986 ab
945 1962 992 1987 eo
1012 1948 1354 1990 condemnaretur.
1392 1952 1492 2004 Qae
1512 1953 1673 2005 quidem
1694 1968 1766 1994 co-

372 2013 487 2051 mitia
505 2013 675 2066 gratuita
694 2013 721 2052 fi
742 2013 905 2060 fuerint,
939 2024 983 2053 ut
1002 2024 1207 2068 putantur,
1238 2016 1328 2070 plus
1361 2031 1463 2058 unus
1496 2019 1597 2059 Cato
1627 2018 1773 2068 fuerit,

370 2091 490 2132 quam
511 2092 648 2119 omnes
669 2079 789 2133 lege5‚
819 2081 1035 2135 omnesque
1049 2081 1229 2135 judices.>
