2335 3009
786 183 1392 229 FRAGMENTA.

398 286 516 325 Cedit
544 286 647 326 clara
675 284 792 324 Fides
823 285 1019 336 Cyllenia,
1051 287 1244 339 mergitur
1273 289 1377 328 unda

395 352 640 406 Delphinus,
671 351 786 390 fimul
815 351 1018 404 obtegitur
1047 352 1206 405 depulsa
1236 354 1396 407 Sagitta,

395 419 530 470 Atque
550 418 647 456 Avis
668 417 714 455 ad
735 416 930 455 summam
951 418 1129 464 caudam,
1159 419 1384 473 primasque
1405 425 1551 464 recedit

393 483 554 528 Pinnas,
585 492 624 521 et
644 496 811 535 magnus
831 483 974 535 pariter
995 483 1191 522 delabitur
1210 485 1372 526 Amnis.

392 547 476 586 Hic
497 549 636 600 Equus
657 561 678 586 a
697 549 824 602 capite
844 557 883 586 et
903 548 1022 601 longa
1042 549 1191 588 cervice
1211 550 1388 592 latescit:

392 613 571 666 Longius
593 613 769 652 exoritur
782 614 867 667 jam
887 614 993 653 claro
1013 627 1175 667 corpore
1196 615 1375 669 Serpens,

390 680 629 733 Crateraque
658 689 772 718 tenus
802 680 910 718 lucet
938 681 1172 720 mortalibus
1202 682 1370 734 Hydra:

391 745 490 784 Inde
519 745 636 798 pedes
668 746 787 784 Canis
817 745 986 785 ostendit
1008 747 1094 799 jam
1125 747 1370 800 posteriores,

391 811 446 849 Et
473 812 558 864 post
586 811 667 865 ipse
696 810 819 850 trahit
846 812 963 869 claro⁶
981 826 1075 851 cum
1105 813 1257 852 lumine
1287 814 1491 871 Puppim:

389 876 615 929 Insequitur
643 877 777 916 labens
806 891 877 930 per
904 878 990 917 caeli
1020 879 1173 917 lumina
1201 879 1342 921 Navis.

390 942 445 980 Et
473 956 566 980 cum
590 943 674 995 jam
704 952 790 982 toto
818 943 998 996 proceffit
1027 957 1194 997 corpore
1220 945 1361 999 Virgo,

389 1008 490 1047 Haec
519 1008 696 1047 medium
726 1008 895 1048 ostendit
923 1009 1072 1048 radiato
1100 1009 1231 1063 stipite
1260 1012 1440 1054 Malum.

388 1074 445 1111 At
474 1087 567 1113 cum
596 1074 816 1127 procedunt
844 1074 1011 1113 obscuro
1040 1089 1203 1128 corpore
1234 1077 1385 1125 Chelae,

387 1140 533 1178 Existit
561 1141 705 1194 pariter
732 1141 838 1193 larga
867 1154 960 1179 curn
989 1141 1079 1180 luce
1108 1143 1268 1189 Bootes,

388 1206 515 1258 Cujus
545 1206 586 1244 in
617 1206 773 1244 adverso
801 1206 856 1245 est
885 1208 1077 1246 Arcturus
1108 1221 1271 1261 corpore
1300 1209 1420 1258 fixus,

386 1272 571 1325 Totaque
594 1273 679 1324 jam
709 1272 844 1325 supera
871 1271 1030 1325 fulgens
1060 1274 1282 1325 prolabitur
1310 1277 1437 1329 Argo,

384 1337 603 1390 Hydraque
631 1337 739 1389 quod
768 1337 845 1376 late
874 1338 970 1376 caelo
999 1338 1167 1390 dispersa
1194 1348 1366 1387 tenetur,

384 1402 581 1442 Nondum
601 1412 685 1441 tota
704 1412 825 1456 patet,
857 1416 947 1441 nam
968 1403 1134 1443 caudam
1154 1406 1332 1459 contegit
1352 1407 1508 1449 umbra.

382 1469 633 1522 Anguitenens
662 1479 783 1508 autem
811 1478 992 1508 renovata
1018 1470 1094 1509 luce
1121 1471 1294 1524 refulget.

383 1536 471 1586 Jarn
502 1534 686 1574 dextrum
715 1549 838 1588 genus
869 1544 908 1574 et
937 1535 1160 1575 decoratam
1188 1537 1343 1578 lumine
1372 1539 1501 1580 suram

383 1600 515 1653 Erigit
542 1601 612 1639 ille
640 1614 778 1639 vacans
806 1601 970 1654 vulgato
998 1602 1162 1641 nomine
1191 1604 1341 1649 Nixus,

381 1666 464 1718 Qi
495 1666 605 1705 Fidis
635 1666 837 1705 Arcadicae
866 1666 1018 1721 semper
1046 1668 1218 1707 confinia
1247 1670 1403 1723 tangit:

382 1732 515 1782 Qem
535 1733 648 1770 noete
668 1732 890 1770 extinecum
911 1741 1028 1783 atque
1049 1731 1233 1772 eftortum
1253 1734 1427 1774 vidimus
1448 1749 1539 1785 una,

381 1797 553 1851 Persaepe
582 1807 627 1836 ut
655 1810 821 1850 parvum
851 1807 1006 1836 tranans
1036 1798 1294 1850 geminaverit
1324 1801 1478 1842 orbem.

378 1863 462 1902 Hic
491 1877 614 1917 genus
644 1872 684 1903 et
713 1863 840 1902 suram
869 1876 963 1902 cum
984 1863 1121 1903 Chelis
1151 1865 1269 1918 erigit
1298 1867 1403 1914 alte,

380 1929 465 1982 Ipse
493 1940 627 1969 autem
653 1942 826 1984 praeceps
857 1929 1021 1968 obscura
1048 1932 1162 1969 noete
1191 1941 1362 1979 tenetur,

378 1996 491 2034 Dum
519 1996 637 2050 Nepa
664 2005 704 2035 et
733 1995 968 2034 Arcitenens
998 1996 1167 2036 invisant
1195 1997 1349 2037 lumina
1368 2000 1471 2047 caeli,

375 2061 484 2102 Nam
512 2061 644 2102 secum
674 2061 851 2102 medium
880 2061 1025 2116 pandet
1054 2062 1184 2116 Nepa,
1215 2063 1353 2103 tollere
1381 2078 1475 2106 vero

378 2128 427 2166 In
456 2129 597 2167 caelum
626 2137 759 2167 totum
786 2128 965 2167 exoriens
995 2129 1206 2167 conabitur
1234 2131 1380 2172 Arcus.

379 2193 462 2232 Hie
492 2194 618 2232 tribus
647 2194 771 2233 elatus
801 2208 896 2233 cum
925 2194 1042 2248 fignis
1073 2208 1236 2249 corpore
1265 2205 1351 2236 toto

376 2259 534 2303 Lucet;
565 2268 603 2298 at
631 2260 807 2298 exoritur
835 2260 965 2299 media
993 2260 1040 2299 de
1068 2270 1177 2314 parte
1208 2263 1380 2310 Corona,
1419 2273 1424 2277 ·

378 2323 592 2377 Caudaque
622 2325 810 2364 Centauri
838 2335 1015 2365 extremo
1043 2327 1211 2366 candore
1239 2326 1426 2381 refulget.

378 2390 460 2428 Hic
490 2389 526 2428 se
549 2391 634 2442 jam
664 2399 795 2429 totum
823 2405 942 2430 caecas
973 2393 1112 2444 Equus
1141 2393 1252 2431 abdit
1280 2394 1322 2431 in
1352 2393 1529 2442 umbras,

376 2457 510 2510 Qem
539 2455 658 2495 rutila
685 2454 843 2511 fulgens
871 2457 1010 2511 pluma
1036 2459 1282 2512 praetervolat
1310 2459 1422 2501 Ales.

1712 209 1787 253 133

1704 627 1784 681 635

1697 1613 1777 1667 650

1686 2268 1768 2310 660
