2335 3009
508 208 582 237 122
939 196 1463 236 POEMATUM

507 295 640 345 Qern
661 293 812 332 summa
832 293 879 331 ab
901 280 1058 346 regione
1079 293 1293 345 Aquilonis
1315 293 1472 335 flamina
1492 295 1674 350 pulsant.ยน

506 360 587 398 Hic
609 359 785 398 dextram
806 358 853 397 ad
874 358 976 398 sedes
999 359 1170 398 intendit
1192 360 1415 412 Caffiopeae,

507 424 766 477 Diversosque
787 424 918 477 pedes,
949 424 1099 463 vinetos
1123 424 1308 463 talaribus
1329 427 1446 478 aptis,

508 489 810 528 Pulverulentus
833 491 890 528 uti
912 489 958 529 de
980 499 1078 528 terra
1097 490 1217 542 lapsu'
1239 501 1399 543 repente

507 557 553 594 In
575 556 717 594 caelum
739 556 861 594 vietor
882 569 1071 608 magnum
1093 555 1163 594 sub
1184 556 1360 594 culmine
1381 567 1525 610 portat.

505 623 563 660 At
583 631 742 675 propter
761 621 902 660 laevum
923 634 1046 674 genus
1067 621 1178 660 omni
1200 635 1246 660 ex
1268 631 1374 674 parte
1395 623 1539 663 locatas

506 687 646 726 Parvas
668 687 860 740 Vergilias
883 687 991 725 tenui
1011 700 1104 725 cum
1125 687 1214 725 luce
1234 687 1400 727 videbis.

507 752 584 790 Hae
604 751 751 806 septem
773 752 892 804 vulgo
913 750 1172 805 perhibentur
1192 765 1301 791 more
1322 753 1472 792 vetusto

507 817 651 864 Stenae,
682 827 897 856 cernuntur
918 832 1008 856 vero
1028 818 1092 857 sex
1114 818 1290 872 undique
1310 832 1450 872 parvae.

505 884 562 922 At
582 897 661 922 non
682 883 867 922 interiisse
886 884 1016 936 putari
1036 885 1223 922 convenit
1244 898 1362 923 unam
1381 900 1390 924 :

506 949 580 987 Sed
599 948 738 988 frustra
760 959 903 988 temere
924 964 944 987 a
964 950 1084 1002 vulgo
1105 950 1254 989 ratione
1274 950 1352 988 fine
1373 951 1454 989 ulla

506 1015 663 1067 Septem
684 1015 821 1060 dicier,
853 1023 897 1053 ut
917 1025 1064 1054 veteres
1084 1014 1247 1053 statuere
1268 1016 1414 1061 Poetae,

504 1080 671 1118 AEterno
690 1081 848 1118 cunetas
870 1093 951 1118 aevo
971 1081 1041 1133 qui
1062 1080 1224 1118 nomine
1244 1079 1424 1132 dignant.

505 1145 699 1196 Alcyone,
731 1145 992 1197 Meropeque,
1025 1144 1200 1190 Celaeno,
1232 1146 1502 1198 Taygeteque,

505 1211 674 1257 mensa,
707 1211 961 1264 Steropeque,
993 1210 1108 1249 fimul
1129 1210 1359 1250 sanetiffima
1379 1211 1503 1251 Maia.

505 1277 582 1315 Hae
604 1285 738 1314 tenues
758 1289 876 1328 parvo
896 1276 1072 1314 labentes
1092 1275 1245 1314 lumine
1264 1275 1401 1315 lucent
1418 1291 1428 1315 :

505 1342 561 1380 At
582 1354 772 1393 magnum
795 1354 938 1379 nomen
959 1340 1074 1393 figni,
1104 1341 1335 1394 clarumque
1356 1351 1531 1389 vocatur,

506 1407 715 1460 Propterea
734 1405 841 1459 quod
861 1415 900 1444 et
921 1406 1057 1445 aestatis
1078 1406 1294 1459 primordia
1313 1407 1449 1453 clarat,

506 1473 562 1512 Et
581 1471 665 1525 post
686 1471 854 1524 hyberni
875 1472 1128 1525 praepandens
1150 1473 1338 1526 temporis
1359 1483 1484 1519 ortus,

505 1536 723 1583 Admonet,
747 1546 790 1576 ut
810 1537 998 1577 mandent
1018 1538 1202 1576 mortales
1224 1538 1371 1578 semina
1392 1540 1517 1579 terris.

507 1604 603 1643 Inde
624 1603 740 1642 Fides
761 1603 899 1642 leviter
919 1603 1040 1657 pofita
1060 1614 1098 1642 et
1119 1618 1295 1644 convexa
1316 1605 1485 1651 videtur,

501 1669 727 1708 Mercurius
748 1668 875 1722 parvis
896 1669 1079 1712 manibus
1099 1683 1220 1722 quam
1240 1670 1386 1709 dicitur
1407 1671 1506 1710 olim

504 1737 551 1775 In
572 1735 686 1774 cunis
707 1734 920 1774 fabricatus
942 1736 982 1774 in
1004 1736 1082 1774 alta
1101 1736 1187 1774 sede
1208 1737 1372 1776 locasse:

502 1803 602 1855 Qae
622 1815 746 1855 genus
767 1801 813 1839 ad
833 1801 976 1840 laevum
997 1801 1098 1840 Nixi
1119 1802 1272 1856 delapsa
1291 1803 1445 1848 resedit,

505 1869 639 1921 Atque
660 1869 762 1906 inter
783 1866 929 1906 flexum
949 1881 1072 1920 genus
1094 1877 1132 1906 et
1153 1878 1271 1922 caput
1293 1869 1414 1907 Alitis
1435 1868 1557 1908 haefit.

506 1934 693 1986 Namque
714 1932 766 1970 est
787 1933 881 1971 Ales
902 1934 997 1978 avis,
1028 1934 1108 1972 lato
1129 1934 1200 1972 sub
1221 1935 1396 1987 tegmine
1415 1935 1501 1974 cccli

506 2001 606 2052 Qae
627 2000 746 2044 volat,
778 2008 815 2037 et
837 1999 989 2052 serpens
1010 2000 1180 2051 geminis
1202 1999 1302 2039 secat
1322 2015 1407 2039 acra
1426 2001 1580 2054 pennis.

505 2065 640 2103 Altera
662 2078 746 2117 pars
768 2063 861 2102 huic
883 2064 1046 2103 obscura
1065 2064 1132 2109 est,
1163 2074 1202 2103 et
1223 2065 1388 2104 luminis
1410 2079 1573 2119 expers:

505 2131 642 2169 Altera
663 2144 733 2168 nec
755 2130 896 2183 parvis,
928 2144 999 2169 nec
1021 2131 1134 2169 claris
1157 2131 1314 2170 lucibus
1335 2132 1457 2176 ardet,

505 2197 577 2235 Sed
599 2196 795 2235 mediocre
811 2197 908 2249 jacit
928 2198 1110 2248 quatiens
1131 2211 1150 2235 e
1172 2212 1334 2251 corpore
1355 2199 1506 2237 lumen.

505 2264 603 2302 Haec
625 2263 801 2301 dextram
824 2262 976 2316 Cephei
997 2263 1135 2302 dextro
1158 2263 1252 2316 pede
1275 2264 1417 2317 pellere
1440 2265 1610 2317 palmam

505 2328 632 2366 Gestit
652 2344 660 2366 :
689 2330 771 2380 jam
793 2342 883 2366 vero
903 2329 1047 2368 clinata
1067 2328 1119 2367 est
1142 2329 1289 2381 ungula
1309 2328 1519 2369 vehemens

505 2395 634 2433 Fortis
658 2395 778 2448 Equi,
812 2405 970 2448 propter
990 2396 1149 2448 pennati
1171 2396 1346 2448 corporis
1367 2396 1484 2436 alama

503 2461 587 2515 lpse
607 2471 737 2501 autem
760 2462 892 2501 labens
914 2462 1052 2502 multis
1074 2463 1212 2516 Equus
1235 2463 1302 2503 illc
1326 2473 1479 2502 tenetur

1817 560 1896 600 260

1818 886 1896 939 265

1818 1225 1897 1267 270

1816 1553 1896 1594 275

1818 1870 1895 1909 280

1817 2200 1893 2252 285
