2241 2994
549 214 628 271 382

547 313 688 349 nomina
705 311 841 354 habuit,
871 322 913 346 ut
931 318 1072 358 2302„st
1093 312 1219 348 Graece

548 362 734 409 appellavit
763 365 888 408 (quam
920 370 1017 395 antea
1047 373 1148 396 nemo
1177 373 1219 396 eo

546 411 658 446 verbo
674 410 882 466 nominarat)
907 419 1120 455 anteceptam
1147 410 1218 445 ani-

548 471 608 494 mo
642 461 688 494 rei
717 459 894 507 quandam
924 457 1218 501 informationem,

549 508 618 543 sine
645 520 716 556 qua
742 520 804 543 nec
833 507 978 554 intelligi
1009 507 1218 555 quidquam,

549 569 611 592 nec
643 557 770 605 quaeri,
805 568 867 593 nec
897 556 1061 602 disputari
1095 557 1217 604 potest.

549 605 638 653 Ejus
665 606 796 641 selectae
819 605 1005 661 brevesque
1030 605 1218 647 sententiae,

549 657 637 693 meleu
653 657 780 699 ἑξμί.
799 667 828 690 e.
855 656 1004 689 maxime
1022 663 1117 693 ratae,
1136 653 1219 700 quia

549 706 755 751 graviffirnae
770 704 834 739 sint
847 703 889 738 ad
903 703 1001 737 beate
1014 702 1220 743 vivendum,

551 753 739 788 nominatae
757 752 846 787 sunt.
891 749 979 798 Ejus
996 751 1044 785 est
1061 761 1095 785 et
1113 751 1221 785 Titil-

551 801 688 837 lationis
705 801 866 844 verbum,
884 812 956 847 qua
969 800 1133 847 voluptas
1150 799 1222 835 sen-

551 851 646 887 sibus
663 850 857 886 adhibetur.
901 850 951 884 Et
974 860 1058 889 curn
1081 848 1221 883 tertium

550 899 725 947 quendam
740 909 876 935 motum
893 898 1022 933 diceret
1034 897 1114 932 oriri
1127 907 1224 934 extra

551 949 692 997 pondus
725 958 760 984 et
786 949 942 1002 plagam,
965 959 1048 982 curn
1074 946 1224 982 declinat

552 1008 690 1033 atomus
702 997 884 1033 intervallo
897 996 1063 1036 minimo;
1083 996 1118 1030 id
1131 995 1223 1050 apel-

552 1047 602 1082 lat
627 1051 765 1094 ἐὶαίχςογ-
810 1048 948 1089 horama!
968 1056 1125 1092 quoque,
1152 1056 1173 1079 1.
1193 1056 1222 1080 e,

552 1096 733 1144 aequabilem
774 1094 988 1137 tributionem,
1027 1094 1116 1129 dixit
1147 1104 1223 1128 eam

555 1155 732 1201 naturam,
783 1155 866 1191 quae
908 1143 957 1178 est
1003 1143 1039 1178 in
1091 1142 1224 1177 summa

554 1194 615 1229 illa
635 1195 672 1229 vi
698 1192 890 1234 infinitatis,
916 1202 957 1227 ut
978 1191 1096 1227 omnia
1110 1191 1224 1226 omni-

556 1243 636 1286 bus,
674 1242 816 1291 paribus
859 1241 955 1289 paria
987 1240 1222 1293 respondeant.

555 1292 700 1340 Scripsit
724 1291 832 1327 libros
854 1291 897 1326 de
923 1290 1043 1338 regula
1071 1300 1106 1325 et
1129 1288 1224 1337 judi-

555 1341 623 1383 cio,
649 1341 692 1376 de
722 1341 857 1376 summo
887 1340 993 1381 bono,
1024 1339 1067 1374 de
1095 1339 1225 1386 volup-

555 1400 636 1426 tate.
680 1390 776 1425 Idem
803 1390 847 1424 de
871 1388 1059 1430 sanctitate,
1083 1387 1126 1422 de
1155 1388 1226 1435 pie-

557 1449 627 1475 tate
653 1438 813 1475 adversus
835 1438 942 1473 Deos.
982 1437 1085 1472 Duos
1103 1446 1136 1471 et
1154 1436 1226 1484 sep-

557 1488 715 1536 tuaginta
758 1499 865 1523 annos
907 1486 1028 1522 vixisse
1075 1486 1226 1521 tradunt.

557 1539 683 1592 Qem
698 1536 895 1579 familiares,
908 1545 1035 1584 praeter
1052 1546 1142 1582 quos
1161 1546 1228 1569 non

557 1585 628 1622 fere
647 1599 681 1622 in
699 1585 902 1634 cujusquam
918 1597 1040 1620 manus
1058 1584 1228 1625 veniebat,

558 1636 644 1671 tanti
670 1634 838 1677 fecerunt,
874 1643 914 1669 ut
940 1632 1015 1680 ejus
1046 1634 1231 1689 imaginem

560 1697 630 1720 non
649 1683 780 1720 modo
773 1696 806 1719 in
825 1682 966 1723 tabulis,
993 1682 1048 1717 sed
1070 1682 1173 1717 etiam
1194 1684 1228 1717 in

558 1734 697 1782 poculis
714 1743 748 1769 et
761 1732 897 1768 annulis
910 1731 1086 1774 haberent,
1114 1731 1229 1766 assere-

560 1793 706 1830 rentque
735 1782 854 1817 vidisse
883 1793 1020 1823 verum,
1058 1780 1230 1815 maximis·

559 1844 630 1880 que
646 1832 820 1867 erroribus
838 1832 969 1866 animos
989 1830 1170 1865 hominum
1189 1830 1230 1865 li-

560 1882 736 1924 beravifl‘e,
759 1890 792 1916 et
809 1880 926 1916 omnia
943 1879 1126 1920 tradidisse,
1139 1890 1232 1934 'quae

559 1930 768 1979 pertinerent
779 1929 821 1964 ad
835 1929 920 1964 bene
930 1929 1098 1976 beateque
1112 1929 1231 1963 viven-

559 1980 670 2015 dum:
699 1979 754 2015 sed
779 1977 958 2026 plerosque
981 1990 1094 2012 minus
1111 1990 1152 2013 eo
1173 1978 1232 2012 de-

560 2028 689 2071 lectari,
712 2028 810 2076 quod
830 2027 890 2062 ista
906 2027 1071 2066 Platonis
1102 2026 1232 2062 Aristo-

559 2079 649 2120 telis,
680 2075 911 2123 rll'ieophrasti
942 2075 1106 2111 orationis
1132 2087 1231 2111 orna-

561 2138 677 2163 menta
689 2125 885 2179 neglexerit.
924 2126 960 2160 ln
976 2126 1000 2159 l
1005 2124 1126 2172 hylicis
1139 2135 1233 2160 totus

561 2175 630 2212 fuit
642 2176 783 2211 alicnus.
797 2174 1023 2210 Dialecticam
1031 2186 1126 2216 vcro,
1135 2174 1233 2221 quod

563 2225 597 2261 in
615 2237 655 2260 ea
671 2225 772 2273 plane
795 2223 932 2259 inermis
953 2223 1031 2258 esset
1049 2234 1080 2259 et
1108 2225 1234 2266 nudus,

563 2275 805 2310 contemnebat
834 2284 868 2309 et
897 2273 1069 2308 irridebat.
1112 2273 1233 2308 Tolle-

564 2324 623 2359 bat
642 2324 855 2359 defluat-‘nes
870 2341 880 2361 ·,
908 2321 991 2357 nihil
1012 2322 1055 2357 de
1077 2322 1234 2357 dividen-

563 2373 610 2408 do
625 2385 661 2407 ac
682 2373 860 2420 partie—..uo
878 2372 1045 2412 ‹loct-ban
1076 2383 1142 2406 non
1161 2384 1235 2419 quo

565 2422 670 2457 modo
709 2423 889 2462 ciiiczatur,
933 2421 1234 2467 concluditurque

566 2473 664 2514 ratio,
692 2471 868 2513 tradebat;
897 2482 965 2506 non
988 2482 1058 2518 qua
1076 2471 1132 2505 xia
1155 2482 1236 2517 cap-

854 215 1012 254 'DE
1076 214 1583 255 DOCTRINA

1269 310 1352 346 tiosa
1386 311 1574 354 solvantur,
1618 310 1783 359 ambigua
1821 311 1940 348 distin·

1267 360 1643 406 guantur‚ostendebat.
1657 361 1939 408 Sienim‚inquit,

1269 410 1472 444 alterutrum
1503 411 1705 452 concessero,
1736 422 1795 445 aut
1826 411 1939 445 victu·

1269 471 1346 492 rum
1365 470 1441 493 cras
1457 458 1668 505 Epicurum,
1693 469 1753 493 aut
1770 471 1852 502 non,
1879 471 1939 494 ne-

1269 506 1448 541 cessarium
1476 508 1566 548 effe·,
1606 508 1732 542 necesse
1753 508 1829 550 erit,
1865 520 1940 543 cras

1270 555 1480 602 Epicurum,
1519 567 1579 590 aut
1607 556 1736 597 vivere,
1775 567 1835 591 aut
1868 569 1940 592 non

1270 604 1406 638 vivere:
1435 604 1531 638 nulla
1548 615 1662 639 autem
1688 605 1736 639 est
1761 605 1795 639 in
1819 616 1942 640 natura

1270 663 1384 687 rerum
1404 653 1480 688 talis
1498 655 1679 688 necessitas.
1717 654 1755 688 ln
1769 664 1809 687 ea
1821 654 1942 689 Philo-

1271 700 1401 748 sophiae
1432 712 1540 749 parte,
1568 715 1639 750 qua
1665 714 1776 737 mores
1802 701 1944 738 confor-

1272 750 1357 803 mari
1374 761 1554 798 putantur,
1579 751 1697 786 ceteris
1715 751 1830 786 voluit
1847 751 1942 786 vide-

1272 797 1300 833 ri
1314 810 1458 834 acutior.
1494 798 1606 846 Cujus
1621 800 1793 835 sententiae
1807 811 1841 836 et
1851 812 1942 848 prae-

1272 858 1372 894 cepta
1388 848 1466 883 sunt
1484 848 1706 896 hujusmodi:

1311 897 1407 932 Deos
1416 897 1580 944 esse,quia
1590 898 1716 933 necesse
1728 897 1768 933 sit
1779 897 1944 945 praestan-

1273 954 1343 980 tem
1358 946 1511 993 aliquam
1529 947 1593 981 esse
1613 956 1782 981 naturam.
1807 946 1845 981 de
1857 947 1945 983 Nat.

1274 995 1374 1030 Deor.
1391 995 1438 1029 11.
1462 1006 1516 1041 17
1536 995 1704 1042 quodque
1729 995 1763 1030 in
1785 995 1948 1031 omnium

1275 1043 1397 1078 animis
1409 1055 1529 1078 eorum
1545 1044 1720 1079 notionem
1736 1043 1947 1092 impreffiffet

1274 1091 1345 1140 ipsa
1354 1101 1485 1127 natura
1521 1092 1820 1141 Anticipationem
1834 1105 1948 1141 quan-

1273 1141 1353 1176 dam
1367 1143 1507 1177 vocavit
1519 1142 1678 1185 deorum,
1696 1142 1764 1178 sine
1776 1142 1946 1179 doctrina.

1272 1190 1466 1226 Nonnullis
1493 1200 1606 1226 tamen
1627 1191 1741 1227 visum
1765 1191 1825 1233 est,
1850 1203 1945 1236 eum,

1275 1251 1318 1274 ne
1331 1239 1365 1274 in
1379 1239 1602 1275 offenfionem
1614 1240 1876 1276 Atheniensium
1890 1252 1946 1276 ca·

1275 1289 1382 1331 deret,
1420 1289 1534 1324 verbis
1564 1289 1734 1338 reliquisse
1763 1291 1872 1333 Deos,
1911 1301 1949 1325 re

1275 1337 1450 1373 sustulisse.
1484 1338 1522 1373 de
1545 1339 1631 1374 Nat.
1661 1339 1803 1374 Deorum
1835 1339 1864 1375 1.
1893 1340 1947 1374 16.

1278 1397 1336 1432 30.
1362 1397 1396 1421 et
1415 1387 1477 1422 lll.
1503 1400 1532 1423 t.

1326 1435 1426 1470 Nihil
1446 1448 1565 1471 curare
1585 1436 1682 1477 deos,
1710 1448 1771 1471 nec
1792 1435 1855 1479 sui,
1886 1448 1950 1472 nec

1279 1483 1377 1519 alieni
1392 1504 1400 1525 ς
1426 1485 1482 1520 sed
1499 1496 1794 1532 monogrammos,
1810 1496 1847 1521 et
1862 1485 1950 1521 nihil

1279 1544 1439 1580 agentes;
1468 1535 1631 1570 membris
1649 1535 1808 1570 humanis
1822 1535 1952 1583 praedi-

1280 1592 1346 1625 tos,
1366 1583 1420 1617 sed
1435 1595 1556 1618 eorum
1575 1584 1712 1619 nullum
1728 1583 1827 1619 usum
1845 1584 1951 1619 habe-

1281 1643 1328 1666 re.
1365 1632 1404 1667 In
1423 1645 1497 1679 quo
1509 1633 1711 1668 circuitione
1722 1633 1873 1680 quadam
1891 1633 1950 1668 de-

1279 1693 1318 1715 os
1344 1680 1483 1716 videtur
1511 1682 1630 1717 tollere
1652 1682 1784 1717 ludens.
1811 1682 1849 1717 de
1865 1682 1950 1718 Nae.

1278 1731 1418 1765 Deorum
1435 1730 1481 1765 11.
1504 1742 1560 1777 23.
1590 1731 1654 1766 111.
1677 1743 1701 1766 1.

1329 1779 1500 1820 Deorum,
1514 1792 1605 1827 quos
1617 1779 1816 1828 perlucidos
1826 1789 1861 1815 et
1873 1792 1950 1828 per-

1281 1828 1411 1863 flabiles
1442 1828 1592 1871 induxit,
1628 1829 1739 1864 sedem
1768 1829 1845 1872 esse,
1875 1839 1950 1864 tan-

1282 1889 1390 1925 quam
1417 1877 1504 1912 inter
1533 1878 1622 1914 duos
1652 1879 1762 1922 lucos,
1795 1879 1837 1913 sic
1865 1878 1952 1913 inter

1282 1928 1371 1962 duos
1390 1926 1552 1967 mundos,
1578 1938 1718 1975 propter
1735 1936 1866 1963 metum
1881 1927 1952 1962 rui-

1284 1987 1417 2011 narum.
1445 1975 1482 2011 de
1498 1977 1618 2012 Divin.
1641 1977 1683 2012 ll.
1704 1989 1752 2024 ¹7.

1335 2025 1373 2060 ln
1409 2026 1487 2060 Deo
1521 2037 1624 2074 opem
1660 2026 1804 2068 nullam,
1841 2037 1954 2073 neque

1283 2075 1439 2127 gratiam.
1458 2073 1595 2111 deNat.
1613 2075 1795 2110 Deorutnl.
1815 2087 1874 2121 43.
1889 2075 1952 2110 ubi

1284 2122 1463 2158 retellitur.

1334 2174 1450 2207 Deum
1485 2172 1691 2207 animant-”m
1729 2173 1805 2214 csse,
1845 2172 1954 2220 specie

1286 2221 1447 2277 hominis,
1474 2222 1557 2269 quia
1575 2222 1612 2256 sit
1633 2222 1864 2269 pulcherrima
1876 2234 1951 2257 om-

1286 2271 1403 2312 nium·,
1432 2283 1491 2305 nec
1511 2282 1622 2306 tamen
1637 2285 1653 2305 c
1658 2284 1710 2306 im
1729 2272 1791 2306 cil'c
1810 2283 1952 2319 corpus,

1285 2320 1338 2355 sed
1356 2320 1450 2366 quali
1476 2332 1626 2368 corpus·.
1657 2333 1716 2356 nec
1742 2320 1864 2355 habere
1882 2320 1952 2355 san·

1284 2369 1438 2417 guinem,
1463 2369 1516 2404 led
1544 2370 1640 2417 quasi
1672 2369 1878 2416 sanguinem.
1915 2369 1954 2404 de

1285 2419 1368 2456 N.at
1402 2419 1499 2454 Dcor
1518 2419 1835 2465 l.13.1ugicbat
1859 2417 1952 2453 enim

1287 2467 1549 2504 individuorum
1561 2479 1749 2516 corporum
1763 2467 1953 2503 concretio·
