2335 3009
540 263 620 293 220

536 347 666 395 gemmis
692 346 885 391 illuminata,
919 349 1081 384 citharam
1115 356 1216 385 tenens

541 396 815 441 exornatifflmam,
857 409 936 433 auro
968 405 1000 432 et
1033 398 1122 433 ebore
1153 398 1215 444 dis-

545 446 690 487 timum,
710 445 773 491 ipse
784 453 939 491 praeterea
948 447 1059 492 forma
1075 454 1107 481 et
1115 448 1217 493 specie

533 494 582 537 fit
598 501 628 528 et
635 494 768 539 statura
784 495 926 540 appostta
944 495 989 530 ad
1002 494 1186 542 dignitatem
1203 512 1215 537 ·,

535 543 580 586 fi,
615 555 680 577 cum
706 553 852 589 magnam
878 544 988 590 populo
1015 546 1215 578 commoverit

543 591 594 626 his
609 591 701 626 rebus
717 593 963 638 expeHationem‚
988 600 1113 638 repente
1116 592 1214 635 stlen·

542 639 705 685 stojada,
729 651 835 675 vocem
856 643 981 675 emittat
997 641 1102 676 acerbi
1163 652 1215 675 am

544 700 611 723 cum
638 687 806 736 turpiffimo
843 691 978 735 corporis
1011 699 1117 730 motu;
1159 701 1216 736 quo

546 737 653 772 melius
668 745 797 773 ornatus
814 746 844 772 ct
860 739 959 784 magis
977 737 1085 782 fuerit
1108 747 1215 783 expec-

546 793 645 826 tatus,
671 797 704 821 eo
719 788 816 833 magis
831 785 948 832 derisus
965 794 996 820 et
1013 793 1214 832 contemptus,
1236 806 1244 812 ·

547 834 673 879 ejicitur
687 848 698 868 .·
726 835 816 878 itast
830 836 896 882 quis
912 837 945 869 in
960 835 1042 869 excel
1051 848 1068 870 o
1085 835 1159 877 loco,
1185 842 1216 869 et

546 884 580 917 in
604 883 724 929 snagnis
750 895 787 918 ac
803 883 1002 929 locupletibus
1019 885 1111 930 copiis
1128 883 1217 918 collo·

547 939 647 973 catus,
663 932 808 978 fortunae
834 932 1011 966 muneribus
1038 939 1069 966 et
1093 940 1219 967 naturae

547 981 707 1015 commodis
721 980 858 1016 omnibus
881 980 1053 1016 abundabit
1069 997 1080 1022 ;
1095 981 1128 1024 fi
1144 983 1216 1016 vir·

546 1031 639 1071 tutis,
663 1036 693 1064 et
707 1032 838 1072 artium,
864 1041 930 1076 quae
945 1031 1078 1065 virtutis
1103 1029 1216 1075 magis-

546 1083 610 1112 trae
627 1077 869 1124 suntsegebit3
895 1089 952 1125 quo
983 1081 1082 1124 magis
1099 1080 1218 1113 caeteris

547 1125 639 1161 rebus
666 1129 727 1161 erit
753 1128 898 1173 copiosus,
927 1134 958 1161 et
984 1127 1162 1170 industrius,
1187 1133 1218 1161 et

547 1177 735 1220 eapeflatus,
761 1187 793 1209 eo
809 1175 1017 1210 vehementius
1044 1175 1162 1221 derisus
1187 1182 1216 1209 et

546 1230 745 1268 contemptus,
770 1234 808 1258 ex
835 1227 917 1258 omni
943 1231 1099 1258 conventu
1126 1224 1216 1259 bono-

546 1283 619 1306 rum
637 1273 786 1318 q'icietur.
838 1272 925 1307 Hoc
950 1271 1057 1307 simile
1072 1283 1216 1307 exorna-

548 1319 641 1355 tione
670 1317 846 1367 utriusque
865 1322 922 1362 rei,
948 1331 982 1355 et
1007 1321 1146 1356 alterius
1164 1320 1215 1355 in-

546 1368 643 1403 ertiae
678 1369 830 1411 artificis,
866 1369 1004 1404 alterius
1043 1369 1214 1411 stultitiae,

545 1417 647 1452 fimili
677 1417 806 1453 ratione
833 1417 971 1460 collata,
1010 1417 1074 1453 sub
1103 1418 1216 1466 aspec-

547 1474 624 1501 tum
641 1466 799 1501 omnium
817 1478 886 1501 rem
905 1465 1059 1513 subjecit.

599 1515 776 1550 XLV111.
796 1514 942 1550 Diuum
959 1525 1072 1550 autem
1090 1514 1138 1550 est
1155 1527 1216 1563 per

547 1564 781 1605 collationem,
807 1573 987 1611 propterea
1012 1564 1109 1611 quod
1136 1575 1216 1611 pro-

548 1614 658 1660 posita
677 1611 908 1654 similitudine,
935 1612 1029 1659 paria
1050 1613 1125 1647 sunt
1140 1625 1215 1648 om-

550 1661 605 1696 nia
627 1661 741 1696 relata:
785 1660 824 1695 ln
851 1661 1020 1696 nmilibus
1039 1661 1217 1696 observare

548 1722 570 1744 o
598 1709 724 1745 ortebit
746 1710 946 1756 diligenter:
974 1719 1026 1752 ut,
1045 1721 1126 1744 cum
1145 1722 1215 1744 rem

549 1770 568 1793 a
596 1770 729 1794 eramus
750 1758 903 1800 sunilem,
931 1757 1032 1805 cujus
1049 1759 1094 1793 rei
1117 1758 1217 1793 causa

549 1807 807 1843 similitudinem
841 1806 1070 1849 attulerimus,
1111 1807 1217 1842 verba

551 1868 693 1903 quoque
723 1857 765 1891 ad
800 1855 1057 1891 similitudinem
1093 1855 1208 1891 habea-

550 1917 628 1940 mus
655 1904 924 1940 accommodata.
968 1904 1007 1939 Id
1029 1904 1075 1939 est
1100 1903 1214 1951 hujus-

549 1953 644 1988 modi
662 1967 668 1988 :
697 1956 742 1990 Ut
766 1953 947 1988 hirundines
962 1953 1068 1996 aestivo
1084 1960 1221 1999 tempore

544 2003 655 2048 pra-sto
675 2002 762 2047 sunt,
781 2001 909 2047 frigore
937 2001 1034 2047 [ulsae
1062 2003 1216 2038 recedunt.

552 2052 607 2086 Ex
635 2051 751 2086 eadem
781 2050 1001 2085 fimilitudine
1036 2062 1127 2085 nunc
1159 2063 1219 2098 per

552 2099 802 2135 transsationem
819 2099 924 2133 verba
946 2097 1111 2134 sumimus
1128 2113 1134 2134 :
1165 2101 1217 2135 Ita

547 2148 623 2192 salsi
662 2150 755 2182 amici
795 2149 902 2192 sereno
956 2150 1037 2182 vitm
1083 2155 1218 2194 tempore

546 2198 661 2242 praesto
676 2196 753 2242 sum
768 2213 777 2237 3
793 2197 983 2243 simulatque
1009 2197 1133 2231 hiemem
1144 2202 1216 2242 Jor-

549 2256 634 2280 tunae
651 2246 805 2286 viderint,
829 2244 977 2282 devolant
996 2257 1102 2280 omncs.
1151 2247 1218 2281 Sed

555 2295 705 2329 inventio
743 2294 904 2329 similium
940 2292 1049 2328 facilis
1081 2294 1156 2336 erit,
1194 2296 1216 2330 si

553 2345 630 2391 quis
662 2342 721 2378 fibi
753 2355 872 2378 omnes
902 2354 951 2377 res
986 2342 1149 2377 animatas
1186 2354 1219 2379 et

554 2393 765 2431 inanimatas.
807 2402 919 2426 mutas
951 2401 986 2426 et
1026 2393 1218 2438 loquentes,

554 2442 637 2475 seras
676 2452 708 2476 ct
753 2441 953 2482 mansuetas,
984 2441 1150 2475 terrestres
1185 2452 1218 2476 et

551 2491 698 2525 ‹alula-s
737 2500 770 2525 et
811 2489 1010 2532 maritimas,
1061 2489 1218 2533 artificio,

847 251 1630 294 RHETORICORUM

1263 350 1354 394 casu,
1393 360 1526 394 natura,
1564 355 1791 398 comparatas,
1828 349 1934 387 usita-

1264 408 1337 434 tas·
1360 409 1464 447 atque
1504 400 1691 442 inufitatas,
1737 399 1936 447 frequenter

1264 457 1342 482 ante
1357 449 1479 483 oculos
1509 449 1636 496 poterit
1664 460 1802 496 ponere,
1827 457 1863 483 et
1889 460 1936 483 ex

1264 496 1316 531 his
1346 496 1497 544 aliquam
1514 496 1629 532 venari
1662 496 1934 538 fimilitudinern‚

1264 556 1346 591 quae
1377 555 1436 579 aut
1463 557 1593 586 ornare,
1621 555 1682 580 aut
1713 545 1848 588 docere,
1874 555 1935 580 aut

1264 593 1467 640 apertiorem
1486 606 1555 628 rem
1584 592 1705 634 facere,
1732 603 1792 628 aut
1809 605 1936 641 ponere

1265 651 1342 676 ante
1357 642 1491 684 oculos,
1519 643 1629 689 poffit.
1673 642 1758 677 Non
1775 642 1867 676 enirn
1885 653 1935 677 res

1264 699 1337 724 tota
1355 690 1418 725 toti
1445 690 1491 725 rei
1519 690 1645 725 necesse
1671 690 1719 725 est
1742 689 1859 725 similis
1881 690 1935 733 fit,

1265 737 1319 772 sed
1337 739 1379 773 ad
1397 738 1522 786 ipsum,
1549 739 1592 774 ad
1607 739 1704 786 quod
1726 737 1934 782 conferetur,

1265 786 1522 822 similitudinem
1542 787 1663 823 habeat
1679 798 1826 834 oportet.

1314 835 1455 871 XLIX.
1482 836 1695 884 Exemplum
1723 836 1770 871 est
1790 834 1937 883 alicujus

1266 881 1348 918 faeti
1379 893 1439 919 aut
1465 885 1548 920 dieti
1572 885 1735 933 praeteriti
1753 896 1835 920 cum
1853 885 1936 920 certi

1268 933 1417 968 auctoris
1459 934 1598 968 nomine
1643 933 1844 981 propositio.
1896 933 1939 968 ld

1266 981 1413 1016 sumitur
1443 981 1559 1016 iisdem
1588 982 1631 1016 de
1658 982 1779 1023 caulis,
1805 981 1938 1028 quibus

1267 1029 1467 1065 fimilitudo.
1519 1031 1610 1065 Rem
1644 1030 1851 1066 ornatiorem
1884 1029 1939 1065 fa-

1267 1077 1328 1120 cit,
1353 1089 1435 1113 cum
1465 1078 1596 1113 nullius
1623 1079 1682 1121 rei,
1708 1079 1769 1113 nifi
1786 1078 1937 1126 dignita-

1268 1125 1324 1168 tis,
1361 1126 1460 1161 causa
1489 1126 1658 1162 sumitur:
1701 1127 1936 1175 Apeniorem,

1266 1186 1346 1209 cum
1367 1175 1414 1217 id,
1437 1176 1534 1222 quod
1552 1175 1593 1211 fit
1609 1175 1801 1218 obscurius,
1826 1175 1938 1224 magis

1265 1222 1461 1258 dilucidum
1484 1224 1618 1260 reddit:
1647 1224 1936 1268 probabiliorem,

1266 1283 1347 1306 cum
1366 1272 1476 1319 magis
1490 1273 1704 1309 verisimilem
1721 1272 1829 1309 facit:
1858 1274 1937 1309 An·

1266 1330 1300 1355 te
1335 1321 1457 1356 oculos
1495 1322 1607 1369 ponit,
1653 1334 1734 1358 cum
1771 1322 1939 1370 exprimit

1264 1369 1380 1404 omnia
1397 1369 1585 1417 perspicue,
1612 1381 1652 1406 ut
1680 1383 1730 1407 res
1746 1371 1837 1406 dieta
1855 1383 1935 1418 pro-

1265 1429 1308 1471 pe
1325 1430 1428 1453 manu
1455 1419 1575 1454 tentari
1599 1421 1711 1467 pellit.
1757 1420 1933 1456 Uniuscu-

1259 1466 1385 1514 Jusque
1417 1467 1548 1514 generis
1585 1468 1716 1515 singula
1744 1467 1935 1516 subjecisse·

1266 1527 1344 1550 mus
1393 1516 1563 1564 exempla,
1608 1517 1668 1552 nisi
1721 1518 1935 1565 exemplum,

1265 1564 1362 1611 quod
1399 1576 1508 1611 genus
1531 1566 1622 1607 effet,
1661 1565 1695 1601 in
1724 1566 1938 1614 expolitione

1265 1613 1595 1655 demonstrassemus,
1618 1624 1652 1649 et
1669 1614 1784 1650 causas
1802 1615 1936 1650 sumen-

1265 1661 1301 1696 di
1342 1662 1375 1696 in
1417 1662 1638 1698 similitudine
1679 1663 1937 1711 aperuiffemus.

1266 1711 1386 1757 Qare
1426 1710 1615 1753 noluimus,
1661 1724 1773 1759 neque
1811 1724 1936 1760 pauca,

1265 1771 1338 1806 quo
1368 1759 1482 1794 minus
1512 1759 1768 1807 intelligeretur,
1810 1773 1937 1808 neque,

1267 1819 1300 1841 re
1341 1808 1522 1850 intellecta,
1575 1809 1677 1856 plura
1711 1809 1934 1846 conscribere.

1267 1856 1386 1903 Imago
1402 1856 1450 1891 est
1467 1856 1591 1892 formae
1609 1869 1690 1893 cum
1716 1857 1828 1893 forma
1852 1871 1935 1895 cum

1265 1907 1416 1952 quadam
1436 1905 1656 1942 similitudine
1669 1907 1819 1942 collatio.
1840 1907 1935 1944 Haec

1269 1953 1416 1989 sumitur
1433 1964 1492 1989 aut
1509 1954 1620 1990 laudis
1636 1965 1695 1991 aut
1711 1956 1936 2003 vituperatio·

1270 2002 1320 2037 nis
1366 2003 1476 2039 causa.
1528 2003 1662 2040 Laudis
1705 2004 1815 2046 causa,
1865 2006 1933 2042 fic:

1269 2052 1341 2086 Ibat
1358 2054 1391 2085 in
1405 2052 1559 2097 praelt'um,
1586 2062 1712 2099 corpore
1738 2055 1828 2088 tauri
1851 2056 1936 2091 vali-

1266 2100 1384 2144 diffimi‚
1401 2103 1515 2147 impetu
1531 2101 1623 2137 leonis
1640 2105 1795 2143 acerrimi,
1808 2103 1939 2147 similis,

1267 2149 1555 2196 vituperationis,
1585 2160 1624 2185 ut
1653 2150 1686 2186 in
1715 2152 1849 2192 odium,
1876 2164 1937 2190 aut

1270 2197 1303 2231 in
1334 2197 1511 2239 invidiam,
1543 2209 1603 2234 aut
1634 2199 1665 2234 in
1707 2203 1936 2248 contemptio-

1269 2258 1358 2288 nem,
1386 2247 1545 2283 adducat.
1589 2248 1642 2283 Ut
1662 2249 1693 2283 in
1712 2249 1846 2292 odium,
1870 2251 1936 2288 hoc

1271 2296 1397 2330 modo:
1442 2296 1498 2339 Iste
1514 2297 1647 2344 quotidie
1669 2307 1727 2342 per
1741 2303 1852 2342 serum
1877 2311 1936 2335 me-

1267 2344 1362 2382 dmm,
1389 2351 1537 2392 tanquam
1555 2347 1690 2392 jubatus
1707 2347 1800 2381 iltuto
1820 2348 1934 2395 serpit,

1267 2393 1406 2427 dcntibus
1436 2394 1573 2433 aduncis.
1617 2395 1737 2441 aspertus
1771 2406 1935 2439 venenato,

1259 2443 1379 2488 spiritu
1396 2442 1517 2484 rabido,
1545 2444 1793 2489 circumspeHans
1817 2445 1877 2479 hue
1906 2455 1937 2481 et

1267 2490 1350 2533 illuc,
1378 2491 1412 2535 si
1438 2504 1523 2539 quem
1552 2496 1703 2539 reperiat,
1741 2496 1791 2529 cui
1816 2494 1940 2543 aliquid
