2335 3009
599 240 604 241 ⁷
656 235 748 274 AD
807 233 877 283 Q
924 227 1289 269 FRATREM
1347 227 1480 267 LIB.
1532 229 1565 267 1.
1755 241 1802 269 εὶ

421 335 595 375 remittas
626 332 674 371 de
705 329 979 375 diminuendo,
1009 338 1049 368 et
1080 329 1471 382 Apollonidienfibus
1504 342 1552 367 ne
1586 328 1682 382 quid
1716 344 1808 382 per-

422 401 578 444 scribas,
610 398 717 450 quod
737 406 873 436 contra
893 396 1076 434 Flavium
1098 396 1169 441 fit,
1202 395 1387 448 amplius,
1409 404 1446 433 et
1468 395 1594 433 Flavii
1615 396 1738 442 causa,
1771 406 1809 436 et

419 465 570 504 scilicet
591 463 786 516 Pompeii,
818 462 935 500 facias
955 462 1103 500 omnia.
1149 461 1259 499 Nolo
1279 460 1431 498 medius
1453 460 1569 499 fidius
1589 476 1636 499 ex
1658 471 1724 500 tua
1744 463 1808 501 in-

415 531 522 584 juria
542 531 581 568 in
604 530 721 568 illum
743 529 817 567 tibi
837 528 1040 567 liberalem
1074 541 1136 565 me
1156 527 1307 566 videri:
1342 527 1405 564 sed
1437 536 1475 564 et
1508 536 1543 565 te
1576 542 1658 573 oro,
1691 539 1734 568 ut
1765 540 1807 568 tu

419 596 501 649 ipse
520 596 791 634 auitoritatem
812 604 851 633 et
878 603 1184 632 monumentum
1213 593 1374 645 aliquod
1404 592 1549 631 decreti
1578 604 1643 632 aut
1675 596 1807 634 litera-

421 675 510 700 rum
532 671 689 699 tuarum
710 661 923 713 relinquas,
954 659 1061 712 quod
1091 659 1136 697 sit
1165 658 1211 696 ad
1243 659 1370 696 Flavii
1402 672 1483 696 rem
1513 668 1551 696 et
1581 660 1627 697 ad
1657 662 1809 700 causam

421 727 782 766 accommodatum.
829 727 922 764 Fert
951 726 1057 763 enim
1085 725 1253 777 graviter
1278 723 1416 769 homo,
1447 734 1486 762 et
1505 725 1583 762 mei
1603 726 1811 767 observan-

422 793 606 837 tiffimus,
636 801 676 830 et
707 792 765 830 sui
791 792 892 844 juris
925 790 1205 843 dignitatisque
1230 791 1416 835 retinens,
1447 790 1486 828 fe
1504 791 1606 842 apud
1628 801 1665 830 te
1686 807 1812 846 neque

426 858 615 902 amicitia,
647 870 773 910 neque
789 857 892 909 jure,
923 856 1106 894 valuiffe:
1139 864 1192 900 et,
1224 864 1267 893 ut
1287 855 1443 907 opinor,
1475 855 1601 894 Flavii
1631 857 1813 910 aliquan-

422 923 474 962 do
494 937 574 962 rem
595 927 634 962 et
656 924 868 976 Pompeius
889 932 927 960 et
950 922 1075 960 Caesar
1096 921 1169 960 tibi
1199 921 1528 960 commendarunt
1543 941 1556 967 5
1588 933 1626 960 et
1655 925 1735 976 ipse
1764 926 1812 964 ad

424 999 464 1027 te
484 989 683 1042 scripserat
704 989 878 1033 Flavius,
910 997 948 1026 et
969 1001 1041 1040 ego
1062 997 1180 1026 certe.
1216 988 1346 1038 Qare
1367 987 1397 1043 fi¹
1416 987 1495 1025 ulla
1516 1001 1573 1026 res
1595 988 1662 1035 est,
1693 1004 1813 1043 quam

422 1055 499 1093 tibi
530 1069 594 1093 me
625 1054 845 1093 faciendam
880 1064 1037 1106 petente
1068 1063 1196 1106 putes,
1228 1052 1312 1092 haec
1346 1067 1389 1090 ea
1419 1053 1479 1091 fit.
1526 1055 1563 1092 Si
1597 1068 1660 1093 me
1691 1070 1811 1104 amas,

425 1133 531 1165 cura,
562 1121 730 1165 elabora,
762 1119 919 1172 perfice,
950 1128 994 1156 ut
1025 1119 1182 1156 Flavius
1203 1128 1241 1156 et
1269 1119 1342 1156 tibi
1363 1128 1402 1156 et
1422 1118 1523 1156 mihi
1544 1134 1662 1172 quam
1683 1123 1811 1160 maxi-

426 1199 508 1224 mas
535 1186 675 1238 gratias
708 1195 809 1239 agat.
856 1186 948 1223 Hoc
980 1193 1017 1223 te
1047 1184 1102 1222 ita
1132 1197 1242 1236 rog0‚
1275 1193 1318 1222 ut
1345 1184 1491 1236 majore
1522 1185 1648 1224 studio
1679 1201 1814 1240 rogare

422 1264 502 1289 non
523 1251 678 1303 possim.

478 1317 553 1355 IV.
586 1315 706 1368 Qod
726 1315 774 1353 ad
794 1330 857 1354 me
877 1315 925 1354 de
946 1315 1113 1354 Hermia
1143 1315 1296 1360 scribis,
1327 1314 1429 1353 mihi
1459 1315 1683 1356 mehercule
1703 1319 1813 1358 valde

424 1381 635 1421 molestum
665 1381 758 1420 fuit.
805 1383 955 1421 Literas
976 1382 1023 1420 ad
1044 1391 1081 1420 te
1101 1395 1239 1435 parum
1260 1380 1428 1419 fraterne
1448 1382 1687 1436 scripseram,
1719 1399 1813 1438 quas

423 1449 598 1487 oratione
620 1447 804 1493 Diodoti,
835 1448 1000 1486 Luculli
1021 1447 1169 1493 liberti,
1201 1456 1442 1493 commotus,
1474 1448 1520 1486 de
1540 1450 1717 1501 padiione
1737 1451 1814 1489 sta·-

421 1514 498 1552 tim
519 1513 626 1566 quod
647 1513 858 1557 audieram,
890 1512 1116 1551 iracundius
1137 1512 1377 1565 scripseram,
1409 1522 1448 1551 et
1477 1527 1654 1552 revocare
1675 1517 1812 1569 cupie-

426 1579 532 1617 bam.
580 1579 690 1618 Huic
722 1588 766 1618 tu
797 1578 982 1632 epistolae,
1014 1592 1095 1617 non
1124 1577 1292 1617 fraterne
1313 1578 1478 1631 scriptae,
1509 1578 1678 1619 fraterne
1697 1581 1813 1620 debes

423 1645 635 1698 ignoscere.
675 1646 738 1683 De
758 1645 990 1690 Censorino,
1022 1645 1216 1691 Antoni0‚
1249 1645 1390 1690 Caffio,
1424 1646 1606 1691 Scaevol'a,
1639 1655 1676 1685 te
1696 1647 1743 1685 ab
1765 1648 1814 1687 iis

421 1711 536 1763 diligi
560 1712 623 1763 (ut
643 1710 798 1761 scribis)
823 1709 1074 1749 vehementer
1099 1710 1264 1762 gaudeo.
1312 1711 1463 1748 Caetera
1488 1710 1650 1750 fuerunt
1677 1713 1717 1750 in
1747 1727 1811 1751 ea-

423 1776 514 1814 dem
549 1775 709 1828 epistola
743 1777 932 1828 graviora,
963 1789 1084 1828 quam
1115 1776 1272 1813 vellem.
1323 1771 1429 1822 Ὀρθᾶιν
1456 1770 1506 1816 τὴν
1535 1773 1618 1817 ναῦν,
1649 1787 1687 1815 et
1716 1775 1815 1826 ἅπαξ

424 1837 533 1879 θανεῖν.
580 1841 734 1894 Majora
761 1841 829 1878 ista
848 1851 977 1879 erunt.
1024 1841 1128 1879 Meae
1159 1841 1452 1892 objurgationes
1482 1839 1643 1879 fuerunt
1671 1843 1813 1881 amoris

421 1907 678 1962 pleniffimae:
710 1921 796 1960 quae
817 1907 905 1945 sunt
926 1907 1131 1952 nonnulla,
1164 1906 1226 1945 sed
1247 1916 1378 1945 tamen
1404 1906 1630 1954 mediocria,
1662 1917 1700 1946 et
1721 1923 1810 1962 par-

423 1987 471 2010 va
491 1973 638 2026 potius.
685 1974 773 2025 Ego
800 1982 837 2010 te
859 1986 1062 2026 nunquam
1083 1973 1164 2010 ulla
1185 1973 1223 2010 in
1246 1986 1285 2010 re
1306 1972 1473 2025 dignum
1495 1973 1661 2012 minima
1682 1989 1811 2027 repre-

424 2037 609 2077 hensione
640 2038 844 2092 putassem,
876 2052 969 2076 cum
1001 2049 1040 2076 te
1071 2038 1299 2076 sanetiffime
1330 2051 1495 2090 gereres,
1528 2039 1597 2077 nifi
1629 2039 1813 2079 inimicos

426 2105 576 2143 multos
608 2103 856 2143 haberemus,
900 2105 1000 2156 Qae
1020 2103 1068 2141 ad
1095 2114 1132 2141 te
1152 2104 1283 2156 aliqua
1301 2103 1571 2142 admonitione
1590 2114 1656 2143 aut
1675 2106 1813 2158 objur-

423 2169 580 2222 gatione
599 2169 745 2222 scripfi,
777 2169 906 2222 scripfi
937 2179 1097 2223 propter
1128 2169 1376 2221 diligentiam
1408 2171 1602 2208 cautionis
1630 2185 1739 2216 meae‚
1771 2172 1812 2210 in

428 2247 506 2287 qua
525 2245 562 2273 et
584 2248 723 2273 maneo
743 2245 780 2273 et
802 2235 985 2280 manebo,
1015 2245 1054 2273 et
1074 2235 1179 2272 idem
1201 2244 1246 2272 ut
1271 2233 1405 2280 facias,
1436 2249 1516 2273 non
1546 2235 1718 2274 defistam
1748 2251 1813 2275 ro-

428 2313 532 2352 gare.
578 2301 736 2339 Attalus
770 2300 1009 2354 Iphemenus
1041 2314 1199 2339 mecum
1233 2301 1329 2352 egit,
1362 2309 1405 2338 ut
1439 2301 1476 2338 se
1511 2314 1558 2338 ne
1587 2301 1811 2354 impedires,

427 2379 508 2417 quo
528 2365 675 2411 minus,
705 2367 812 2419 quod
832 2366 878 2405 ad
900 2366 1186 2418 QPubliceni
1210 2365 1371 2404 statuam
1398 2366 1600 2405 decretum
1627 2368 1694 2415 est,
1724 2383 1811 2407 ero-

429 2440 585 2485 garetur
603 2446 611 2468 :
645 2433 751 2483 quod
771 2446 844 2484 ego
865 2442 902 2470 te
922 2441 960 2470 et
982 2445 1077 2485 rogo
1097 2441 1135 2470 et
1155 2432 1362 2478 admoneo,
1393 2446 1442 2471 ne
1473 2433 1560 2472 talis
1590 2434 1678 2479 viri,
1710 2444 1812 2472 tam-

425 2510 502 2550 que
523 2496 641 2536 nostri
663 2497 872 2544 neceffarii,
903 2497 1095 2538 honorem
1115 2499 1243 2538 minui
1264 2513 1332 2553 per
1352 2507 1391 2539 te
1410 2509 1476 2539 aut
1495 2501 1680 2554 impediri
1701 2502 1808 2540 velis,
