2241 2994
718 243 1333 285 HISTORIA.

330 341 443 377 ceiurn
470 338 589 382 miffae,
616 349 698 385 quae
725 337 772 372 est
795 348 848 372 12.
875 335 929 370 lib.
949 335 995 370 V.

331 390 446 426 Fama.
474 400 556 435 qua,
584 397 624 421 ut
642 398 691 421 res
710 398 729 420 a
746 385 776 420 se
792 385 825 419 in
844 384 996 420 consula-

332 448 370 474 tu
388 437 495 485 gestas
513 435 647 476 scribat,
674 446 755 469 eum
773 444 881 480 rogat.

381 489 422 521 C.
442 484 559 530 Julius
576 482 702 525 Caesar,
729 482 828 529 gestis
856 482 921 516 hoc
940 492 997 515 an-

332 546 378 570 no
396 534 497 569 rebus
523 532 601 574 illis,
629 544 715 579 quas
737 531 792 566 lib.
821 531 883 565 111.
910 531 998 565 Com-

331 584 556 617 mentariorum
595 580 796 628 perscripfit‚
831 579 999 614 exercitu-

331 643 402 679 que
420 632 454 666 in
471 630 632 665 Aulercis
650 627 896 675 Lexobiisque,
925 626 1002 668 reli-v

332 679 412 727 quis
443 679 524 713 item
543 678 755 720 civitatibus,
782 689 863 724 quae
885 675 1001 723 proxi-

332 740 388 764 me
423 728 553 763 bellum
586 726 748 768 fecerant,
788 727 820 759 in
852 724 1005 759 hibernis

332 777 516 818 collocato,
567 775 738 810 discedens
790 773 824 808 in
868 773 1001 808 Italiam

332 825 446 860 Lucae
465 823 641 866 hiemavit,
657 823 795 858 auctore
814 821 1002 856 Plutarcho

331 875 367 908 in
385 873 542 919 Pompeio,
569 872 691 915 Caesare
707 882 741 907 et
758 872 885 906 Catone.
930 870 1002 905 Eo-

333 934 403 969 que
421 921 628 969 Pompeium
645 930 679 955 et
699 920 856 955 Crassum
872 928 1003 954 extrac-

332 981 386 1006 tos
427 970 614 1017 compulit,
653 979 693 1004 ut
723 967 926 1004 detrudendi
956 967 1002 1002 L.

334 1019 482 1055 Domitii
513 1018 622 1059 causa,
651 1018 729 1065 (qui
759 1018 875 1064 palam
895 1016 1003 1051 mina-

334 1069 447 1110 batur,
499 1066 673 1102 consulem
714 1066 745 1101 se
785 1066 1002 1107 effecturum,

333 1117 431 1164 quod
460 1125 589 1163 praetot
618 1116 801 1162 nequisset,
823 1114 1003 1159 ademptu-

336 1177 485 1212 rumque
501 1164 626 1199 Caesari
643 1164 828 1206 exercitus)
851 1162 1007 1198 consula-

335 1225 412 1249 tum
430 1214 574 1249 alterum
593 1223 745 1261 peterent
758 1230 771 1254 -,
795 1213 954 1247 Suetonius
971 1212 1005 1244 in

334 1264 436 1310 Julio,
463 1272 528 1309 cap.
548 1273 606 1305 24.
640 1263 692 1296 Ita
709 1260 854 1303 fatilum,
874 1269 912 1296 ut
930 1260 1004 1294 Do-

335 1311 467 1353 mitius,
493 1310 555 1357 qui
573 1320 625 1345 tot
649 1322 766 1351 annos,
794 1318 883 1356 quot
900 1308 1003 1343 habe-

336 1361 407 1402 bat,
433 1359 627 1406 designatus
645 1358 762 1393 consul
780 1356 903 1398 fuerat,
922 1368 1003 1392 con-

334 1409 386 1445 sul
404 1408 477 1443 fieri
505 1419 573 1443 non
594 1407 757 1455 potuerit,
783 1407 865 1454 epist.
888 1408 919 1441 8.
947 1405 1002 1440 lib.

337 1458 399 1494 IV.
419 1456 463 1492 ad
478 1459 550 1492 Aet.

385 1506 480 1541 Cum
499 1515 612 1541 autem
631 1504 819 1553 Pompeius
847 1513 880 1539 et
908 1502 1005 1540 Cras-

336 1555 392 1591 sus
422 1555 509 1590 intra
535 1554 730 1601 legitimum
758 1564 895 1600 tempus
926 1565 1005 1600 pro-

336 1603 408 1639 fessi
426 1616 495 1638 non
511 1603 627 1646 effent,
644 1602 831 1637 effecerunt
848 1614 928 1636 cum
948 1613 1008 1649 per

337 1653 435 1696 alios,
461 1662 536 1687 tum
568 1663 629 1699 per
646 1652 688 1686 C.
708 1652 876 1686 Catonem
895 1650 1006 1685 tribu-

339 1714 424 1737 num
455 1700 580 1749 plebis,
616 1712 658 1735 ne
685 1712 726 1735 eo
752 1711 841 1734 anno
868 1698 1009 1734 comitia

339 1750 545 1786 haberentur
564 1763 571 1784 :
601 1758 640 1783 ut
662 1760 743 1784 curn
768 1760 818 1783 res
835 1748 877 1782 ad
906 1748 1007 1782 inter·

340 1811 485 1846 regnum
503 1798 658 1840 rediisset,
682 1797 834 1845 legitime
853 1796 1007 1831 consula-

339 1857 416 1884 tum
452 1858 487 1882 et
521 1857 672 1893 peterent
706 1857 741 1881 et
777 1845 1004 1893 Capeffesesst3

339 1897 418 1940 Dio,
444 1897 496 1932 lib.
516 1896 695 1931 xxxix.

341 2047 450 2086 Anno
469 2046 575 2087 Urbis
598 2044 691 2097 698.
741 2044 920 2083 Ciceronis
941 2057 1006 2097 52.

483 2119 673 2158 Consules
703 2116 866 2156 fuerunt

344 2181 684 2220 CN.POMP131US
715 2180 926 2217 MAGNUS
951 2178 1006 2223 ΙΙ,

368 2242 433 2281 M.
456 2242 671 2279 chmtus
695 2241 901 2278 CRAssus
925 2237 979 2277 11.

394 2337 620 2374 Consulatum
645 2349 687 2372 ex
711 2338 902 2384 interiegno
929 2336 1009 2371 inie-

346 2399 438 2427 runt,
476 2388 571 2430 (L'to,
609 2386 662 2420 lib.
700 2387 769 2420 λΧ
788 2400 794 2408 ²
813 2387 895 2428 Ιχ)
936 2385 994 2419 reli

345 2437 501 2484 quosque
519 2434 732 2481 magistratu>
759 2435 817 2469 suo
844 2435 1008 2469 arbitratu

345 2494 515 2528 crearunt,
533 2496 605 2532 quo
623 2493 776 2532 tempore
795 2486 849 2520 tvi.
869 2484 957 2519 Cato
976 2482 1010 2517 in

1641 260 1714 299 311

1048 346 1213 384 praeturae
1231 337 1395 385 petitione
1425 338 1593 385 repulsam
1624 340 1720 383 tulit,

1047 396 1082 420 et
1100 387 1137 420 P.
1155 386 1315 421 Vatinius
1341 386 1374 421 in
1401 387 1517 422 locum
1536 387 1608 436 ejus
1627 401 1716 423 crea-

1048 443 1104 468 tus
1120 433 1167 468 est
1182 451 1192 475 ·‚
1222 434 1414 469 Plutarchus
1431 446 1464 470 et
1482 438 1558 472 Dio.
1596 437 1720 472 Cicero

1049 482 1160 516 mense
1201 482 1319 529 Aprili
1363 483 1432 518 fuit
1473 486 1556 528 ruri,
1600 485 1720 533 ibique

1049 531 1179 578 scripfit
1196 531 1277 576 eptst.
1296 543 1329 578 9.
1360 532 1398 576 [l.
1424 535 1496 578 10.]
1523 534 1576 568 lib.
1598 534 1659 569 IV.
1677 533 1722 569 ad

1051 583 1120 615 Att.
1161 591 1247 614 cum·
1275 579 1429 620 Puteolis
1465 593 1616 628 magnus.
1641 583 1722 617 effet

1051 640 1183 670 rumor,
1210 627 1442 664 Ptolemaeum
1468 630 1532 664 effe
1549 630 1584 665 in
1603 642 1719 677 regno.

1051 678 1146 713 Eum
1172 678 1219 712 A.
1240 676 1411 712 Gabinius
1439 677 1503 712 hoc
1527 678 1721 725 annojuffu

1053 725 1210 772 Pompeii
1237 725 1270 760 in
1297 737 1441 771 regnum
1460 727 1616 768 restituit,
1643 727 1723 762 Plu·

1050 775 1178 810 tarchus
1194 777 1227 810 in
1245 774 1403 820 Pompeio,
1430 777 1506 816 Dio,
1525 775 1579 810 lib.
1599 776 1722 812 XXX.

1052 823 1179 865 Strabo,
1207 823 1261 858 lib.
1293 823 1378 858 XII.
1412 833 1446 858 et
1470 824 1588 860 XVIL
1642 825 1724 860 Me-

1052 871 1153 906 minit
1182 872 1305 907 Cicero
1331 873 1364 906 in
1393 873 1542 919 Pisonem,
1565 882 1632 918 cap.
1662 885 1721 910 21.

1053 932 1159 967 quam
1199 920 1388 955 orationem
1429 922 1480 956 his
1523 921 1723 958 consulibus

1053 969 1154 1011 dixit,
1181 969 1318 1004 auctore
1348 969 1512 1013 Asconio,
1539 982 1620 1006 cum
1646 971 1723 1006 Piso

1054 1028 1234 1053 revocatus
1261 1030 1280 1052 e
1310 1019 1530 1062 Macedonia,
1561 1019 1725 1055 sententia

1054 1067 1245 1109 Ciceronis,
1282 1078 1389 1113 quarn
1425 1079 1514 1102 anno
1553 1068 1724 1116 superiore

1054 1115 1096 1149 de
1115 1115 1303 1162 provinciis
1319 1115 1554 1151 consularibus
1579 1117 1727 1160 dixerat,

1055 1164 1097 1198 de
1115 1163 1329 1198 insectatione
1354 1163 1427 1211 ejus
1451 1165 1485 1200 in
1509 1165 1622 1200 senatu
1641 1178 1724 1200 con-

1055 1212 1208 1260 questus,
1247 1222 1350 1259 atque
1392 1214 1426 1248 in
1455 1226 1536 1249 eum
1567 1215 1729 1250 invectus

1055 1262 1144 1296 effer.

1103 1309 1216 1345 Pisoni
1235 1309 1356 1345 cicero
1374 1310 1546 1357 respondit
1571 1311 1726 1348 oratione

1053 1358 1124 1401 illa,
1151 1371 1231 1405 quae
1259 1368 1353 1393 extat
1369 1369 1402 1393 et
1420 1359 1574 1395 continet
1592 1361 1724 1397 Pisonis

1053 1407 1355 1454 vituperationem,
1383 1408 1543 1455 quamvis
1572 1409 1605 1443 in
1633 1409 1724 1444 sena·-

1055 1466 1092 1491 tu
1133 1456 1173 1490 s1t
1206 1456 1322 1490 habita
1351 1457 1429 1491 loco
1459 1456 1644 1499 sententiae,
1685 1467 1726 1493 ut

1056 1504 1196 1540 testatur
1221 1504 1462 1552 Qiintilianus
1492 1506 1545 1540 lib.
1567 1507 1627 1541 111.
1655 1517 1724 1553 cap.

1057 1567 1090 1602 9.
1139 1554 1244 1588 Dicta
1261 1553 1329 1588 fuit
1346 1554 1467 1595 oratio,
1492 1559 1614 1589 amore
1632 1557 1726 1601 Asco-

1057 1605 1118 1644 nio,
1155 1613 1232 1637 ante
1260 1614 1390 1650 paucos
1420 1603 1491 1637 dies
1521 1615 1627 1650 quam
1658 1605 1726 1640 Cn.

1058 1652 1246 1699 Pompeius
1289 1652 1389 1686 ludos
1418 1650 1555 1694 faceret,
1595 1652 1727 1699 quibus

1058 1700 1230 1735 theatrum
1266 1711 1285 1733 a
1319 1699 1350 1734 se
1378 1699 1510 1734 factum
1540 1701 1724 1737 dedicavit.
1751 1739 1755 1742 ,

1059 1749 1398 1796 Magnificentiffirna
1438 1761 1520 1784 vero
1568 1750 1726 1797 Pompeii

1058 1809 1199 1832 munera
1241 1796 1388 1832 secundo
1431 1797 1606 1832 consulatu
1650 1798 1727 1834 fue-

1057 1856 1150 1889 runt,
1178 1845 1224 1880 ait
1242 1846 1364 1880 Cicero
1381 1846 1437 1881 lib.
1465 1847 1509 1881 II.
1538 1847 1574 1882 de
1592 1847 1725 1892 Officiis,

1057 1904 1125 1940 cap.
1149 1895 1203 1930 16.
1230 1904 1264 1929 et
1284 1895 1491 1930 demonstrat
1507 1896 1588 1940 epzst.
1615 1908 1642 1931 1.
1671 1897 1724 1932 lib.

1058 1944 1139 1978 VII.
1167 1943 1281 1978 Famil.
1302 1943 1346 1978 ad
1361 1945 1519 1978 Marium.
1561 1945 1616 1979 De
1633 1945 1725 1979 thea-

1057 2003 1111 2028 tro
1128 2002 1162 2027 et
1179 1992 1269 2026 ludis
1289 1993 1444 2039 Pompeii
1465 1993 1668 2028 Plutarchus
1693 1997 1728 2028 in

1057 2044 1121 2088 ejus
1140 2043 1225 2083 vita,
1253 2041 1318 2076 Dio
1334 2042 1385 2076 lib.
1407 2041 1588 2076 XXXlX.
1621 2043 1726 2077 Taci-

1059 2101 1114 2126 tus
1149 2090 1316 2124 annalium
1344 2091 1394 2125 tib.
1430 2090 1531 2126 XIV.
1564 2101 1634 2137 cap.
1667 2103 1725 2127 20.

1058 2139 1190 2175 Plinius
1208 2139 1262 2174 lib.
1283 2139 1380 2174 Vlll.
1408 2148 1474 2184 cap.
1497 2152 1529 2183 7.

1110 2189 1193 2223 Hoc
1234 2200 1323 2223 anno
1351 2188 1472 2223 Cicero
1502 2188 1546 2222 ad
1572 2187 1726 2233 inntum

1060 2238 1211 2272 Fratrem
1230 2237 1359 2283 scripsit
1386 2237 1468 2282 epist.
1499 2242 1530 2270 ὅ.
1558 2248 1591 2282 9.
1619 2245 1648 2270 et
1671 2248 1724 2272 10.

1059 2287 1113 2321 tib.
1142 2287 1187 2322 II.
1219 2294 1250 2320 et
1276 2286 1320 2319 ad
1335 2287 1476 2320 Antrum
1503 2285 1576 2329 epist
1614 2298 1646 2328 q.
1673 2297 1725 2321 ιο.

1065 2348 1119 2370 11.
1147 2345 1177 2369 et
1201 2346 1253 2369 12.
1275 2335 1328 2369 lio.
1350 2334 1413 2367 IV.
1469 2335 1503 2367 ln
1523 2334 1728 2368 duodecima

1061 2384 1101 2430 [l.
1138 2386 1209 2429 13.ᾄῖ
1242 2383 1324 2417 facit
1357 2381 1561 2416 mentionem
1594 2382 1728 2428 prosec-

1062 2433 1162 2467 tionis
1181 2433 1284 2466 Crasti
1305 2432 1336 2465 in
1363 2431 1515 2477 Syrianu
1543 2441 1727 2477 antequam

1060 2493 1142 2518 vero
1183 2479 1368 2529 paludatus
1409 2479 1528 2524 exiret,
1574 2481 1737 2515 coenavit.
