<?xml version="1.0" encoding="UTF-8"?>
<!DOCTYPE html PUBLIC "-//W3C//DTD XHTML 1.0 Transitional//EN"
    "http://www.w3.org/TR/xhtml1/DTD/xhtml1-transitional.dtd">
<html xmlns="http://www.w3.org/1999/xhtml" xml:lang="en" lang="en">
 <head>
  <title>
</title>
<meta http-equiv="Content-Type" content="text/html;charset=utf-8" />
  <meta name='ocr-system' content='tesseract 3.04.00' />
  <meta name='ocr-capabilities' content='ocr_page ocr_carea ocr_par ocr_line ocrx_word'/>
</head>
<body>
  <div class='ocr_page' id='page_1' title='image "./operacumindicibu09ciceuoft_0289.png"; bbox 0 0 2241 2994; ppageno 0'>
   <div class='ocr_carea' id='block_1_1' title="bbox 744 230 1016 271">
    <p class='ocr_par' dir='ltr' id='par_1_1' title="bbox 744 230 1016 271">
     <span class='ocr_line' id='line_1_1' title="bbox 744 230 1016 271; baseline -0.004 0"><span class='ocrx_word' id='word_1_1' title='bbox 744 230 1016 271; x_wconf 88' lang='lat' dir='ltr'>HIST</span> 
     </span>
    </p>
   </div>
   <div class='ocr_carea' id='block_1_2' title="bbox 1064 231 1741 278">
    <p class='ocr_par' dir='ltr' id='par_1_2' title="bbox 1064 231 1741 278">
     <span class='ocr_line' id='line_1_2' title="bbox 1064 231 1741 278; baseline 0.01 -7"><span class='ocrx_word' id='word_1_2' title='bbox 1064 231 1360 273; x_wconf 88' lang='lat' dir='ltr'>0R1A.</span> <span class='ocrx_word' id='word_1_3' title='bbox 1668 236 1741 278; x_wconf 80' lang='lat'>281</span> 
     </span>
    </p>
   </div>
   <div class='ocr_carea' id='block_1_3' title="bbox 351 321 1742 418">
    <p class='ocr_par' dir='ltr' id='par_1_3' title="bbox 351 321 1742 418">
     <span class='ocr_line' id='line_1_3' title="bbox 351 321 1742 373; baseline 0.004 -15"><span class='ocrx_word' id='word_1_4' title='bbox 351 325 388 359; x_wconf 77' lang='lat' dir='ltr'>in</span> <span class='ocrx_word' id='word_1_5' title='bbox 412 331 487 370; x_wconf 77' lang='lat' dir='ltr'>toga</span> <span class='ocrx_word' id='word_1_6' title='bbox 516 322 649 359; x_wconf 85' lang='lat' dir='ltr'>candida</span> <span class='ocrx_word' id='word_1_7' title='bbox 678 321 806 364; x_wconf 86' lang='lat' dir='ltr'>scribit,</span> <span class='ocrx_word' id='word_1_8' title='bbox 831 321 948 370; x_wconf 85' lang='lat' dir='ltr'>postea</span> <span class='ocrx_word' id='word_1_9' title='bbox 964 322 1022 358; x_wconf 84' lang='lat' dir='ltr'>de·</span> <span class='ocrx_word' id='word_1_10' title='bbox 1073 321 1179 358; x_wconf 85' lang='lat' dir='ltr'>homo</span> <span class='ocrx_word' id='word_1_11' title='bbox 1201 324 1371 361; x_wconf 86' lang='lat' dir='ltr'>censorius</span> <span class='ocrx_word' id='word_1_12' title='bbox 1398 326 1537 370; x_wconf 86' lang='lat' dir='ltr'>dicitur,</span> <span class='ocrx_word' id='word_1_13' title='bbox 1557 336 1619 373; x_wconf 86' lang='lat' dir='ltr'>pro</span> <span class='ocrx_word' id='word_1_14' title='bbox 1642 329 1742 364; x_wconf 79' lang='lat' dir='ltr'>Domo</span> 
     </span>
     <span class='ocr_line' id='line_1_4' title="bbox 352 370 1314 418; baseline 0.001 -11"><span class='ocrx_word' id='word_1_15' title='bbox 352 371 487 408; x_wconf 64' lang='lat' dir='ltr'>sensum</span> <span class='ocrx_word' id='word_1_16' title='bbox 504 373 568 407; x_wconf 85' lang='lat' dir='ltr'>esse</span> <span class='ocrx_word' id='word_1_17' title='bbox 585 371 753 407; x_wconf 91' lang='lat' dir='ltr'>Gallium.</span> <span class='ocrx_word' id='word_1_18' title='bbox 794 371 929 406; x_wconf 85' lang='lat' dir='ltr'>Praetor</span> <span class='ocrx_word' id='word_1_19' title='bbox 945 370 1022 406; x_wconf 85' lang='lat' dir='ltr'>fue·</span> <span class='ocrx_word' id='word_1_20' title='bbox 1061 372 1138 417; x_wconf 83' lang='lat' dir='ltr'>sua,</span> <span class='ocrx_word' id='word_1_21' title='bbox 1166 383 1236 417; x_wconf 84' lang='lat' dir='ltr'>cap.</span> <span class='ocrx_word' id='word_1_22' title='bbox 1257 385 1314 418; x_wconf 84' lang='lat'>3²·</span> 
     </span>
    </p>
   </div>
   <div class='ocr_carea' id='block_1_4' title="bbox 342 418 1022 2505">
    <p class='ocr_par' dir='ltr' id='par_1_4' title="bbox 349 418 1022 660">
     <span class='ocr_line' id='line_1_5' title="bbox 353 418 1021 467; baseline -0.003 -12"><span class='ocrx_word' id='word_1_23' title='bbox 353 430 405 455; x_wconf 89' lang='lat' dir='ltr'>rat</span> <span class='ocrx_word' id='word_1_24' title='bbox 422 431 512 455; x_wconf 91' lang='lat' dir='ltr'>anno</span> <span class='ocrx_word' id='word_1_25' title='bbox 529 419 699 467; x_wconf 81' lang='lat' dir='ltr'>superiore</span> <span class='ocrx_word' id='word_1_26' title='bbox 713 433 722 454; x_wconf 74' lang='grc' dir='ltr'><strong><em>ε</em></strong></span> <span class='ocrx_word' id='word_1_27' title='bbox 754 418 820 454; x_wconf 92' lang='lat' dir='ltr'>hoc</span> <span class='ocrx_word' id='word_1_28' title='bbox 835 431 918 453; x_wconf 92' lang='lat' dir='ltr'>vero</span> <span class='ocrx_word' id='word_1_29' title='bbox 935 429 1021 454; x_wconf 88' lang='lat' dir='ltr'>tem—</span> 
     </span>
     <span class='ocr_line' id='line_1_6' title="bbox 352 467 1021 516; baseline -0.001 -13"><span class='ocrx_word' id='word_1_30' title='bbox 352 480 437 516; x_wconf 90' lang='lat' dir='ltr'>pore</span> <span class='ocrx_word' id='word_1_31' title='bbox 468 468 512 503; x_wconf 90' lang='lat' dir='ltr'>de</span> <span class='ocrx_word' id='word_1_32' title='bbox 553 467 687 502; x_wconf 89' lang='lat' dir='ltr'>ambitu</span> <span class='ocrx_word' id='word_1_33' title='bbox 723 468 901 502; x_wconf 87' lang='lat' dir='ltr'>accusatus</span> <span class='ocrx_word' id='word_1_34' title='bbox 939 467 1021 510; x_wconf 89' lang='lat' dir='ltr'>fuit,</span> 
     </span>
     <span class='ocr_line' id='line_1_7' title="bbox 351 516 1020 564; baseline -0.003 -12"><span class='ocrx_word' id='word_1_35' title='bbox 351 516 450 564; x_wconf 91' lang='lat' dir='ltr'>quod</span> <span class='ocrx_word' id='word_1_36' title='bbox 489 526 652 563; x_wconf 86' lang='lat' dir='ltr'>praeturae</span> <span class='ocrx_word' id='word_1_37' title='bbox 693 516 896 551; x_wconf 86' lang='lat' dir='ltr'>candidatus</span> <span class='ocrx_word' id='word_1_38' title='bbox 938 528 1020 551; x_wconf 88' lang='lat' dir='ltr'>cum</span> 
     </span>
     <span class='ocr_line' id='line_1_8' title="bbox 349 564 1022 611; baseline 0 -11"><span class='ocrx_word' id='word_1_39' title='bbox 349 565 441 607; x_wconf 85' lang='lat' dir='ltr'>esset,</span> <span class='ocrx_word' id='word_1_40' title='bbox 468 565 713 611; x_wconf 85' lang='lat' dir='ltr'>gladiatorium</span> <span class='ocrx_word' id='word_1_41' title='bbox 734 564 887 607; x_wconf 82' lang='lat' dir='ltr'>dediffet‚</span> <span class='ocrx_word' id='word_1_42' title='bbox 913 569 1022 600; x_wconf 68' lang='lat' dir='ltr'>aus‘lor</span> 
     </span>
     <span class='ocr_line' id='line_1_9' title="bbox 350 614 510 660; baseline -0.006 -11"><span class='ocrx_word' id='word_1_43' title='bbox 350 614 510 660; x_wconf 87' lang='lat' dir='ltr'>Asconius.</span> 
     </span>
    </p>

    <p class='ocr_par' dir='ltr' id='par_1_5' title="bbox 342 661 1020 2348">
     <span class='ocr_line' id='line_1_10' title="bbox 399 661 1019 709; baseline -0.006 -11"><span class='ocrx_word' id='word_1_44' title='bbox 399 662 535 698; x_wconf 85' lang='lat' dir='ltr'>Eodem</span> <span class='ocrx_word' id='word_1_45' title='bbox 553 673 642 697; x_wconf 84' lang='lat' dir='ltr'>anno</span> <span class='ocrx_word' id='word_1_46' title='bbox 661 661 748 697; x_wconf 88' lang='lat' dir='ltr'>illud</span> <span class='ocrx_word' id='word_1_47' title='bbox 765 661 929 697; x_wconf 87' lang='lat' dir='ltr'>memoria</span> <span class='ocrx_word' id='word_1_48' title='bbox 945 662 1019 709; x_wconf 87' lang='lat' dir='ltr'>dig-</span> 
     </span>
     <span class='ocr_line' id='line_1_11' title="bbox 351 710 1020 757; baseline 0 -11"><span class='ocrx_word' id='word_1_49' title='bbox 351 722 435 746; x_wconf 93' lang='lat' dir='ltr'>num</span> <span class='ocrx_word' id='word_1_50' title='bbox 466 710 620 745; x_wconf 83' lang='lat' dir='ltr'>accidisse</span> <span class='ocrx_word' id='word_1_51' title='bbox 650 710 722 746; x_wconf 90' lang='lat' dir='ltr'>Dio</span> <span class='ocrx_word' id='word_1_52' title='bbox 756 710 883 752; x_wconf 85' lang='lat' dir='ltr'>scribit,</span> <span class='ocrx_word' id='word_1_53' title='bbox 922 711 1020 757; x_wconf 87' lang='lat' dir='ltr'>quod</span> 
     </span>
     <span class='ocr_line' id='line_1_12' title="bbox 351 757 1020 806; baseline 0.001 -12"><span class='ocrx_word' id='word_1_54' title='bbox 351 759 391 801; x_wconf 89' lang='lat' dir='ltr'>is,</span> <span class='ocrx_word' id='word_1_55' title='bbox 417 759 479 806; x_wconf 89' lang='lat' dir='ltr'>qui</span> <span class='ocrx_word' id='word_1_56' title='bbox 498 759 604 805; x_wconf 89' lang='lat' dir='ltr'>Syllae</span> <span class='ocrx_word' id='word_1_57' title='bbox 616 757 711 805; x_wconf 87' lang='lat' dir='ltr'>jussu</span> <span class='ocrx_word' id='word_1_58' title='bbox 738 759 943 794; x_wconf 88' lang='lat' dir='ltr'>Lucretium</span> <span class='ocrx_word' id='word_1_59' title='bbox 961 771 1020 795; x_wconf 89' lang='lat' dir='ltr'>oc-</span> 
     </span>
     <span class='ocr_line' id='line_1_13' title="bbox 348 807 1019 855; baseline 0.001 -13"><span class='ocrx_word' id='word_1_60' title='bbox 348 807 488 849; x_wconf 88' lang='lat' dir='ltr'>ciderat,</span> <span class='ocrx_word' id='word_1_61' title='bbox 512 817 548 841; x_wconf 87' lang='lat' dir='ltr'>et</span> <span class='ocrx_word' id='word_1_62' title='bbox 577 807 677 850; x_wconf 87' lang='lat' dir='ltr'>alius,</span> <span class='ocrx_word' id='word_1_63' title='bbox 703 807 766 855; x_wconf 90' lang='lat' dir='ltr'>qui</span> <span class='ocrx_word' id='word_1_64' title='bbox 793 807 921 842; x_wconf 91' lang='lat' dir='ltr'>multos</span> <span class='ocrx_word' id='word_1_65' title='bbox 940 819 1019 854; x_wconf 88' lang='lat' dir='ltr'>pro-</span> 
     </span>
     <span class='ocr_line' id='line_1_14' title="bbox 350 854 1020 904; baseline 0 -14"><span class='ocrx_word' id='word_1_66' title='bbox 350 855 492 904; x_wconf 90' lang='lat' dir='ltr'>scriptos</span> <span class='ocrx_word' id='word_1_67' title='bbox 512 854 735 898; x_wconf 84' lang='lat' dir='ltr'>interfecerat,</span> <span class='ocrx_word' id='word_1_68' title='bbox 763 856 808 890; x_wconf 88' lang='lat' dir='ltr'>rei</span> <span class='ocrx_word' id='word_1_69' title='bbox 835 856 922 891; x_wconf 90' lang='lat' dir='ltr'>inter</span> <span class='ocrx_word' id='word_1_70' title='bbox 939 856 1020 891; x_wconf 87' lang='lat' dir='ltr'>fica-</span> 
     </span>
     <span class='ocr_line' id='line_1_15' title="bbox 350 903 1020 946; baseline 0 -7"><span class='ocrx_word' id='word_1_71' title='bbox 350 904 418 939; x_wconf 88' lang='lat' dir='ltr'><strong>rios</strong></span> <span class='ocrx_word' id='word_1_72' title='bbox 435 903 517 939; x_wconf 56' lang='lat' dir='ltr'>faeti</span> <span class='ocrx_word' id='word_1_73' title='bbox 535 915 569 938; x_wconf 89' lang='lat' dir='ltr'>et</span> <span class='ocrx_word' id='word_1_74' title='bbox 585 904 802 939; x_wconf 84' lang='lat' dir='ltr'>condemnati</span> <span class='ocrx_word' id='word_1_75' title='bbox 823 904 913 946; x_wconf 82' lang='lat' dir='ltr'>sunt,</span> <span class='ocrx_word' id='word_1_76' title='bbox 940 916 1020 939; x_wconf 91' lang='lat' dir='ltr'>auc-</span> 
     </span>
     <span class='ocr_line' id='line_1_16' title="bbox 349 953 1020 1000; baseline 0 -12"><span class='ocrx_word' id='word_1_77' title='bbox 349 962 424 988; x_wconf 90' lang='lat' dir='ltr'>tore</span> <span class='ocrx_word' id='word_1_78' title='bbox 448 953 480 988; x_wconf 92' lang='lat' dir='ltr'>in</span> <span class='ocrx_word' id='word_1_79' title='bbox 511 953 630 1000; x_wconf 89' lang='lat' dir='ltr'>primis</span> <span class='ocrx_word' id='word_1_80' title='bbox 649 953 746 998; x_wconf 89' lang='lat' dir='ltr'>Julio</span> <span class='ocrx_word' id='word_1_81' title='bbox 772 953 928 989; x_wconf 87' lang='lat' dir='ltr'>Caesare:</span> <span class='ocrx_word' id='word_1_82' title='bbox 958 953 1020 988; x_wconf 92' lang='lat' dir='ltr'>ubi</span> 
     </span>
     <span class='ocr_line' id='line_1_17' title="bbox 348 1001 1019 1048; baseline 0 -12"><span class='ocrx_word' id='word_1_83' title='bbox 348 1001 395 1037; x_wconf 86' lang='lat' dir='ltr'>L.</span> <span class='ocrx_word' id='word_1_84' title='bbox 415 1001 606 1036; x_wconf 88' lang='lat' dir='ltr'>Bellienum</span> <span class='ocrx_word' id='word_1_85' title='bbox 634 1012 668 1036; x_wconf 89' lang='lat' dir='ltr'>et</span> <span class='ocrx_word' id='word_1_86' title='bbox 691 1002 735 1036; x_wconf 93' lang='lat' dir='ltr'>L.</span> <span class='ocrx_word' id='word_1_87' title='bbox 755 1002 922 1037; x_wconf 87' lang='lat' dir='ltr'>Luscium</span> <span class='ocrx_word' id='word_1_88' title='bbox 955 1001 1019 1048; x_wconf 85' lang='lat' dir='ltr'>flg-</span> 
     </span>
     <span class='ocr_line' id='line_1_18' title="bbox 350 1050 1018 1095; baseline 0 -11"><span class='ocrx_word' id='word_1_89' title='bbox 350 1050 479 1085; x_wconf 88' lang='lat' dir='ltr'>nificari</span> <span class='ocrx_word' id='word_1_90' title='bbox 497 1062 539 1085; x_wconf 87' lang='lat' dir='ltr'>ex</span> <span class='ocrx_word' id='word_1_91' title='bbox 557 1050 709 1085; x_wconf 86' lang='lat' dir='ltr'>Asconio</span> <span class='ocrx_word' id='word_1_92' title='bbox 726 1053 758 1085; x_wconf 84' lang='lat' dir='ltr'>in</span> <span class='ocrx_word' id='word_1_93' title='bbox 774 1058 861 1092; x_wconf 87' lang='lat' dir='ltr'>orat,</span> <span class='ocrx_word' id='word_1_94' title='bbox 874 1059 936 1095; x_wconf 89' lang='lat' dir='ltr'>pro</span> <span class='ocrx_word' id='word_1_95' title='bbox 958 1051 1018 1084; x_wconf 83' lang='lat' dir='ltr'>Li-</span> 
     </span>
     <span class='ocr_line' id='line_1_19' title="bbox 342 1098 1019 1146; baseline 0.001 -13"><span class='ocrx_word' id='word_1_96' title='bbox 342 1102 450 1145; x_wconf 80' lang='lat' dir='ltr'>gario,</span> <span class='ocrx_word' id='word_1_97' title='bbox 477 1109 545 1144; x_wconf 83' lang='lat' dir='ltr'>cap.</span> <span class='ocrx_word' id='word_1_98' title='bbox 565 1113 598 1140; x_wconf 86' lang='lat'>4.</span> <span class='ocrx_word' id='word_1_99' title='bbox 626 1098 749 1146; x_wconf 78' lang='lat' dir='ltr'>scripsi.</span> <span class='ocrx_word' id='word_1_100' title='bbox 800 1099 878 1134; x_wconf 86' lang='lat' dir='ltr'>Ubi</span> <span class='ocrx_word' id='word_1_101' title='bbox 895 1099 1019 1134; x_wconf 89' lang='lat' dir='ltr'>Cicero</span> 
     </span>
     <span class='ocr_line' id='line_1_20' title="bbox 348 1147 1016 1194; baseline 0 -12"><span class='ocrx_word' id='word_1_102' title='bbox 348 1147 408 1190; x_wconf 88' lang='lat' dir='ltr'>ait,</span> <span class='ocrx_word' id='word_1_103' title='bbox 447 1148 621 1194; x_wconf 86' lang='lat' dir='ltr'>Syllanam</span> <span class='ocrx_word' id='word_1_104' title='bbox 659 1147 894 1182; x_wconf 85' lang='lat' dir='ltr'>crudelitatem</span> <span class='ocrx_word' id='word_1_105' title='bbox 926 1159 944 1181; x_wconf 89' lang='lat' dir='ltr'>a</span> <span class='ocrx_word' id='word_1_106' title='bbox 972 1148 1016 1182; x_wconf 87' lang='lat' dir='ltr'>C.</span> 
     </span>
     <span class='ocr_line' id='line_1_21' title="bbox 349 1195 1017 1231; baseline 0 -1"><span class='ocrx_word' id='word_1_107' title='bbox 349 1196 483 1231; x_wconf 87' lang='lat' dir='ltr'>Caesare</span> <span class='ocrx_word' id='word_1_108' title='bbox 523 1196 588 1230; x_wconf 83' lang='lat' dir='ltr'>esse</span> <span class='ocrx_word' id='word_1_109' title='bbox 629 1196 849 1231; x_wconf 90' lang='lat' dir='ltr'>vindicatam.</span> <span class='ocrx_word' id='word_1_110' title='bbox 902 1195 1017 1230; x_wconf 81' lang='lat' dir='ltr'>Caesar</span> 
     </span>
     <span class='ocr_line' id='line_1_22' title="bbox 347 1244 1017 1280; baseline 0 -1"><span class='ocrx_word' id='word_1_111' title='bbox 347 1245 439 1279; x_wconf 88' lang='lat' dir='ltr'>enim</span> <span class='ocrx_word' id='word_1_112' title='bbox 475 1244 540 1280; x_wconf 92' lang='lat' dir='ltr'>hoc</span> <span class='ocrx_word' id='word_1_113' title='bbox 569 1255 659 1280; x_wconf 89' lang='lat' dir='ltr'>anno</span> <span class='ocrx_word' id='word_1_114' title='bbox 693 1245 727 1279; x_wconf 91' lang='lat' dir='ltr'>in</span> <span class='ocrx_word' id='word_1_115' title='bbox 758 1244 945 1280; x_wconf 86' lang='lat' dir='ltr'>exercenda</span> <span class='ocrx_word' id='word_1_116' title='bbox 974 1244 1017 1279; x_wconf 92' lang='lat' dir='ltr'>de</span> 
     </span>
     <span class='ocr_line' id='line_1_23' title="bbox 347 1292 1015 1340; baseline -0.001 -12"><span class='ocrx_word' id='word_1_117' title='bbox 347 1293 472 1329; x_wconf 78' lang='lat' dir='ltr'>sicariis</span> <span class='ocrx_word' id='word_1_118' title='bbox 498 1292 699 1340; x_wconf 81' lang='lat' dir='ltr'>quaestione‚</span> <span class='ocrx_word' id='word_1_119' title='bbox 724 1304 783 1328; x_wconf 86' lang='lat' dir='ltr'>eos</span> <span class='ocrx_word' id='word_1_120' title='bbox 808 1304 951 1340; x_wconf 90' lang='lat' dir='ltr'>quoque</span> <span class='ocrx_word' id='word_1_121' title='bbox 975 1292 1015 1327; x_wconf 86' lang='lat' dir='ltr'>sl-</span> 
     </span>
     <span class='ocr_line' id='line_1_24' title="bbox 346 1341 1017 1388; baseline -0.001 -11"><span class='ocrx_word' id='word_1_122' title='bbox 346 1341 518 1377; x_wconf 90' lang='lat' dir='ltr'>cariorum</span> <span class='ocrx_word' id='word_1_123' title='bbox 537 1353 681 1376; x_wconf 87' lang='lat' dir='ltr'>numero</span> <span class='ocrx_word' id='word_1_124' title='bbox 700 1341 832 1383; x_wconf 86' lang='lat' dir='ltr'>habuit,</span> <span class='ocrx_word' id='word_1_125' title='bbox 857 1341 918 1388; x_wconf 92' lang='lat' dir='ltr'>qui</span> <span class='ocrx_word' id='word_1_126' title='bbox 937 1352 1017 1388; x_wconf 89' lang='lat' dir='ltr'>pro-</span> 
     </span>
     <span class='ocr_line' id='line_1_25' title="bbox 347 1389 1016 1436; baseline 0 -12"><span class='ocrx_word' id='word_1_127' title='bbox 347 1389 528 1436; x_wconf 78' lang='lat' dir='ltr'>scriptione</span> <span class='ocrx_word' id='word_1_128' title='bbox 544 1390 592 1424; x_wconf 93' lang='lat' dir='ltr'>ob</span> <span class='ocrx_word' id='word_1_129' title='bbox 610 1390 714 1424; x_wconf 87' lang='lat' dir='ltr'>relata</span> <span class='ocrx_word' id='word_1_130' title='bbox 736 1389 867 1426; x_wconf 85' lang='lat' dir='ltr'>civium</span> <span class='ocrx_word' id='word_1_131' title='bbox 887 1390 1016 1425; x_wconf 88' lang='lat' dir='ltr'>Roma-</span> 
     </span>
     <span class='ocr_line' id='line_1_26' title="bbox 346 1437 1017 1486; baseline -0.003 -12"><span class='ocrx_word' id='word_1_132' title='bbox 346 1451 472 1474; x_wconf 84' lang='lat' dir='ltr'>norum</span> <span class='ocrx_word' id='word_1_133' title='bbox 502 1438 614 1486; x_wconf 67' lang='lat' dir='ltr'>capim</span> <span class='ocrx_word' id='word_1_134' title='bbox 643 1438 807 1486; x_wconf 87' lang='lat' dir='ltr'>pecunias</span> <span class='ocrx_word' id='word_1_135' title='bbox 831 1450 877 1473; x_wconf 84' lang='lat' dir='ltr'>ex</span> <span class='ocrx_word' id='word_1_136' title='bbox 895 1437 1017 1472; x_wconf 79' lang='lat' dir='ltr'>aerario</span> 
     </span>
     <span class='ocr_line' id='line_1_27' title="bbox 345 1488 1017 1535; baseline -0.001 -13"><span class='ocrx_word' id='word_1_137' title='bbox 345 1498 558 1535; x_wconf 81' lang='lat' dir='ltr'>acceperant,</span> <span class='ocrx_word' id='word_1_138' title='bbox 606 1490 729 1522; x_wconf 57' lang='lat' dir='ltr'>austere</span> <span class='ocrx_word' id='word_1_139' title='bbox 778 1489 932 1529; x_wconf 76' lang='lat' dir='ltr'>Suetonio,</span> <span class='ocrx_word' id='word_1_140' title='bbox 983 1488 1017 1521; x_wconf 82' lang='lat' dir='ltr'>in</span> 
     </span>
     <span class='ocr_line' id='line_1_28' title="bbox 345 1534 1017 1583; baseline -0.003 -11"><span class='ocrx_word' id='word_1_141' title='bbox 345 1537 422 1582; x_wconf 84' lang='lat' dir='ltr'>Caes.</span> <span class='ocrx_word' id='word_1_142' title='bbox 451 1546 518 1583; x_wconf 87' lang='lat' dir='ltr'>cap.</span> <span class='ocrx_word' id='word_1_143' title='bbox 543 1547 595 1571; x_wconf 78' lang='grc' dir='ltr'>ιι.</span> <span class='ocrx_word' id='word_1_144' title='bbox 647 1536 715 1571; x_wconf 87' lang='lat' dir='ltr'>Eas</span> <span class='ocrx_word' id='word_1_145' title='bbox 746 1548 828 1571; x_wconf 88' lang='lat' dir='ltr'>vero</span> <span class='ocrx_word' id='word_1_146' title='bbox 854 1534 1017 1583; x_wconf 88' lang='lat' dir='ltr'>pecunias</span> 
     </span>
     <span class='ocr_line' id='line_1_29' title="bbox 346 1583 1016 1632; baseline -0.001 -13"><span class='ocrx_word' id='word_1_147' title='bbox 346 1585 402 1620; x_wconf 90' lang='lat' dir='ltr'>M.</span> <span class='ocrx_word' id='word_1_148' title='bbox 423 1585 592 1620; x_wconf 85' lang='lat' dir='ltr'>Catonern</span> <span class='ocrx_word' id='word_1_149' title='bbox 619 1584 826 1632; x_wconf 85' lang='lat' dir='ltr'>quaestorem</span> <span class='ocrx_word' id='word_1_150' title='bbox 856 1596 946 1619; x_wconf 88' lang='lat' dir='ltr'>anno</span> <span class='ocrx_word' id='word_1_151' title='bbox 963 1583 1016 1618; x_wconf 81' lang='lat' dir='ltr'>su-</span> 
     </span>
     <span class='ocr_line' id='line_1_30' title="bbox 345 1633 1015 1681; baseline 0 -13"><span class='ocrx_word' id='word_1_152' title='bbox 345 1633 490 1681; x_wconf 84' lang='lat' dir='ltr'>periore,</span> <span class='ocrx_word' id='word_1_153' title='bbox 528 1635 634 1669; x_wconf 91' lang='lat' dir='ltr'>Cotta</span> <span class='ocrx_word' id='word_1_154' title='bbox 657 1642 694 1668; x_wconf 81' lang='lat' dir='ltr'>et</span> <span class='ocrx_word' id='word_1_155' title='bbox 721 1633 908 1680; x_wconf 81' lang='lat' dir='ltr'>Torquato</span> <span class='ocrx_word' id='word_1_156' title='bbox 936 1633 1015 1668; x_wconf 83' lang='lat' dir='ltr'>coss.</span> 
     </span>
     <span class='ocr_line' id='line_1_31' title="bbox 344 1681 1014 1729; baseline -0.001 -12"><span class='ocrx_word' id='word_1_157' title='bbox 344 1682 448 1717; x_wconf 88' lang='lat' dir='ltr'>etiam</span> <span class='ocrx_word' id='word_1_158' title='bbox 465 1682 621 1729; x_wconf 85' lang='lat' dir='ltr'>exegisse,</span> <span class='ocrx_word' id='word_1_159' title='bbox 648 1682 856 1717; x_wconf 88' lang='lat' dir='ltr'>Plutarchus</span> <span class='ocrx_word' id='word_1_160' title='bbox 885 1681 918 1717; x_wconf 93' lang='lat' dir='ltr'>in</span> <span class='ocrx_word' id='word_1_161' title='bbox 945 1681 1014 1716; x_wconf 92' lang='lat' dir='ltr'>Ca-</span> 
     </span>
     <span class='ocr_line' id='line_1_32' title="bbox 346 1730 1013 1778; baseline -0.001 -12"><span class='ocrx_word' id='word_1_162' title='bbox 346 1740 427 1766; x_wconf 85' lang='lat' dir='ltr'>tone</span> <span class='ocrx_word' id='word_1_163' title='bbox 463 1730 589 1766; x_wconf 84' lang='lat' dir='ltr'>scribit.</span> <span class='ocrx_word' id='word_1_164' title='bbox 637 1731 768 1778; x_wconf 84' lang='lat' dir='ltr'>Neque</span> <span class='ocrx_word' id='word_1_165' title='bbox 806 1730 916 1765; x_wconf 89' lang='lat' dir='ltr'>solum</span> <span class='ocrx_word' id='word_1_166' title='bbox 948 1730 1013 1765; x_wconf 91' lang='lat' dir='ltr'>hoc</span> 
     </span>
     <span class='ocr_line' id='line_1_33' title="bbox 344 1778 1013 1827; baseline -0.001 -13"><span class='ocrx_word' id='word_1_167' title='bbox 344 1789 471 1827; x_wconf 83' lang='lat' dir='ltr'>praeter</span> <span class='ocrx_word' id='word_1_168' title='bbox 488 1778 687 1827; x_wconf 86' lang='lat' dir='ltr'>opinionem</span> <span class='ocrx_word' id='word_1_169' title='bbox 706 1779 939 1814; x_wconf 85' lang='lat' dir='ltr'>multitudinis</span> <span class='ocrx_word' id='word_1_170' title='bbox 957 1791 1013 1813; x_wconf 74' lang='lat' dir='ltr'>ac·</span> 
     </span>
     <span class='ocr_line' id='line_1_34' title="bbox 345 1827 1014 1874; baseline -0.001 -11"><span class='ocrx_word' id='word_1_171' title='bbox 345 1828 460 1864; x_wconf 81' lang='lat' dir='ltr'>cidisse</span> <span class='ocrx_word' id='word_1_172' title='bbox 475 1828 548 1863; x_wconf 92' lang='lat' dir='ltr'>Dio</span> <span class='ocrx_word' id='word_1_173' title='bbox 566 1827 624 1869; x_wconf 91' lang='lat' dir='ltr'>ait,</span> <span class='ocrx_word' id='word_1_174' title='bbox 651 1839 772 1863; x_wconf 87' lang='lat' dir='ltr'>verum</span> <span class='ocrx_word' id='word_1_175' title='bbox 789 1827 892 1862; x_wconf 78' lang='lat' dir='ltr'>etiam</span> <span class='ocrx_word' id='word_1_176' title='bbox 918 1827 1014 1874; x_wconf 87' lang='lat' dir='ltr'>quod</span> 
     </span>
     <span class='ocr_line' id='line_1_35' title="bbox 345 1876 1016 1924; baseline -0.004 -12"><span class='ocrx_word' id='word_1_177' title='bbox 345 1877 508 1919; x_wconf 85' lang='lat' dir='ltr'>Catilina,</span> <span class='ocrx_word' id='word_1_178' title='bbox 543 1877 604 1924; x_wconf 91' lang='lat' dir='ltr'>qui</span> <span class='ocrx_word' id='word_1_179' title='bbox 636 1877 827 1922; x_wconf 83' lang='lat' dir='ltr'>permultos</span> <span class='ocrx_word' id='word_1_180' title='bbox 862 1888 881 1910; x_wconf 88' lang='lat' dir='ltr'>a</span> <span class='ocrx_word' id='word_1_181' title='bbox 921 1876 1016 1922; x_wconf 87' lang='lat' dir='ltr'>Sylla</span> 
     </span>
     <span class='ocr_line' id='line_1_36' title="bbox 344 1923 1015 1973; baseline -0.003 -13"><span class='ocrx_word' id='word_1_182' title='bbox 344 1925 553 1973; x_wconf 83' lang='lat' dir='ltr'>proscriptos</span> <span class='ocrx_word' id='word_1_183' title='bbox 579 1925 764 1965; x_wconf 86' lang='lat' dir='ltr'>occiderat,</span> <span class='ocrx_word' id='word_1_184' title='bbox 791 1925 826 1959; x_wconf 91' lang='lat' dir='ltr'>in</span> <span class='ocrx_word' id='word_1_185' title='bbox 839 1923 1015 1970; x_wconf 89' lang='lat' dir='ltr'>judicium</span> 
     </span>
     <span class='ocr_line' id='line_1_37' title="bbox 345 1972 1016 2019; baseline -0.003 -10"><span class='ocrx_word' id='word_1_186' title='bbox 345 1974 515 2009; x_wconf 65' lang='lat' dir='ltr'>adductus</span> <span class='ocrx_word' id='word_1_187' title='bbox 531 1983 566 2008; x_wconf 86' lang='lat' dir='ltr'>et</span> <span class='ocrx_word' id='word_1_188' title='bbox 583 1973 760 2008; x_wconf 88' lang='lat' dir='ltr'>absolutus</span> <span class='ocrx_word' id='word_1_189' title='bbox 777 1972 854 2007; x_wconf 86' lang='lat' dir='ltr'>fuit.</span> <span class='ocrx_word' id='word_1_190' title='bbox 894 1974 1016 2019; x_wconf 87' lang='lat' dir='ltr'>Atque</span> 
     </span>
     <span class='ocr_line' id='line_1_38' title="bbox 345 2020 1015 2068; baseline -0.003 -11"><span class='ocrx_word' id='word_1_191' title='bbox 345 2022 412 2058; x_wconf 85' lang='lat' dir='ltr'>hoc</span> <span class='ocrx_word' id='word_1_192' title='bbox 427 2022 475 2057; x_wconf 87' lang='lat' dir='ltr'>est</span> <span class='ocrx_word' id='word_1_193' title='bbox 491 2022 579 2057; x_wconf 90' lang='lat' dir='ltr'>illud</span> <span class='ocrx_word' id='word_1_194' title='bbox 591 2020 778 2068; x_wconf 87' lang='lat' dir='ltr'>judicium,</span> <span class='ocrx_word' id='word_1_195' title='bbox 805 2021 839 2056; x_wconf 92' lang='lat' dir='ltr'>in</span> <span class='ocrx_word' id='word_1_196' title='bbox 857 2033 930 2068; x_wconf 89' lang='lat' dir='ltr'>quo</span> <span class='ocrx_word' id='word_1_197' title='bbox 947 2022 1015 2055; x_wconf 90' lang='lat' dir='ltr'>Ca-</span> 
     </span>
     <span class='ocr_line' id='line_1_39' title="bbox 346 2069 1014 2118; baseline -0.003 -12"><span class='ocrx_word' id='word_1_198' title='bbox 346 2070 456 2106; x_wconf 83' lang='lat' dir='ltr'>tilinae</span> <span class='ocrx_word' id='word_1_199' title='bbox 486 2071 711 2118; x_wconf 88' lang='lat' dir='ltr'>Torquatum</span> <span class='ocrx_word' id='word_1_200' title='bbox 753 2082 822 2106; x_wconf 93' lang='lat' dir='ltr'>non</span> <span class='ocrx_word' id='word_1_201' title='bbox 859 2069 1014 2112; x_wconf 84' lang='lat' dir='ltr'>adfuisse,</span> 
     </span>
     <span class='ocr_line' id='line_1_40' title="bbox 345 2118 1014 2164; baseline -0.003 -10"><span class='ocrx_word' id='word_1_202' title='bbox 345 2130 428 2154; x_wconf 87' lang='lat' dir='ltr'>cum</span> <span class='ocrx_word' id='word_1_203' title='bbox 461 2119 607 2154; x_wconf 79' lang='lat' dir='ltr'>adessent</span> <span class='ocrx_word' id='word_1_204' title='bbox 637 2119 765 2161; x_wconf 82' lang='lat' dir='ltr'>caeteri,</span> <span class='ocrx_word' id='word_1_205' title='bbox 801 2118 924 2154; x_wconf 91' lang='lat' dir='ltr'>Cicero</span> <span class='ocrx_word' id='word_1_206' title='bbox 953 2128 1014 2164; x_wconf 87' lang='lat' dir='ltr'>pro</span> 
     </span>
     <span class='ocr_line' id='line_1_41' title="bbox 346 2167 1015 2215; baseline 0 -14"><span class='ocrx_word' id='word_1_207' title='bbox 346 2167 428 2212; x_wconf 74' lang='lat' dir='ltr'>Sylla</span> <span class='ocrx_word' id='word_1_208' title='bbox 450 2167 547 2210; x_wconf 87' lang='lat' dir='ltr'>dicit,</span> <span class='ocrx_word' id='word_1_209' title='bbox 572 2177 638 2214; x_wconf 85' lang='lat' dir='ltr'>cap.</span> <span class='ocrx_word' id='word_1_210' title='bbox 669 2180 726 2215; x_wconf 88' lang='lat'>29.</span> <span class='ocrx_word' id='word_1_211' title='bbox 780 2167 965 2202; x_wconf 85' lang='lat' dir='ltr'>Catilinam</span> <span class='ocrx_word' id='word_1_212' title='bbox 995 2179 1015 2201; x_wconf 91' lang='lat' dir='ltr'>a</span> 
     </span>
     <span class='ocr_line' id='line_1_42' title="bbox 347 2215 1015 2251; baseline -0.001 0"><span class='ocrx_word' id='word_1_213' title='bbox 347 2215 393 2251; x_wconf 92' lang='lat' dir='ltr'>L.</span> <span class='ocrx_word' id='word_1_214' title='bbox 431 2216 587 2251; x_wconf 75' lang='lat' dir='ltr'>Lucullo</span> <span class='ocrx_word' id='word_1_215' title='bbox 622 2227 721 2251; x_wconf 85' lang='lat' dir='ltr'>reum</span> <span class='ocrx_word' id='word_1_216' title='bbox 760 2215 847 2250; x_wconf 83' lang='lat' dir='ltr'>inter</span> <span class='ocrx_word' id='word_1_217' title='bbox 879 2216 1015 2250; x_wconf 82' lang='lat' dir='ltr'>ficarios</span> 
     </span>
     <span class='ocr_line' id='line_1_43' title="bbox 346 2263 1016 2313; baseline 0 -14"><span class='ocrx_word' id='word_1_218' title='bbox 346 2263 480 2299; x_wconf 62' lang='lat' dir='ltr'>fafiturn</span> <span class='ocrx_word' id='word_1_219' title='bbox 519 2263 597 2312; x_wconf 86' lang='lat' dir='ltr'>post</span> <span class='ocrx_word' id='word_1_220' title='bbox 633 2264 802 2313; x_wconf 88' lang='lat' dir='ltr'>repulsam</span> <span class='ocrx_word' id='word_1_221' title='bbox 844 2264 1016 2300; x_wconf 86' lang='lat' dir='ltr'>Asconius</span> 
     </span>
     <span class='ocr_line' id='line_1_44' title="bbox 346 2312 475 2348; baseline -0.008 0"><span class='ocrx_word' id='word_1_222' title='bbox 346 2312 475 2348; x_wconf 87' lang='lat' dir='ltr'>scribit.</span> 
     </span>
    </p>

    <p class='ocr_par' dir='ltr' id='par_1_6' title="bbox 346 2359 1020 2505">
     <span class='ocr_line' id='line_1_45' title="bbox 395 2359 1014 2396; baseline -0.003 0"><span class='ocrx_word' id='word_1_223' title='bbox 395 2360 480 2396; x_wconf 89' lang='lat' dir='ltr'>Fuit</span> <span class='ocrx_word' id='word_1_224' title='bbox 498 2359 562 2396; x_wconf 92' lang='lat' dir='ltr'>hoc</span> <span class='ocrx_word' id='word_1_225' title='bbox 580 2371 670 2395; x_wconf 88' lang='lat' dir='ltr'>anno</span> <span class='ocrx_word' id='word_1_226' title='bbox 689 2360 804 2396; x_wconf 85' lang='lat' dir='ltr'>censor</span> <span class='ocrx_word' id='word_1_227' title='bbox 830 2361 873 2396; x_wconf 88' lang='lat' dir='ltr'>L.</span> <span class='ocrx_word' id='word_1_228' title='bbox 900 2361 1014 2395; x_wconf 88' lang='lat' dir='ltr'>Aure·</span> 
     </span>
     <span class='ocr_line' id='line_1_46' title="bbox 346 2409 1016 2450; baseline -0.003 -5"><span class='ocrx_word' id='word_1_229' title='bbox 346 2410 414 2445; x_wconf 85' lang='lat' dir='ltr'>lius</span> <span class='ocrx_word' id='word_1_230' title='bbox 442 2410 560 2450; x_wconf 89' lang='lat' dir='ltr'>Cotta,</span> <span class='ocrx_word' id='word_1_231' title='bbox 588 2419 627 2444; x_wconf 91' lang='lat' dir='ltr'>ut</span> <span class='ocrx_word' id='word_1_232' title='bbox 657 2409 863 2444; x_wconf 86' lang='lat' dir='ltr'>Plutarchus</span> <span class='ocrx_word' id='word_1_233' title='bbox 881 2411 1016 2444; x_wconf 84' lang='lat' dir='ltr'>inCice-</span> 
     </span>
     <span class='ocr_line' id='line_1_47' title="bbox 346 2457 1020 2505; baseline -0.004 -11"><span class='ocrx_word' id='word_1_234' title='bbox 346 2469 420 2495; x_wconf 72' lang='lat' dir='ltr'>rone</span> <span class='ocrx_word' id='word_1_235' title='bbox 456 2457 617 2493; x_wconf 74' lang='lat' dir='ltr'>ostendit.</span> <span class='ocrx_word' id='word_1_236' title='bbox 680 2457 803 2505; x_wconf 90' lang='lat' dir='ltr'>ltaque</span> <span class='ocrx_word' id='word_1_237' title='bbox 834 2458 879 2493; x_wconf 87' lang='lat' dir='ltr'>L.</span> <span class='ocrx_word' id='word_1_238' title='bbox 914 2457 1020 2493; x_wconf 82' lang='lat' dir='ltr'>Cotta</span> 
     </span>
    </p>
   </div>
   <div class='ocr_carea' id='block_1_5' title="bbox 431 2553 671 2596">
    <p class='ocr_par' dir='ltr' id='par_1_7' title="bbox 431 2553 671 2596">
     <span class='ocr_line' id='line_1_48' title="bbox 431 2553 671 2596; baseline -0.013 0"><span class='ocrx_word' id='word_1_239' title='bbox 431 2555 565 2596; x_wconf 72' lang='lat' dir='ltr'><strong>Tem.</strong></span> <span class='ocrx_word' id='word_1_240' title='bbox 597 2553 671 2593; x_wconf 85' lang='lat' dir='ltr'>IX.</span> 
     </span>
    </p>
   </div>
   <div class='ocr_carea' id='block_1_6' title="bbox 1065 420 1741 1389">
    <p class='ocr_par' dir='ltr' id='par_1_8' title="bbox 1065 420 1741 1389">
     <span class='ocr_line' id='line_1_49' title="bbox 1121 420 1737 468; baseline 0.01 -14"><span class='ocrx_word' id='word_1_241' title='bbox 1121 420 1289 456; x_wconf 87' lang='lat' dir='ltr'>Extremo</span> <span class='ocrx_word' id='word_1_242' title='bbox 1319 420 1421 468; x_wconf 86' lang='lat' dir='ltr'>hujus</span> <span class='ocrx_word' id='word_1_243' title='bbox 1451 423 1529 458; x_wconf 88' lang='lat' dir='ltr'>anni</span> <span class='ocrx_word' id='word_1_244' title='bbox 1562 425 1673 459; x_wconf 90' lang='lat' dir='ltr'>mense</span> <span class='ocrx_word' id='word_1_245' title='bbox 1697 426 1737 460; x_wconf 86' lang='lat' dir='ltr'>P.</span> 
     </span>
     <span class='ocr_line' id='line_1_50' title="bbox 1071 468 1739 519; baseline 0.01 -18"><span class='ocrx_word' id='word_1_246' title='bbox 1071 468 1235 503; x_wconf 82' lang='lat' dir='ltr'>Servilius</span> <span class='ocrx_word' id='word_1_247' title='bbox 1269 470 1397 504; x_wconf 86' lang='lat' dir='ltr'>Rullus</span> <span class='ocrx_word' id='word_1_248' title='bbox 1426 472 1588 507; x_wconf 83' lang='lat' dir='ltr'>tribunus</span> <span class='ocrx_word' id='word_1_249' title='bbox 1628 473 1739 519; x_wconf 87' lang='lat' dir='ltr'>plebis</span> 
     </span>
     <span class='ocr_line' id='line_1_51' title="bbox 1070 515 1739 568; baseline 0.009 -18"><span class='ocrx_word' id='word_1_250' title='bbox 1070 515 1156 551; x_wconf 91' lang='lat' dir='ltr'>inito</span> <span class='ocrx_word' id='word_1_251' title='bbox 1195 517 1393 564; x_wconf 85' lang='lat' dir='ltr'>magistratu</span> <span class='ocrx_word' id='word_1_252' title='bbox 1425 519 1536 565; x_wconf 85' lang='lat' dir='ltr'>legem</span> <span class='ocrx_word' id='word_1_253' title='bbox 1573 522 1739 568; x_wconf 86' lang='lat' dir='ltr'>agrariam</span> 
     </span>
     <span class='ocr_line' id='line_1_52' title="bbox 1069 566 1740 612; baseline 0.009 -13"><span class='ocrx_word' id='word_1_254' title='bbox 1069 566 1318 612; x_wconf 89' lang='lat' dir='ltr'>promulgavit,</span> <span class='ocrx_word' id='word_1_255' title='bbox 1346 576 1385 600; x_wconf 87' lang='lat' dir='ltr'>ut</span> <span class='ocrx_word' id='word_1_256' title='bbox 1403 567 1586 602; x_wconf 88' lang='lat' dir='ltr'>decemviri</span> <span class='ocrx_word' id='word_1_257' title='bbox 1605 569 1740 605; x_wconf 90' lang='lat' dir='ltr'>summo</span> 
     </span>
     <span class='ocr_line' id='line_1_53' title="bbox 1070 614 1741 662; baseline 0.007 -14"><span class='ocrx_word' id='word_1_258' title='bbox 1070 625 1151 648; x_wconf 91' lang='lat' dir='ltr'>cum</span> <span class='ocrx_word' id='word_1_259' title='bbox 1170 614 1314 662; x_wconf 86' lang='lat' dir='ltr'>imperio</span> <span class='ocrx_word' id='word_1_260' title='bbox 1332 626 1536 657; x_wconf 78' lang='lat' dir='ltr'>crearentur,</span> <span class='ocrx_word' id='word_1_261' title='bbox 1551 617 1611 662; x_wconf 91' lang='lat' dir='ltr'>qui</span> <span class='ocrx_word' id='word_1_262' title='bbox 1630 617 1664 652; x_wconf 93' lang='lat' dir='ltr'>in</span> <span class='ocrx_word' id='word_1_263' title='bbox 1681 618 1741 653; x_wconf 83' lang='lat' dir='ltr'>sua</span> 
     </span>
     <span class='ocr_line' id='line_1_54' title="bbox 1069 662 1740 711; baseline 0.007 -15"><span class='ocrx_word' id='word_1_264' title='bbox 1069 662 1234 710; x_wconf 90' lang='lat' dir='ltr'>potestate</span> <span class='ocrx_word' id='word_1_265' title='bbox 1265 662 1401 698; x_wconf 90' lang='lat' dir='ltr'>Italiam</span> <span class='ocrx_word' id='word_1_266' title='bbox 1436 673 1558 707; x_wconf 82' lang='lat' dir='ltr'>totam,</span> <span class='ocrx_word' id='word_1_267' title='bbox 1605 666 1740 711; x_wconf 87' lang='lat' dir='ltr'>Syriam</span> 
     </span>
     <span class='ocr_line' id='line_1_55' title="bbox 1070 710 1738 760; baseline 0.007 -15"><span class='ocrx_word' id='word_1_268' title='bbox 1070 710 1274 754; x_wconf 87' lang='lat' dir='ltr'>universam,</span> <span class='ocrx_word' id='word_1_269' title='bbox 1298 724 1407 759; x_wconf 88' lang='lat' dir='ltr'>eaque</span> <span class='ocrx_word' id='word_1_270' title='bbox 1424 713 1552 755; x_wconf 91' lang='lat' dir='ltr'>omnia,</span> <span class='ocrx_word' id='word_1_271' title='bbox 1570 725 1651 760; x_wconf 83' lang='lat' dir='ltr'>quae</span> <span class='ocrx_word' id='word_1_272' title='bbox 1670 715 1738 749; x_wconf 85' lang='lat' dir='ltr'>vir-</span> 
     </span>
     <span class='ocr_line' id='line_1_56' title="bbox 1069 760 1737 813; baseline 0.004 -19"><span class='ocrx_word' id='word_1_273' title='bbox 1069 768 1144 794; x_wconf 89' lang='lat' dir='ltr'>tute</span> <span class='ocrx_word' id='word_1_274' title='bbox 1170 760 1328 813; x_wconf 82' lang='lat' dir='ltr'>Pompeii</span> <span class='ocrx_word' id='word_1_275' title='bbox 1351 772 1464 796; x_wconf 78' lang='lat' dir='ltr'>recens</span> <span class='ocrx_word' id='word_1_276' title='bbox 1496 762 1639 808; x_wconf 87' lang='lat' dir='ltr'>imperio</span> <span class='ocrx_word' id='word_1_277' title='bbox 1664 763 1737 798; x_wconf 92' lang='lat' dir='ltr'>Ro-</span> 
     </span>
     <span class='ocr_line' id='line_1_57' title="bbox 1071 809 1735 855; baseline 0.006 -13"><span class='ocrx_word' id='word_1_278' title='bbox 1071 819 1173 843; x_wconf 89' lang='lat' dir='ltr'>mano</span> <span class='ocrx_word' id='word_1_279' title='bbox 1215 809 1346 855; x_wconf 60' lang='lat' dir='ltr'>adjecta</span> <span class='ocrx_word' id='word_1_280' title='bbox 1385 819 1496 852; x_wconf 89' lang='lat' dir='ltr'>erant,</span> <span class='ocrx_word' id='word_1_281' title='bbox 1549 810 1735 852; x_wconf 87' lang='lat' dir='ltr'>haberent·,</span> 
     </span>
     <span class='ocr_line' id='line_1_58' title="bbox 1070 856 1736 906; baseline 0.005 -15"><span class='ocrx_word' id='word_1_282' title='bbox 1070 857 1254 892; x_wconf 90' lang='lat' dir='ltr'>venderent</span> <span class='ocrx_word' id='word_1_283' title='bbox 1271 856 1446 904; x_wconf 89' lang='lat' dir='ltr'>quidquid</span> <span class='ocrx_word' id='word_1_284' title='bbox 1472 858 1655 905; x_wconf 83' lang='lat' dir='ltr'>publicum</span> <span class='ocrx_word' id='word_1_285' title='bbox 1673 871 1736 906; x_wconf 84' lang='lat' dir='ltr'>po-</span> 
     </span>
     <span class='ocr_line' id='line_1_59' title="bbox 1070 905 1738 953; baseline 0.004 -14"><span class='ocrx_word' id='word_1_286' title='bbox 1070 905 1145 952; x_wconf 88' lang='lat' dir='ltr'>puli</span> <span class='ocrx_word' id='word_1_287' title='bbox 1180 906 1284 940; x_wconf 87' lang='lat' dir='ltr'>Rom.</span> <span class='ocrx_word' id='word_1_288' title='bbox 1318 906 1423 946; x_wconf 67' lang='lat' dir='ltr'>esset,</span> <span class='ocrx_word' id='word_1_289' title='bbox 1458 906 1654 953; x_wconf 86' lang='lat' dir='ltr'>judicarent</span> <span class='ocrx_word' id='word_1_290' title='bbox 1695 909 1738 942; x_wconf 86' lang='lat' dir='ltr'>de</span> 
     </span>
     <span class='ocr_line' id='line_1_60' title="bbox 1069 953 1737 1003; baseline 0.004 -15"><span class='ocrx_word' id='word_1_291' title='bbox 1069 953 1245 996; x_wconf 91' lang='lat' dir='ltr'>omnibus,</span> <span class='ocrx_word' id='word_1_292' title='bbox 1271 954 1315 989; x_wconf 87' lang='lat' dir='ltr'>de</span> <span class='ocrx_word' id='word_1_293' title='bbox 1343 954 1474 1001; x_wconf 88' lang='lat' dir='ltr'>quibus</span> <span class='ocrx_word' id='word_1_294' title='bbox 1504 956 1565 1003; x_wconf 80' lang='lat' dir='ltr'>ipsi</span> <span class='ocrx_word' id='word_1_295' title='bbox 1597 957 1737 998; x_wconf 84' lang='lat' dir='ltr'>vellent,</span> 
     </span>
     <span class='ocr_line' id='line_1_61' title="bbox 1069 1001 1736 1049; baseline 0.006 -13"><span class='ocrx_word' id='word_1_296' title='bbox 1069 1001 1185 1037; x_wconf 86' lang='lat' dir='ltr'>exules</span> <span class='ocrx_word' id='word_1_297' title='bbox 1215 1001 1386 1049; x_wconf 84' lang='lat' dir='ltr'>ejicerent,</span> <span class='ocrx_word' id='word_1_298' title='bbox 1412 1005 1564 1039; x_wconf 85' lang='lat' dir='ltr'>colonias</span> <span class='ocrx_word' id='word_1_299' title='bbox 1590 1004 1736 1040; x_wconf 84' lang='lat' dir='ltr'>deduce-</span> 
     </span>
     <span class='ocr_line' id='line_1_62' title="bbox 1069 1051 1737 1101; baseline 0.004 -16"><span class='ocrx_word' id='word_1_300' title='bbox 1069 1060 1155 1093; x_wconf 89' lang='lat' dir='ltr'>rent,</span> <span class='ocrx_word' id='word_1_301' title='bbox 1193 1051 1376 1099; x_wconf 87' lang='lat' dir='ltr'>pecuniam</span> <span class='ocrx_word' id='word_1_302' title='bbox 1410 1064 1452 1086; x_wconf 87' lang='lat' dir='ltr'>ex</span> <span class='ocrx_word' id='word_1_303' title='bbox 1483 1053 1603 1088; x_wconf 76' lang='lat' dir='ltr'>aerario</span> <span class='ocrx_word' id='word_1_304' title='bbox 1637 1065 1737 1101; x_wconf 88' lang='lat' dir='ltr'>cape-</span> 
     </span>
     <span class='ocr_line' id='line_1_63' title="bbox 1068 1100 1735 1148; baseline 0.006 -15"><span class='ocrx_word' id='word_1_305' title='bbox 1068 1109 1154 1141; x_wconf 88' lang='lat' dir='ltr'>rent,</span> <span class='ocrx_word' id='word_1_306' title='bbox 1181 1100 1318 1142; x_wconf 85' lang='lat' dir='ltr'>milites,</span> <span class='ocrx_word' id='word_1_307' title='bbox 1344 1110 1434 1147; x_wconf 85' lang='lat' dir='ltr'>quot</span> <span class='ocrx_word' id='word_1_308' title='bbox 1454 1113 1543 1148; x_wconf 89' lang='lat' dir='ltr'>opus</span> <span class='ocrx_word' id='word_1_309' title='bbox 1561 1101 1735 1143; x_wconf 81' lang='lat' dir='ltr'>haberent,</span> 
     </span>
     <span class='ocr_line' id='line_1_64' title="bbox 1067 1147 1737 1186; baseline 0.007 -5"><span class='ocrx_word' id='word_1_310' title='bbox 1067 1147 1316 1183; x_wconf 85' lang='lat' dir='ltr'>conscriberent</span> <span class='ocrx_word' id='word_1_311' title='bbox 1363 1158 1398 1184; x_wconf 91' lang='lat' dir='ltr'>et</span> <span class='ocrx_word' id='word_1_312' title='bbox 1447 1150 1583 1186; x_wconf 87' lang='lat' dir='ltr'>alerent.</span> <span class='ocrx_word' id='word_1_313' title='bbox 1644 1151 1737 1186; x_wconf 78' lang='lat' dir='ltr'>Haec</span> 
     </span>
     <span class='ocr_line' id='line_1_65' title="bbox 1066 1196 1737 1244; baseline 0.006 -14"><span class='ocrx_word' id='word_1_314' title='bbox 1066 1196 1179 1243; x_wconf 89' lang='lat' dir='ltr'>capita</span> <span class='ocrx_word' id='word_1_315' title='bbox 1202 1196 1285 1244; x_wconf 86' lang='lat' dir='ltr'>legis</span> <span class='ocrx_word' id='word_1_316' title='bbox 1313 1197 1456 1243; x_wconf 85' lang='lat' dir='ltr'>agrariae</span> <span class='ocrx_word' id='word_1_317' title='bbox 1478 1198 1686 1234; x_wconf 89' lang='lat' dir='ltr'>Plutarchus</span> <span class='ocrx_word' id='word_1_318' title='bbox 1703 1203 1737 1234; x_wconf 85' lang='lat' dir='ltr'>in</span> 
     </span>
     <span class='ocr_line' id='line_1_66' title="bbox 1065 1245 1737 1293; baseline 0.006 -14"><span class='ocrx_word' id='word_1_319' title='bbox 1065 1246 1208 1279; x_wconf 81' lang='lat' dir='ltr'>Cicerone</span> <span class='ocrx_word' id='word_1_320' title='bbox 1226 1246 1370 1280; x_wconf 78' lang='lat' dir='ltr'>recenset</span> <span class='ocrx_word' id='word_1_321' title='bbox 1385 1259 1393 1281; x_wconf 72' lang='grc' dir='ltr'>ε</span> <span class='ocrx_word' id='word_1_322' title='bbox 1422 1245 1491 1293; x_wconf 87' lang='lat' dir='ltr'>ipse</span> <span class='ocrx_word' id='word_1_323' title='bbox 1509 1247 1542 1281; x_wconf 93' lang='lat' dir='ltr'>in</span> <span class='ocrx_word' id='word_1_324' title='bbox 1559 1248 1737 1283; x_wconf 87' lang='lat' dir='ltr'>Orationi·</span> 
     </span>
     <span class='ocr_line' id='line_1_67' title="bbox 1066 1291 1736 1343; baseline 0.007 -16"><span class='ocrx_word' id='word_1_325' title='bbox 1066 1291 1132 1327; x_wconf 89' lang='lat' dir='ltr'>bus</span> <span class='ocrx_word' id='word_1_326' title='bbox 1150 1294 1249 1340; x_wconf 92' lang='lat' dir='ltr'>plura</span> <span class='ocrx_word' id='word_1_327' title='bbox 1266 1294 1381 1338; x_wconf 85' lang='lat' dir='ltr'>habet,</span> <span class='ocrx_word' id='word_1_328' title='bbox 1408 1294 1463 1330; x_wconf 89' lang='lat' dir='ltr'>sed</span> <span class='ocrx_word' id='word_1_329' title='bbox 1490 1307 1572 1343; x_wconf 83' lang='lat' dir='ltr'>quae</span> <span class='ocrx_word' id='word_1_330' title='bbox 1589 1297 1633 1332; x_wconf 88' lang='lat' dir='ltr'>ad</span> <span class='ocrx_word' id='word_1_331' title='bbox 1660 1296 1736 1332; x_wconf 88' lang='lat' dir='ltr'>haec</span> 
     </span>
     <span class='ocr_line' id='line_1_68' title="bbox 1067 1350 1269 1389; baseline 0.005 -13"><span class='ocrx_word' id='word_1_332' title='bbox 1067 1350 1269 1389; x_wconf 81' lang='lat' dir='ltr'>pertineant.</span> 
     </span>
    </p>
   </div>
   <div class='ocr_carea' id='block_1_7' title="bbox 1066 1490 1731 1601">
    <p class='ocr_par' dir='ltr' id='par_1_9' title="bbox 1066 1490 1731 1601">
     <span class='ocr_line' id='line_1_69' title="bbox 1066 1490 1731 1545; baseline 0.008 -17"><span class='ocrx_word' id='word_1_333' title='bbox 1066 1490 1177 1529; x_wconf 82' lang='lat' dir='ltr'>Anno</span> <span class='ocrx_word' id='word_1_334' title='bbox 1194 1490 1306 1531; x_wconf 84' lang='lat' dir='ltr'>Urbis</span> <span class='ocrx_word' id='word_1_335' title='bbox 1325 1491 1421 1543; x_wconf 91' lang='lat'>690.</span> <span class='ocrx_word' id='word_1_336' title='bbox 1465 1492 1645 1532; x_wconf 82' lang='lat' dir='ltr'>Ciceronis</span> <span class='ocrx_word' id='word_1_337' title='bbox 1663 1506 1731 1545; x_wconf 80' lang='lat'>44.</span> 
     </span>
     <span class='ocr_line' id='line_1_70' title="bbox 1210 1560 1596 1601; baseline 0.005 -2"><span class='ocrx_word' id='word_1_338' title='bbox 1210 1560 1402 1599; x_wconf 89' lang='lat' dir='ltr'>Consules</span> <span class='ocrx_word' id='word_1_339' title='bbox 1433 1560 1596 1601; x_wconf 88' lang='lat' dir='ltr'>fuerunt</span> 
     </span>
    </p>
   </div>
   <div class='ocr_carea' id='block_1_8' title="bbox 1134 1621 1670 1722">
    <p class='ocr_par' dir='ltr' id='par_1_10' title="bbox 1134 1621 1670 1722">
     <span class='ocr_line' id='line_1_71' title="bbox 1134 1621 1670 1669; baseline 0.004 -9"><span class='ocrx_word' id='word_1_340' title='bbox 1134 1621 1199 1660; x_wconf 90' lang='lat' dir='ltr'>M.</span> <span class='ocrx_word' id='word_1_341' title='bbox 1232 1623 1442 1660; x_wconf 76' lang='lat' dir='ltr'>TULLms</span> <span class='ocrx_word' id='word_1_342' title='bbox 1476 1623 1670 1669; x_wconf 70' lang='lat' dir='ltr'>Cicano,</span> 
     </span>
     <span class='ocr_line' id='line_1_72' title="bbox 1229 1683 1572 1722; baseline 0.003 -1"><span class='ocrx_word' id='word_1_343' title='bbox 1229 1683 1278 1721; x_wconf 89' lang='lat' dir='ltr'>C.</span> <span class='ocrx_word' id='word_1_344' title='bbox 1311 1683 1572 1722; x_wconf 76' lang='lat' dir='ltr'><strong>ANTONIUS.</strong></span> 
     </span>
    </p>
   </div>
   <div class='ocr_carea' id='block_1_9' title="bbox 1063 1778 1738 2506">
    <p class='ocr_par' dir='ltr' id='par_1_11' title="bbox 1063 1778 1738 2506">
     <span class='ocr_line' id='line_1_73' title="bbox 1113 1778 1733 1824; baseline 0.005 -10"><span class='ocrx_word' id='word_1_345' title='bbox 1113 1778 1192 1815; x_wconf 89' lang='lat' dir='ltr'>Kal.</span> <span class='ocrx_word' id='word_1_346' title='bbox 1227 1778 1382 1824; x_wconf 89' lang='lat' dir='ltr'>Januarii</span> <span class='ocrx_word' id='word_1_347' title='bbox 1411 1779 1534 1815; x_wconf 91' lang='lat' dir='ltr'>Cicero</span> <span class='ocrx_word' id='word_1_348' title='bbox 1565 1780 1596 1815; x_wconf 90' lang='lat' dir='ltr'>se</span> <span class='ocrx_word' id='word_1_349' title='bbox 1630 1782 1733 1817; x_wconf 87' lang='lat' dir='ltr'>Rem-</span> 
     </span>
     <span class='ocr_line' id='line_1_74' title="bbox 1064 1827 1733 1875; baseline 0.004 -13"><span class='ocrx_word' id='word_1_350' title='bbox 1064 1828 1163 1874; x_wconf 87' lang='lat' dir='ltr'>publ.</span> <span class='ocrx_word' id='word_1_351' title='bbox 1191 1828 1352 1875; x_wconf 83' lang='lat' dir='ltr'>accepisse</span> <span class='ocrx_word' id='word_1_352' title='bbox 1376 1827 1516 1874; x_wconf 86' lang='lat' dir='ltr'>plenam</span> <span class='ocrx_word' id='word_1_353' title='bbox 1546 1829 1733 1865; x_wconf 87' lang='lat' dir='ltr'>solicitudi-</span> 
     </span>
     <span class='ocr_line' id='line_1_75' title="bbox 1066 1875 1732 1925; baseline 0.006 -16"><span class='ocrx_word' id='word_1_354' title='bbox 1066 1876 1130 1917; x_wconf 82' lang='lat' dir='ltr'>nis,</span> <span class='ocrx_word' id='word_1_355' title='bbox 1156 1875 1292 1922; x_wconf 82' lang='lat' dir='ltr'>plenam</span> <span class='ocrx_word' id='word_1_356' title='bbox 1322 1876 1470 1919; x_wconf 87' lang='lat' dir='ltr'>timoris,</span> <span class='ocrx_word' id='word_1_357' title='bbox 1498 1877 1530 1911; x_wconf 91' lang='lat' dir='ltr'>in</span> <span class='ocrx_word' id='word_1_358' title='bbox 1555 1890 1625 1925; x_wconf 88' lang='lat' dir='ltr'>qua</span> <span class='ocrx_word' id='word_1_359' title='bbox 1647 1879 1732 1914; x_wconf 89' lang='lat' dir='ltr'>nihil</span> 
     </span>
     <span class='ocr_line' id='line_1_76' title="bbox 1064 1924 1732 1973; baseline 0.007 -15"><span class='ocrx_word' id='word_1_360' title='bbox 1064 1925 1143 1959; x_wconf 88' lang='lat' dir='ltr'>esset</span> <span class='ocrx_word' id='word_1_361' title='bbox 1161 1925 1256 1967; x_wconf 85' lang='lat' dir='ltr'>mali,</span> <span class='ocrx_word' id='word_1_362' title='bbox 1283 1924 1368 1959; x_wconf 84' lang='lat' dir='ltr'>nihil</span> <span class='ocrx_word' id='word_1_363' title='bbox 1386 1924 1530 1966; x_wconf 77' lang='lat' dir='ltr'>adversi,</span> <span class='ocrx_word' id='word_1_364' title='bbox 1548 1927 1644 1973; x_wconf 91' lang='lat' dir='ltr'>quod</span> <span class='ocrx_word' id='word_1_365' title='bbox 1663 1939 1732 1962; x_wconf 89' lang='lat' dir='ltr'>non</span> 
     </span>
     <span class='ocr_line' id='line_1_77' title="bbox 1066 1972 1735 2024; baseline 0.006 -17"><span class='ocrx_word' id='word_1_366' title='bbox 1066 1972 1148 2008; x_wconf 89' lang='lat' dir='ltr'>boni</span> <span class='ocrx_word' id='word_1_367' title='bbox 1175 1983 1377 2015; x_wconf 86' lang='lat' dir='ltr'>metuerent,</span> <span class='ocrx_word' id='word_1_368' title='bbox 1405 1973 1555 2020; x_wconf 88' lang='lat' dir='ltr'>improbi</span> <span class='ocrx_word' id='word_1_369' title='bbox 1577 1976 1735 2024; x_wconf 63' lang='lat' dir='ltr'>exposta-</span> 
     </span>
     <span class='ocr_line' id='line_1_78' title="bbox 1065 2021 1735 2068; baseline 0.003 -12"><span class='ocrx_word' id='word_1_370' title='bbox 1065 2031 1151 2063; x_wconf 89' lang='lat' dir='ltr'>rent,</span> <span class='ocrx_word' id='word_1_371' title='bbox 1178 2021 1225 2056; x_wconf 87' lang='lat' dir='ltr'>ait</span> <span class='ocrx_word' id='word_1_372' title='bbox 1243 2024 1361 2068; x_wconf 89' lang='lat' dir='ltr'>Agrar.</span> <span class='ocrx_word' id='word_1_373' title='bbox 1390 2022 1435 2057; x_wconf 85' lang='lat' dir='ltr'>II.</span> <span class='ocrx_word' id='word_1_374' title='bbox 1461 2032 1527 2067; x_wconf 88' lang='lat' dir='ltr'>cap.</span> <span class='ocrx_word' id='word_1_375' title='bbox 1556 2034 1587 2068; x_wconf 84' lang='lat'>3.</span> <span class='ocrx_word' id='word_1_376' title='bbox 1640 2025 1735 2059; x_wconf 84' lang='lat' dir='ltr'>Nam</span> 
     </span>
     <span class='ocr_line' id='line_1_79' title="bbox 1065 2069 1733 2117; baseline 0.004 -13"><span class='ocrx_word' id='word_1_377' title='bbox 1065 2069 1194 2104; x_wconf 86' lang='lat' dir='ltr'>tribuni</span> <span class='ocrx_word' id='word_1_378' title='bbox 1230 2071 1278 2117; x_wconf 89' lang='lat' dir='ltr'>pl.</span> <span class='ocrx_word' id='word_1_379' title='bbox 1311 2080 1351 2105; x_wconf 88' lang='lat' dir='ltr'>ut</span> <span class='ocrx_word' id='word_1_380' title='bbox 1379 2070 1452 2105; x_wconf 88' lang='lat' dir='ltr'>Dio</span> <span class='ocrx_word' id='word_1_381' title='bbox 1483 2070 1608 2112; x_wconf 82' lang='lat' dir='ltr'>scribit,</span> <span class='ocrx_word' id='word_1_382' title='bbox 1644 2073 1733 2107; x_wconf 56' lang='lat' dir='ltr'>nacti</span> 
     </span>
     <span class='ocr_line' id='line_1_80' title="bbox 1063 2118 1733 2156; baseline 0.006 -4"><span class='ocrx_word' id='word_1_383' title='bbox 1063 2118 1261 2153; x_wconf 86' lang='lat' dir='ltr'>Antonium</span> <span class='ocrx_word' id='word_1_384' title='bbox 1281 2118 1346 2153; x_wconf 85' lang='lat' dir='ltr'>cos.</span> <span class='ocrx_word' id='word_1_385' title='bbox 1366 2118 1521 2154; x_wconf 88' lang='lat' dir='ltr'>moribus</span> <span class='ocrx_word' id='word_1_386' title='bbox 1541 2121 1602 2155; x_wconf 78' lang='lat' dir='ltr'>sibi</span> <span class='ocrx_word' id='word_1_387' title='bbox 1630 2121 1733 2156; x_wconf 84' lang='lat' dir='ltr'>simil-</span> 
     </span>
     <span class='ocr_line' id='line_1_81' title="bbox 1065 2167 1734 2215; baseline 0.001 -13"><span class='ocrx_word' id='word_1_388' title='bbox 1065 2167 1201 2209; x_wconf 90' lang='lat' dir='ltr'>limum,</span> <span class='ocrx_word' id='word_1_389' title='bbox 1231 2167 1353 2214; x_wconf 92' lang='lat' dir='ltr'>partim</span> <span class='ocrx_word' id='word_1_390' title='bbox 1372 2167 1496 2201; x_wconf 87' lang='lat' dir='ltr'>liberos</span> <span class='ocrx_word' id='word_1_391' title='bbox 1513 2180 1644 2210; x_wconf 85' lang='lat' dir='ltr'>eorum,</span> <span class='ocrx_word' id='word_1_392' title='bbox 1673 2169 1734 2215; x_wconf 80' lang='lat' dir='ltr'>qui</span> 
     </span>
     <span class='ocr_line' id='line_1_82' title="bbox 1066 2215 1733 2263; baseline 0.003 -13"><span class='ocrx_word' id='word_1_393' title='bbox 1066 2227 1084 2250; x_wconf 90' lang='lat' dir='ltr'>a</span> <span class='ocrx_word' id='word_1_394' title='bbox 1112 2216 1206 2262; x_wconf 91' lang='lat' dir='ltr'>Sylla</span> <span class='ocrx_word' id='word_1_395' title='bbox 1235 2216 1427 2263; x_wconf 84' lang='lat' dir='ltr'>proscripti,</span> <span class='ocrx_word' id='word_1_396' title='bbox 1454 2215 1625 2251; x_wconf 82' lang='lat' dir='ltr'>honorum</span> <span class='ocrx_word' id='word_1_397' title='bbox 1649 2221 1733 2263; x_wconf 82' lang='lat' dir='ltr'>peti-</span> 
     </span>
     <span class='ocr_line' id='line_1_83' title="bbox 1067 2264 1736 2311; baseline 0.004 -13"><span class='ocrx_word' id='word_1_398' title='bbox 1067 2264 1158 2299; x_wconf 86' lang='lat' dir='ltr'>tione</span> <span class='ocrx_word' id='word_1_399' title='bbox 1177 2265 1302 2311; x_wconf 86' lang='lat' dir='ltr'>priv-ati</span> <span class='ocrx_word' id='word_1_400' title='bbox 1317 2274 1426 2304; x_wconf 80' lang='lat' dir='ltr'>erant,</span> <span class='ocrx_word' id='word_1_401' title='bbox 1452 2264 1494 2297; x_wconf 87' lang='lat' dir='ltr'>ad</span> <span class='ocrx_word' id='word_1_402' title='bbox 1519 2264 1736 2311; x_wconf 84' lang='lat' dir='ltr'>magistratus</span> 
     </span>
     <span class='ocr_line' id='line_1_84' title="bbox 1065 2312 1738 2359; baseline 0.003 -12"><span class='ocrx_word' id='word_1_403' title='bbox 1065 2312 1308 2352; x_wconf 73' lang='lat' dir='ltr'>adducebant3</span> <span class='ocrx_word' id='word_1_404' title='bbox 1348 2312 1471 2359; x_wconf 86' lang='lat' dir='ltr'>partim</span> <span class='ocrx_word' id='word_1_405' title='bbox 1503 2314 1542 2347; x_wconf 80' lang='lat' dir='ltr'>P.</span> <span class='ocrx_word' id='word_1_406' title='bbox 1573 2316 1674 2348; x_wconf 72' lang='lat' dir='ltr'>Paeto</span> <span class='ocrx_word' id='word_1_407' title='bbox 1702 2324 1738 2349; x_wconf 90' lang='lat' dir='ltr'>et</span> 
     </span>
     <span class='ocr_line' id='line_1_85' title="bbox 1066 2361 1737 2409; baseline 0.003 -14"><span class='ocrx_word' id='word_1_408' title='bbox 1066 2361 1230 2396; x_wconf 87' lang='lat' dir='ltr'>Cornelio</span> <span class='ocrx_word' id='word_1_409' title='bbox 1271 2361 1392 2407; x_wconf 79' lang='lat' dir='ltr'>Syllae,</span> <span class='ocrx_word' id='word_1_410' title='bbox 1435 2362 1496 2406; x_wconf 77' lang='lat' dir='ltr'>qui</span> <span class='ocrx_word' id='word_1_411' title='bbox 1540 2373 1621 2396; x_wconf 92' lang='lat' dir='ltr'>cum</span> <span class='ocrx_word' id='word_1_412' title='bbox 1664 2362 1737 2409; x_wconf 85' lang='lat' dir='ltr'>ipso</span> 
     </span>
     <span class='ocr_line' id='line_1_86' title="bbox 1066 2408 1736 2457; baseline 0.003 -14"><span class='ocrx_word' id='word_1_413' title='bbox 1066 2409 1249 2444; x_wconf 83' lang='lat' dir='ltr'>damnatus</span> <span class='ocrx_word' id='word_1_414' title='bbox 1281 2408 1405 2450; x_wconf 82' lang='lat' dir='ltr'>fuerat,</span> <span class='ocrx_word' id='word_1_415' title='bbox 1431 2409 1630 2445; x_wconf 80' lang='lat' dir='ltr'>senatoriam</span> <span class='ocrx_word' id='word_1_416' title='bbox 1659 2411 1736 2457; x_wconf 85' lang='lat' dir='ltr'>dig-</span> 
     </span>
     <span class='ocr_line' id='line_1_87' title="bbox 1069 2457 1736 2506; baseline 0.004 -14"><span class='ocrx_word' id='word_1_417' title='bbox 1069 2458 1211 2493; x_wconf 80' lang='lat' dir='ltr'>nitatem</span> <span class='ocrx_word' id='word_1_418' title='bbox 1229 2457 1461 2499; x_wconf 80' lang='lat' dir='ltr'>restituebant,</span> <span class='ocrx_word' id='word_1_419' title='bbox 1488 2469 1590 2506; x_wconf 83' lang='lat' dir='ltr'>atque</span> <span class='ocrx_word' id='word_1_420' title='bbox 1609 2469 1648 2494; x_wconf 88' lang='lat' dir='ltr'>ut</span> <span class='ocrx_word' id='word_1_421' title='bbox 1665 2471 1736 2494; x_wconf 82' lang='lat' dir='ltr'>ma-</span> 
     </span>
    </p>
   </div>
   <div class='ocr_carea' id='block_1_10' title="bbox 1341 2553 1439 2592">
    <p class='ocr_par' dir='ltr' id='par_1_12' title="bbox 1341 2553 1439 2592">
     <span class='ocr_line' id='line_1_88' title="bbox 1341 2553 1439 2592; baseline 0 0"><span class='ocrx_word' id='word_1_422' title='bbox 1341 2553 1439 2592; x_wconf 88' lang='lat' dir='ltr'>Nn</span> 
     </span>
    </p>
   </div>
  </div>
 </body>
</html>
