2335 3009
753 200 860 239 AD
938 199 1341 241 BRUTUM.
1672 220 1745 260 103

353 310 489 342 autem
516 299 636 340 multi
665 297 925 352 suspicantur,
955 297 1063 351 quod
1095 311 1143 337 ne
1174 307 1211 337 te
1240 299 1403 352 quidem
1433 301 1552 340 nimis
1584 303 1745 342 firmum

355 367 429 406 effe
449 367 572 412 velit3
605 364 712 418 quod
732 378 806 417 ego
830 377 910 403 non
940 363 1126 417 suspicor.
1173 365 1294 415 Qod
1324 366 1474 413 scribis,
1508 377 1545 406 te
1574 368 1620 406 ad
1642 370 1744 407 Ter-

354 434 453 472 tiam
481 432 651 470 sororem
681 430 879 484 scripfiffe,
912 440 956 469 ut
987 443 1036 468 ne
1066 430 1175 483 prius
1207 430 1364 470 ederent
1393 447 1449 478 ea,
1481 448 1566 485 quae
1595 435 1698 486 gesta
1726 450 1747 474 a

357 497 485 536 Casfio
505 497 639 542 essent,
670 509 789 550 quam
819 494 921 534 mihi
948 495 1076 534 visum
1107 495 1225 540 effet;
1257 496 1371 534 video
1404 506 1440 535 te
1473 500 1643 537 veritum
1674 500 1746 538 effe

355 562 412 608 id,
443 563 550 616 quod
570 562 786 601 verendum
806 561 899 607 fuit,
931 574 980 599 ne
999 561 1122 599 animi
1142 561 1317 614 partium
1338 563 1512 608 Caesaris,
1544 565 1745 615 quomodo

354 630 474 668 etiam
510 641 617 667 nunc
646 636 774 681 partes
805 627 1068 680 appellantur,
1100 625 1352 665 vehementer
1386 639 1743 669 commoverentur.

356 693 430 732 Sed
450 703 554 739 ante,
584 707 704 746 quam
726 702 810 731 tuas
831 692 961 730 literas
982 692 1222 744 accepimus,
1244 692 1375 730 audita
1394 706 1452 731 res
1473 703 1568 739 erat,
1597 704 1635 732 et
1655 709 1745 748 per-

353 759 540 811 vulgata:
573 759 633 796 tui
664 758 784 796 etiam
814 757 1004 796 tabellarii
1037 757 1084 795 ad
1104 757 1254 796 multos
1275 756 1486 797 familiares
1508 769 1595 798 tuos
1616 760 1746 800 literas

354 824 582 862 attulerant.
617 824 749 875 Qare
769 836 897 874 neque
917 822 1196 875 supprimenda
1215 836 1273 861 res
1294 832 1389 869 erat,
1419 823 1632 876 praesertim
1653 839 1747 864 cum

354 889 396 928 id
417 889 502 928 fieri
523 903 602 927 non
622 888 745 942 poffet
761 907 773 934 ς
806 901 948 941 neque,
980 888 1006 926 fi
1026 887 1163 940 poffet,
1195 902 1275 926 non
1296 889 1576 942 divulgandam
1596 892 1745 943 potius,

355 967 476 1008 quam
496 955 788 1000 occultandam,
819 963 1062 1008 putaremus.
1095 954 1158 992 De
1179 955 1373 993 Cicerone
1394 969 1497 1000 meo,
1525 965 1579 1001 et,
1611 956 1635 994 fi
1659 966 1745 995 tan-

355 1030 445 1059 tum
464 1020 518 1059 est
549 1021 591 1059 in
620 1034 666 1059 eo
692 1030 887 1073 quantum
906 1020 1059 1065 scribis,
1090 1029 1246 1059 tantum
1267 1021 1431 1066 scilicet,
1462 1031 1655 1074 quantum
1677 1023 1746 1061 de·-

357 1086 446 1132 beo,
477 1086 628 1139 gaudeo
647 1101 656 1125 :
688 1095 741 1132 et,
773 1086 815 1131 fi,
847 1085 955 1139 quod
975 1099 1077 1123 amas
1098 1099 1205 1131 eum,
1231 1100 1279 1125 eo
1298 1089 1442 1141 majora
1462 1087 1559 1126 facis
1576 1107 1588 1133 ς
1620 1088 1660 1126 id
1680 1089 1744 1141 ip-

356 1151 444 1191 sum
463 1151 750 1191 incredibiliter
769 1151 934 1204 gaudee,
965 1164 986 1189 a
1006 1160 1043 1189 te
1063 1164 1154 1189 eum
1175 1151 1303 1204 diligi.

756 1354 999 1393 Cre-1:1³0
1049 1354 1263 1392 BRUTO
1314 1354 1351 1392 S.

356 1485 410 1524 V.
435 1483 511 1573 Q
527 1484 630 1522 UAE
661 1482 782 1521 literae
814 1491 884 1521 tuo
904 1482 1066 1521 nomine
1086 1483 1255 1521 recitatae
1275 1481 1365 1521 sunt
1386 1481 1446 1521 Id.
1470 1484 1602 1536 April.
1624 1485 1666 1523 in
1688 1485 1746 1523 se-

534 1558 642 1595 natu,
664 1547 882 1600 eodemque
903 1557 1078 1601 tempore
1098 1548 1282 1594 Antonii,
1304 1548 1420 1586 credo
1440 1548 1487 1586 ad
1509 1558 1546 1587 te
1565 1549 1749 1604 scripsisse

356 1624 446 1655 tuos
462 1635 475 1662 ς
507 1629 678 1668 quorum
698 1628 772 1667 ego
793 1615 942 1652 nemini
964 1614 1152 1653 concedo.
1199 1614 1272 1652 Sed
1294 1613 1396 1653 nihil
1417 1615 1563 1654 necesse
1582 1625 1662 1655 erat
1682 1631 1747 1655 ea-

356 1681 447 1719 dem
467 1694 632 1718 omnes:
665 1679 765 1718 illud
787 1678 946 1724 neceffe,
978 1692 1042 1717 me
1073 1679 1120 1717 ad
1150 1688 1189 1717 te
1221 1679 1402 1724 scribere,
1434 1680 1531 1732 quid
1563 1680 1747 1719 sentirem

354 1747 404 1785 de
425 1754 506 1785 tota
526 1745 807 1784 constitutione
826 1742 945 1796 hujus
968 1743 1078 1788 belli,
1101 1737 1140 1782 et
1160 1758 1240 1796 quo
1255 1743 1410 1796 judicio
1430 1744 1561 1790 effem,
1592 1759 1749 1799 quaque

357 1811 561 1850 sententia.
607 1810 803 1848 Voluntas
834 1823 934 1855 mea,
966 1810 1102 1854 Brute,
1133 1808 1181 1847 de
1204 1809 1356 1847 summa
1375 1810 1578 1862 republica
1598 1811 1749 1865 semper

356 1877 492 1916 eadem
512 1876 605 1922 fuit,
623 1890 709 1929 quae
731 1885 815 1913 tua:
840 1875 938 1913 ratio
959 1874 1194 1927 quibusdam
1215 1876 1255 1913 in
1277 1875 1391 1913 rebus
1411 1876 1510 1928 (non
1531 1877 1638 1915 enim
1657 1890 1748 1916 om-

356 1942 494 1992 nibus)
519 1942 636 1995 paulo
657 1940 810 1979 fortasse
830 1940 1114 1980 vehementior.
1161 1941 1242 1978 Scis
1265 1940 1366 1979 mihi
1395 1941 1546 1994 semper
1564 1942 1749 1995 placuiss‘e

356 2021 437 2047 non
458 2022 547 2061 rege
566 2008 709 2052 solum,
741 2007 803 2045 sed
825 2020 959 2060 regno,
990 2007 1147 2045 liberari
1168 2007 1470 2060 rempublicam.
1515 2009 1582 2047 Tu
1603 2009 1746 2055 lenius,

357 2074 574 2113 immortali
606 2073 771 2111 omnino
801 2086 895 2111 cum
925 2082 994 2111 tua
1024 2072 1165 2111 laude:
1206 2073 1270 2111 sed
1303 2073 1400 2126 quid
1433 2074 1574 2112 melius
1609 2073 1744 2120 fuerit,

357 2153 503 2192 magno
537 2139 671 2178 dolore
706 2138 907 2184 sensimus,
939 2151 1083 2190 magno
1117 2138 1294 2191 periculo
1329 2138 1532 2178 sentimus.
1579 2140 1748 2177 Recenti

357 2205 431 2243 illo
455 2214 645 2259 tempore,
678 2214 721 2242 tu
751 2205 885 2242 omnia
914 2204 960 2242 ad
988 2218 1141 2257 pacem,
1172 2219 1259 2257 quae
1288 2206 1463 2243 oratione
1493 2205 1637 2242 confici
1667 2218 1747 2243 non

357 2279 566 2324 poterant;
597 2284 670 2323 ego
691 2271 824 2308 omnia
843 2271 890 2308 ad
917 2270 1154 2316 libertatem,
1186 2285 1272 2322 quae
1302 2271 1379 2308 fine
1405 2284 1498 2322 pace
1526 2270 1635 2308 nulla
1661 2269 1743 2309 est:

357 2349 495 2389 pacem
516 2335 638 2388 ipsam
658 2335 764 2374 bello
784 2345 901 2388 atque
926 2336 1044 2374 armis
1073 2336 1178 2374 effici
1205 2336 1309 2388 posse
1338 2335 1565 2374 arbitrabar.
1612 2335 1748 2374 Studia

357 2416 439 2440 non
460 2401 617 2439 deerant
636 2414 741 2439 arma
759 2401 1022 2454 poscentium,
1054 2415 1226 2454 quorum
1257 2401 1500 2452 repreffimus
1533 2401 1744 2454 impetum,

358 2467 612 2520 ardoremque
633 2466 897 2507 restInximus.
933 2469 1071 2520 Itaque
1092 2481 1149 2506 res
1171 2468 1211 2505 in
1233 2480 1323 2505 eum
1346 2466 1479 2505 locum
1501 2477 1670 2512 venerat,
1703 2478 1746 2505 ut
