2335 3009
591 215 684 254 AD
741 213 814 265 Q
860 211 1225 252 FRATREM
1283 215 1416 255 LIB.
1467 218 1545 256 111.
1726 231 1774 271 59

694 445 964 485 MARcus
1011 446 1364 498 QFRATM
1411 449 1451 487 S.

378 575 456 613 111.
481 564 1055 651 OVCCUPATIONUNI
1085 588 1261 614 mearum
1283 575 1358 613 tibi
1379 575 1533 628 fignum
1555 575 1600 614 fit
1621 577 1770 615 librarii

587 655 741 680 manus.
789 641 910 679 Diem
939 640 1037 680 scito
1057 641 1129 680 effe
1150 642 1324 687 nullum,
1356 655 1436 694 quo
1458 642 1520 680 die
1541 656 1619 680 non
1642 643 1771 681 dicam

378 720 450 759 pro
480 721 558 747 re0.
605 709 665 746 Ita
696 707 893 761 quidquid
923 707 1109 754 conficio,
1141 717 1208 746 aut
1239 709 1389 761 cogito,
1421 708 1461 746 in
1490 709 1770 747 ambulationis

377 772 459 811 fere
479 782 634 827 tempus
656 773 832 812 confero.
873 774 1047 826 Negotia
1067 774 1194 813 nostra
1213 775 1264 813 fic
1286 775 1321 812 se
1342 774 1504 813 habent.
1546 775 1773 813 Domestica

377 852 482 884 vero,
516 848 560 878 ut
591 840 790 878 volumus.
835 839 980 878 Valent
1011 841 1138 892 pueri,
1171 840 1336 878 studiose
1357 840 1528 886 discunt,
1561 840 1773 893 diligenter

377 905 584 951 docentur,
615 915 654 944 et
674 919 760 951 nos,
792 915 831 944 et
860 906 963 944 inter
984 906 1034 950 se,
1066 915 1212 945 amant.
1260 907 1537 959 Expolitiones
1569 907 1773 959 utriusque

376 971 553 1010 nostrum
573 972 662 1010 sunt
683 973 723 1010 in
745 972 951 1010 manibus:
975 972 1038 1010 sed
1060 981 1126 1010 tua
1145 971 1192 1010 ad
1212 972 1433 1025 perfeetum
1448 973 1534 1024 jam
1554 985 1612 1010 res
1634 972 1774 1010 rustica

377 1037 526 1075 Arcani
553 1046 593 1076 et
624 1038 785 1076 Laterii.
833 1039 1018 1076 Praeterea
1047 1037 1095 1076 de
1123 1051 1224 1091 aqua
1251 1047 1291 1076 et
1320 1039 1382 1076 via
1411 1038 1514 1076 nihil
1546 1038 1770 1090 praetermifi

377 1102 546 1155 quadam
575 1103 750 1155 epistola,
781 1104 880 1156 quin
909 1104 1111 1142 enucleate
1139 1103 1185 1141 ad
1213 1113 1251 1142 te
1271 1104 1567 1156 perscriberem.
1614 1104 1687 1142 Sed
1709 1117 1773 1143 me

379 1169 449 1207 illa
481 1182 574 1207 cura
607 1169 792 1208 sollicitat
825 1170 1015 1222 angitque
1048 1168 1323 1214 vehementer,
1364 1169 1471 1221 quod
1503 1170 1658 1207 dierum
1688 1172 1773 1222 jam

378 1235 548 1287 amplius
584 1248 607 1272 L
641 1235 848 1272 intervallo
874 1235 976 1272 nihil
1004 1249 1025 1272 a
1056 1244 1108 1280 te,
1141 1234 1243 1273 nihil
1265 1248 1285 1272 a
1306 1235 1473 1282 Caesare,
1500 1234 1602 1273 nihil
1623 1236 1772 1274 existis

378 1300 492 1345 locis,
525 1313 603 1338 non
626 1299 745 1337 modo
765 1300 983 1345 literarum,
1016 1300 1079 1337 sed
1110 1313 1159 1337 ne
1190 1300 1360 1337 rumoris
1390 1300 1568 1352 quidem,
1599 1299 1770 1340 affluxit.

379 1365 452 1403 Me
472 1373 602 1403 autem
617 1366 703 1417 jam
724 1373 763 1402 et
793 1378 898 1403 mare
924 1365 1022 1403 istuc
1053 1373 1092 1402 et
1118 1373 1218 1402 terra
1246 1363 1459 1409 sollicitat;
1493 1378 1621 1417 neque
1642 1366 1772 1404 defino

381 1431 445 1482 (ut
465 1429 511 1468 fit
542 1430 582 1468 in
613 1428 762 1481 amore)
785 1443 843 1475 ea,
875 1443 962 1483 quae
982 1430 1150 1470 minime
1169 1429 1275 1475 volo,
1307 1430 1493 1482 cogitare.
1540 1431 1672 1482 Qare
1693 1444 1772 1469 non

378 1496 564 1549 equidem
579 1497 663 1549 jam
685 1507 723 1535 te
743 1510 854 1549 rogo,
886 1506 931 1535 ut
962 1497 1009 1534 ad
1029 1510 1093 1535 me
1117 1496 1164 1534 de
1186 1505 1238 1542 te,
1269 1496 1316 1534 de
1344 1496 1458 1535 rebus
1480 1496 1577 1542 istis,
1612 1497 1770 1543 scribas,

381 1563 606 1614 (nunquam
635 1564 756 1607 enim,
789 1576 883 1600 cum
913 1571 1039 1615 potes,
1071 1562 1359 1615 praetermittis)
1397 1561 1460 1600 sed
1493 1561 1570 1600 hoc
1606 1572 1644 1601 te
1678 1563 1774 1601 scire

378 1627 483 1673 volo,
502 1627 602 1666 nihil
626 1627 706 1666 fere
726 1641 901 1681 unquam
921 1641 985 1666 me
1006 1628 1056 1666 fic
1077 1627 1302 1680 expe&affe‚
1325 1637 1384 1673 ut,
1406 1641 1499 1666 cum
1520 1627 1604 1666 haec
1626 1628 1772 1667 scribe-

379 1692 485 1738 bam,
516 1693 646 1732 literas
675 1703 774 1732 tuas.
821 1694 945 1732 Nunc
973 1693 1165 1746 cognosce
1184 1707 1241 1739 ea,
1273 1707 1360 1745 qua:
1380 1693 1470 1731 sunt
1490 1693 1530 1730 in
1553 1694 1770 1746 republica.

376 1758 648 1797 Comitiorum
670 1758 849 1811 quotidie
878 1759 1022 1812 singuli
1051 1759 1132 1796 dies
1165 1758 1362 1797 tolluntur
1381 1758 1770 1805 obnuntiationibus,

375 1837 518 1876 magna
538 1824 740 1863 voluntate
762 1825 958 1863 bonorum
978 1825 1160 1863 omnium
1180 1843 1190 1869 ς
1224 1833 1329 1862 tanta
1350 1823 1498 1861 invidia
1519 1823 1607 1862 sunt
1628 1824 1771 1862 consu-

377 1889 433 1928 les
468 1900 629 1943 propter
659 1890 922 1943 suspicionem
955 1892 1159 1944 pa&orum
1194 1903 1215 1928 a
1247 1889 1466 1928 candidatis
1500 1891 1770 1942 praemiorum.

379 1956 590 1995 Candidati
611 1957 830 1996 consulares
851 1967 1035 2011 quatuor,
1065 1970 1202 1995 omnes
1225 1957 1294 1994 rei.
1342 1955 1476 1994 Causae
1505 1955 1595 1994 sunt
1625 1957 1772 1995 diffici-

378 2020 433 2060 les
452 2036 462 2060 ι
495 2021 558 2060 sed
578 2022 775 2060 enitemur
796 2032 840 2060 ut
860 2022 1023 2060 Messala
1043 2021 1170 2060 noster
1190 2021 1313 2060 salvus
1336 2021 1381 2059 fit
1400 2036 1409 2059 ε
1441 2021 1550 2074 quod
1579 2021 1633 2059 est
1653 2022 1773 2061 etiam

376 2100 472 2127 cum
506 2089 752 2142 reliquorum
796 2089 916 2128 salute
949 2090 1224 2141 conjunffitum.
1276 2089 1498 2127 Gabinium
1536 2088 1584 2126 de
1617 2089 1772 2127 ambitu

379 2166 490 2192 reum
523 2154 619 2193 fecit
655 2156 700 2193 P.
737 2155 855 2206 Sylla,
887 2155 1154 2193 subscribente
1188 2154 1371 2207 privigno
1408 2154 1622 2198 Memmio,
1654 2153 1772 2191 fratre

378 2219 558 2265 Caecilio,
590 2221 695 2272 Sylla
715 2220 813 2259 filio.
861 2222 1011 2259 Contra
1029 2220 1132 2258 dixit
1158 2221 1206 2258 L.
1231 2221 1475 2272 Torquatus,
1506 2218 1772 2271 omnibusque

378 2284 597 2323 libentibus
619 2300 697 2325 non
719 2286 910 2326 obtinuit.
955 2287 1125 2338 Qaeris,
1157 2285 1254 2339 quid
1276 2285 1342 2323 fiat
1364 2285 1410 2322 de
1433 2284 1607 2323 Gabinio
1626 2285 1639 2321 ?
1672 2283 1770 2322 scie-

378 2364 468 2388 mus
490 2350 537 2388 de
557 2352 751 2404 majestate
773 2352 931 2391 triduo:
963 2366 1044 2405 quo
1075 2352 1238 2405 quidem
1272 2351 1311 2388 in
1333 2350 1489 2402 judicio
1509 2349 1601 2388 odio
1620 2350 1770 2402 premi-

379 2426 444 2454 tur
476 2417 657 2454 omnium
685 2431 902 2469 generum:
936 2420 1108 2457 maxime
1129 2417 1290 2455 testibus
1310 2415 1501 2454 creditur:
1535 2415 1770 2453 accusatori-

378 2482 453 2520 bus
476 2481 735 2534 frigidiffimis
757 2484 909 2522 utitur:
942 2484 1150 2522 consilium
1173 2483 1322 2521 varium
1343 2497 1351 2520 :
1385 2482 1565 2534 quaesitor
1585 2482 1711 2533 gravis
1732 2490 1771 2518 et

1372 2547 1413 2584 H
1447 2559 1466 2585 2
