2335 3009
690 240 1429 282 CONSULATUS.

362 339 453 384 disti,
479 351 564 376 num
582 351 672 394 quos
693 339 757 374 tibi
776 347 876 386 putes
892 337 940 374 ob
956 349 1032 372 eam

363 389 498 425 causam
531 389 595 424 effe
628 387 796 423 inimicos.
847 386 1033 434 Qarnob-

365 449 449 492 rem,
491 449 573 472 cum
616 446 650 471 et
695 436 869 471 summum
915 435 1033 469 locum

365 486 513 522 civitatis
537 495 644 532 petas,
669 494 704 519 et
727 484 856 525 videas,
879 483 944 518 effe
961 483 1031 518 stu-

364 535 434 576 dia,
464 546 545 580 quae
572 531 634 568 tibi
662 533 904 573 adversentur3
935 531 1030 566 adhi-

367 583 458 625 beas,
477 583 603 617 necesse
619 582 678 623 est,
697 593 835 616 omnem
855 580 1034 622 rationem,

365 641 399 666 et
426 643 559 674 curam,
585 641 619 665 et
648 630 814 671 laborem,
837 639 872 664 et
889 629 1035 676 diligen-

366 680 461 715 tiam.

416 729 461 763 V.
490 729 546 763 Ac
564 727 684 774 petitio
704 725 964 773 magistratuum
983 726 1035 761 di-

367 777 436 812 visa
457 776 535 811 est'
527 789 561 811 in
589 776 737 810 duarum
762 774 933 809 rationum
955 775 1034 810 dili-

366 825 540 873 gentiam:
565 836 714 872 quarum
732 822 861 858 altera
854 835 887 858 in
906 823 1032 858 amico-

369 886 447 909 rum
464 873 596 915 studiis,
623 873 748 907 altera
741 885 774 907 ιη
793 872 953 920 populari
971 884 1032 907 vo-

368 922 512 964 luntate‚
543 922 701 976 ponenda
723 921 780 956 est.
824 921 1034 956 Amicorum

369 971 481 1006 studia
501 970 685 1012 beneficiis,
710 980 744 1005 et
758 969 896 1011 officiis,
921 980 956 1004 et
972 981 1035 1004 ve-

369 1020 504 1062 tustate,
530 1029 564 1055 et
581 1018 743 1054 facilitate
759 1031 797 1053 ac
818 1017 1037 1065 jucunditate

370 1079 514 1110 naturae,
553 1078 650 1115 parta
681 1068 746 1102 effe
778 1077 924 1114 oportet.
969 1067 1037 1101 Sed

370 1117 437 1152 hoc
460 1129 585 1152 nomen
603 1117 793 1151 amicorum
818 1115 852 1150 in
874 1115 1038 1162 petitione

370 1166 473 1201 latius
498 1175 604 1213 patet,
631 1177 735 1212 quam
755 1165 789 1199 in
807 1174 930 1199 caetera
954 1163 1035 1198 vita.

372 1215 542 1262 Qisquis
571 1214 618 1248 est
647 1214 750 1254 enim,
793 1213 854 1259 qui
884 1212 1038 1247 ostendat

372 1263 532 1310 aliquid
524 1275 557 1297 m
577 1273 609 1297 te
627 1262 826 1302 voluntatis,
853 1261 914 1308 qui
933 1261 1035 1315 colat,

372 1312 434 1359 qui
457 1312 602 1347 domum
619 1311 777 1352 ventitet,
803 1309 830 1344 is
852 1309 886 1344 in
911 1309 1038 1344 amico-

373 1372 452 1396 rum
483 1371 626 1394 numero
654 1359 702 1394 est
731 1358 921 1394 habendus.
972 1358 1039 1392 Sed

373 1420 499 1450 tamen,
539 1408 602 1455 qui
631 1407 709 1443 sunt
737 1407 837 1442 amici
866 1417 909 1441 ex
942 1406 1041 1441 causa

373 1457 562 1493 honestiore
587 1456 814 1504 cognationis,
841 1465 900 1490 aut
930 1455 1039 1490 affini-

374 1507 465 1547 tatis,
491 1515 551 1540 aut
579 1505 776 1548 sodalitatis,
807 1515 866 1539 aut
894 1503 1039 1551 alicujus

376 1553 637 1596 neceflkudinis,
657 1554 707 1589 his
725 1565 843 1589 carum
861 1565 898 1588 ac
910 1565 1037 1600 jucun-

375 1605 460 1638 dum
471 1604 547 1644 esse,
565 1603 711 1638 maxime
720 1601 870 1657 prodest.
890 1601 1038 1642 Deinde,

377 1662 416 1688 ut
440 1652 585 1700 quisque
601 1651 675 1686 est
667 1652 808 1686 1ntimus
830 1663 868 1685 ac
892 1650 1040 1685 maxime

375 1701 593 1742 domesticus,
618 1710 656 1735 ut
674 1700 701 1735 is
718 1710 821 1742 amet,
845 1709 950 1746 atque
965 1698 1040 1734 feli-

376 1750 544 1785 ciffimum
565 1749 629 1784 effe
647 1758 680 1783 te
697 1749 827 1797 cupiat,
855 1749 955 1783 valde
973 1748 1040 1782 ela-

378 1799 570 1833 borandum
589 1807 701 1845 puto·‚
729 1807 803 1832 tum
824 1807 863 1832 ut
884 1797 1040 1838 tribules,

378 1857 418 1882 ut
444 1847 564 1889 vicini,
590 1857 629 1881 ut
652 1846 801 1900 clientes,
830 1855 869 1880 ut
885 1845 1042 1892 denique

379 1896 506 1938 liberti,
531 1895 702 1949 postremo
726 1895 829 1930 etiam
856 1894 938 1929 servi
964 1894 1039 1928 tui:

379 1956 458 1980 nam
475 1943 544 1979 fere
561 1956 671 1979 omnis
692 1943 800 1979 sermo
817 1944 860 1978 ad
877 1942 1042 1978 forensem

378 1992 507 2028 famam
525 2005 543 2027 a
561 1992 753 2028 domesticis
770 2002 905 2027 emanat
922 1991 1040 2026 aueto-

377 2041 487 2077 ribus.
539 2042 698 2089 Denique
736 2040 931 2076 instituendi
966 2040 1044 2075 sunt

381 2090 616 2137 cujuscunque
658 2089 788 2137 generis
829 2088 956 2124 amici:
1001 2088 1043 2122 ad

381 2139 537 2193 speciem,
566 2139 718 2174 homines
745 2138 890 2173 illustres
916 2137 1044 2172 honore

382 2199 420 2222 ac
439 2200 600 2229 nomine·
627 2188 689 2234 qui
705 2187 833 2222 etiamsi
857 2186 1044 2233 suffragan-

382 2236 417 2270 di
436 2235 546 2270 studia
571 2247 640 2271 non
665 2247 805 2279 navant,
832 2246 944 2270 tamen
962 2234 1043 2269 affe-

383 2295 463 2320 runt
480 2284 616 2331 petitori
637 2284 768 2331 aliquid
785 2284 979 2332 dignitatis:
1003 2283 1045 2318 ad

377 2333 546 2381 justitiam
562 2331 796 2375 obtinendam,
812 2314 1045 2380 magistratus3

382 2394 424 2417 ex
442 2381 571 2429 quibus
589 2380 735 2416 maxime
747 2381 914 2423 consules,
927 2381 1048 2415 deinde

383 2430 513 2466 tribuni
525 2429 654 2476 plebis:
675 2430 717 2464 ad
728 2429 955 2465 conficiendas
971 2441 1048 2464 cen-

385 2479 502 2522 turias,
537 2477 692 2513 homines
721 2477 899 2514 excellenti
927 2477 1047 2524 gratia.

1668 255 1745 294 ²29

1082 335 1156 383 Qi
1176 336 1329 372 tribuent
1345 336 1546 378 centuriam,
1572 339 1668 384 quod
1686 339 1746 375 abs

1082 395 1116 420 te
1133 385 1338 420 beneficium
1356 384 1515 426 habeant,
1542 396 1612 427 aut,
1632 397 1671 422 ut
1689 387 1748 422 ha—

1083 434 1198 476 beant,
1217 433 1428 480 sperent,eos
1448 436 1584 481 prorsus
1603 447 1745 482 magno-

1081 494 1159 529 pere
1186 493 1348 529 compara
1371 491 1405 516 et
1431 483 1607 518 confirma.
1651 485 1746 519 Nam

1082 543 1142 578 per
1155 530 1216 566 hos
1225 542 1330 565 annos
1341 530 1494 565 homines
1508 532 1677 567 ambitiosi
1688 545 1747 568 ve·

1085 580 1257 614 hementer
1280 578 1376 613 omni
1401 578 1514 614 studio
1531 591 1635 626 atque
1647 592 1749 626 opere

1085 628 1296 667 laborarunt,
1323 638 1363 663 ut
1379 628 1511 675 possent
1525 639 1543 662 a
1560 629 1748 665 tribulibus

1085 677 1151 712 suis
1180 689 1230 719 ea,
1257 689 1338 724 quae
1366 686 1531 723 peterent,
1557 676 1747 729 impetrare

1086 726 1167 760 Hos
1185 735 1223 760 tu
1241 725 1394 760 homines
1412 720 1679 772 quibuscunq'ue
1696 739 1748 761 ra-

1084 774 1238 809 tionibus
1266 774 1405 821 poteris,
1434 783 1472 808 ut
1488 785 1531 808 ex
1557 774 1672 810 animo
1699 786 1749 809 at-

1084 834 1153 869 que
1178 835 1220 857 ex
1248 823 1307 857 illa
1339 822 1470 857 summa
1492 823 1672 857 voluntate
1697 823 1749 858 tui

1083 871 1221 906 studiosi
1252 871 1328 913 fint,
1353 871 1537 906 elaborato.
1584 872 1694 920 Qod
1724 872 1749 907 fi

1082 919 1159 955 satis
1175 920 1261 966 grati
1280 919 1434 955 homines
1450 920 1566 961 essent,
1593 920 1667 955 haec
1686 921 1750 956 tibi

1083 968 1199 1004 omnia
1224 979 1341 1016 parata
1365 969 1430 1003 effe
1454 968 1637 1011 debebant,
1664 969 1751 1004 ficut

1085 1027 1203 1065 parata
1219 1018 1283 1052 esse
1307 1017 1457 1052 confido.
1501 1019 1594 1052 Nam
1616 1018 1681 1052 hoc
1699 1018 1751 1053 bi-

1085 1066 1188 1100 ennio
1199 1076 1351 1113 quatuor
1363 1066 1552 1101 sodalitates
1565 1067 1695 1101 civium
1709 1067 1752 1101 ad

1087 1114 1310 1149 ambitionem
1343 1114 1657 1161 gratiofissimorum
1687 1115 1752 1150 tibi

1085 1163 1258 1210 obligasti,
1285 1164 1341 1197 M.
1361 1163 1546 1202 Fundanii,
1563 1165 1617 1211 Q
1633 1165 1751 1207 Gallii,

1087 1212 1128 1247 C.
1149 1211 1312 1254 Cornelii,
1339 1212 1381 1247 C.
1401 1212 1569 1247 Orcinini.
1608 1213 1753 1248 Horum

1087 1260 1121 1295 in
1152 1261 1259 1295 caufis
1287 1260 1329 1295 ad
1357 1271 1390 1295 te
1415 1259 1616 1303 deferendis,
1649 1262 1752 1308 quid-

1088 1321 1168 1344 nam
1189 1321 1308 1343 eorum
1333 1309 1459 1344 sodales
1477 1309 1541 1344 tibi
1566 1311 1754 1356 receperint

1088 1368 1122 1392 et
1150 1357 1397 1398 confirmarint,
1424 1357 1514 1392 scio:
1543 1370 1621 1392 nam
1651 1358 1753 1393 inter-

1089 1405 1153 1441 fui.
1181 1407 1301 1452 Quare
1319 1406 1384 1441 hoc
1402 1405 1466 1440 tibi
1483 1405 1679 1441 faciendum
1692 1407 1753 1450 est,

1090 1465 1129 1490 ut
1153 1455 1218 1490 hoc
1245 1464 1398 1502 tempore
1425 1455 1468 1489 ab
1493 1455 1545 1496 iis,
1572 1455 1669 1502 quod
1695 1457 1754 1490 de-

1090 1504 1184 1545 bent,
1210 1503 1326 1550 exigas
1340 1520 1352 1544 ;
1377 1503 1467 1551 saepe
1488 1505 1754 1548 commonendo,

1089 1553 1254 1600 rogando,
1273 1552 1522 1594 confirmando,
1548 1554 1701 1588 curando
1716 1563 1757 1589 ut

1089 1602 1294 1649 intelligant,
1326 1602 1462 1636 nullum
1493 1611 1629 1649 tempus
1661 1602 1756 1637 aliud

1090 1651 1121 1685 se
1158 1662 1315 1697 unquam
1354 1650 1532 1685 habituros
1571 1649 1755 1686 referendae

1090 1699 1222 1746 gratiae.
1263 1697 1424 1734 Profecto
1454 1698 1609 1734 homines
1636 1710 1673 1734 et
1700 1700 1758 1747 spe

1091 1748 1304 1794 reliquorum
1331 1757 1471 1782 tuorum
1501 1747 1698 1782 officiorum
1721 1758 1757 1783 et

1091 1796 1284 1831 recentibus
1319 1795 1490 1831 beneficiis
1523 1796 1567 1830 ad
1602 1796 1756 1832 studium

1092 1845 1289 1880 navandum
1311 1845 1565 1879 excitabuntur.
1609 1846 1657 1880 Et
1680 1858 1756 1881 om-

1093 1894 1186 1935 nino,
1213 1893 1377 1940 quoniam
1395 1906 1436 1928 eo
1455 1905 1575 1940 genere
1592 1894 1758 1929 amicitia-

1092 1955 1170 1977 rum
1198 1942 1320 1989 petitio
1352 1952 1412 1976 tua
1444 1943 1592 1976 maxime
1626 1944 1759 1978 munita

1091 1991 1150 2032 est,
1176 1991 1274 2038 quod
1298 1990 1475 2025 causarum
1505 1990 1759 2028 defensionibus

1094 2039 1238 2087 adeptus
1255 2051 1302 2082 es,
1329 2038 1397 2081 fac,
1424 2050 1463 2074 ut
1477 2041 1598 2087 plane
1591 2040 1630 2075 iis
1647 2041 1758 2075 omni-

1096 2090 1174 2131 bus,
1189 2100 1278 2135 quos
1295 2088 1473 2123 devinCtos
1492 2099 1596 2131 tenes,
1612 2089 1758 2137 descrip-

1094 2147 1169 2172 tum
1200 2149 1238 2172 ac
1268 2137 1470 2185 dispositum
1498 2136 1598 2171 suurn
1632 2138 1760 2185 cuique

1094 2197 1221 2221 munus
1256 2186 1306 2221 sit.
1365 2186 1416 2221 Et
1449 2187 1758 2240 quemadmodum,

1095 2235 1191 2282 quod
1210 2234 1362 2277 memini,
1390 2234 1513 2269 nulla
1506 2246 1539 2268 m
1559 2246 1592 2268 re
1611 2235 1677 2269 illis
1695 2247 1759 2270 un-

1095 2295 1201 2330 quam
1234 2284 1397 2318 molestus
1428 2281 1547 2322 fuisti·‚
1585 2282 1631 2317 fic
1664 2295 1759 2327 cura,

1097 2342 1136 2367 ut
1165 2332 1368 2378 intelligant,
1394 2330 1510 2366 omnia
1536 2340 1581 2373 te,
1607 2343 1688 2378 quae
1715 2334 1760 2368 ab

1099 2381 1164 2416 illis
1198 2381 1264 2415 tibi
1295 2380 1410 2414 deberi
1445 2378 1588 2427 putaris,
1616 2381 1659 2416 ad
1693 2381 1759 2417 boc

1097 2439 1233 2476 tempus
1251 2427 1432 2463 reservasse.

1148 2477 1212 2514 v1.
1239 2477 1307 2513 Sed
1332 2476 1497 2525 quoniam
1523 2476 1634 2514 tribus
1659 2479 1760 2516 rebus
