2335 3009
1092 194 1319 249 [114]

717 397 1702 458 POEMATUM

572 598 1848 677 FRAGMENTA.

711 885 1716 935 PHAENOMENON

917 1025 951 1063 E
1000 1024 1040 1064 X
1114 1025 1153 1063 A
1201 1024 1239 1063 R
1287 1025 1325 1062 A
1364 1025 1403 1063 T
1452 1026 1512 1069 O,

602 1150 702 1202 Qae
743 1150 948 1203 supersunt
988 1150 1053 1189 M.
1091 1151 1145 1189 T.
1188 1151 1526 1190 Cxcssnonxs
1571 1153 1820 1206 Fragmenta.

823 1278 915 1317 Cum
958 1277 1126 1331 Hugonis
1173 1278 1299 1318 Grotii
1335 1280 1603 1334 Supplementis.

520 1405 636 1479 AB
657 1407 754 1458 Jove
775 1405 980 1445 Musarum
1000 1406 1242 1460 primordia:
1259 1408 1403 1460 stmper
1420 1408 1458 1447 in
1476 1423 1536 1448 ore

630 1472 818 1511 Plurimus
835 1472 892 1510 ille
909 1471 1084 1511 hominum
1102 1472 1160 1526 est,
1190 1473 1255 1524 qui
1268 1474 1421 1525 compita
1438 1475 1579 1513 numine
1597 1490 1736 1530 magno,

519 1537 780 1591 conciliumque
807 1536 929 1576 viram
957 1538 1115 1590 complet,
1137 1538 1350 1591 pelagusque
1369 1539 1602 1591 profundum,

518 1605 574 1644 Et
586 1604 712 1657 pelagi
721 1613 865 1656 portus.
911 1604 1089 1643 Fruimur
1107 1605 1209 1657 Jove
1227 1613 1262 1642 et
1282 1604 1420 1643 utimur
1437 1620 1563 1645 omnes.

518 1670 597 1708 Nos
620 1683 734 1721 genus
761 1669 880 1714 illius5
911 1668 1007 1707 nobis
1034 1668 1090 1707 ille
1117 1669 1226 1707 omine
1251 1668 1336 1707 laeto
1882 1685 1904 1725 5

519 1735 691 1775 Dextera
702 1734 917 1788 pra'stgnat,
940 1734 1175 1787 populumque
1192 1734 1370 1773 laboribus
1388 1745 1509 1788 urget,

521 1801 690 1853 Corfidat
710 1809 752 1839 ut
771 1800 862 1839 vitae
876 1816 890 1838 .·
920 1799 1057 1853 quando
1060 1800 1118 1851 sit
1136 1809 1240 1838 terra
1258 1800 1369 1852 ltgoni

519 1867 671 1919 Aptior,
700 1876 767 1905 aut
786 1865 910 1910 bubus,
940 1876 1068 1910 monet,
1098 1874 1134 1905 et
1152 1880 1219 1919 quo
1237 1874 1391 1918 tempore
1402 1867 1552 1919 parsit,

520 1933 604 1970 Aut
609 1934 747 1984 ſs’rere,
777 1940 843 1969 aut
847 1932 976 1983 stptas
993 1931 1140 1984 lymphis
1158 1933 1342 1984 typergere
1354 1932 1518 1985 plantas.

519 1999 598 2050 Jpſs
624 1997 732 2036 etiam
760 1997 796 2035 in
826 2011 950 2049 magno
978 1995 1098 2048 dffixit
1126 1997 1259 2035 Iumina
1287 1996 1426 2042 mundo,
1855 2011 1902 2038 10

520 2063 658 2102 Ordine
677 2077 821 2116 quaeque
833 2063 910 2109 suo,
939 2071 1047 2114 atque
1065 2061 1101 2099 in
1122 2071 1235 2100 totum
1248 2062 1424 2115 providus
1442 2077 1575 2102 annum

520 2130 635 2182 Astra
653 2128 760 2172 dedit,
792 2143 870 2181 quae
890 2142 949 2167 nos
967 2137 1143 2172 moneant,
1175 2141 1245 2180 qua
1264 2128 1426 2181 qualibet
1445 2128 1534 2166 hora

520 2197 626 2248 Apta
650 2194 743 2247 geri,
775 2203 875 2233 certa
903 2195 1099 2247 uastantur
1127 2202 1168 2231 ut
1197 2193 1310 2231 omnia
1338 2194 1422 2245 lege.

520 2260 614 2299 Idem
642 2275 724 2312 ergo
747 2259 888 2312 primus
911 2259 1096 2312 placatur,
1127 2267 1161 2296 et
1191 2258 1334 2296 ultimus
1363 2258 1463 2297 idem.

520 2328 659 2378 Alagne
670 2336 795 2380 pater,
826 2339 993 2377 magnum
1012 2325 1218 2363 mortalibus
1237 2325 1502 2369 incrementum,
1856 2340 1868 2366 ι
1880 2339 1902 2379 5

518 2391 710 2443 Progenies
735 2391 853 2444 prior,
883 2401 918 2429 et
946 2390 1060 2429 dulces
1087 2400 1172 2428 ante
1199 2389 1312 2428 omnia
1341 2391 1475 2441 Alusae,

520 2457 655 2496 Cuncti
671 2471 743 2495 una
749 2457 893 2510 salvete
911 2457 1010 2502 mihi,
1040 2465 1074 2494 ct
1094 2455 1176 2494 dum
1190 2455 1314 2506 sidera
1342 2465 1461 2498 canto,
