2241 2994
511 217 594 256 414

513 300 685 336 nectutem
711 311 792 334 cum
820 299 995 334 Carneade
1024 311 1176 347 praecep·

513 358 586 384 tore
603 347 693 383 fuit:
721 348 778 382 cui
805 348 941 382 tandem
966 347 1117 382 succeffit
1143 349 1175 382 in

512 395 714 437 Academia,
752 406 786 430 et
811 394 884 442 ejus
914 396 1006 430 dicta
1030 396 1177 431 maxime

514 444 706 479 illustravit.
751 444 892 491 Scripsit
916 445 1046 479 librum
1069 445 1110 479 ad
1133 446 1174 480 C.

512 493 693 528 Lucilium
718 503 869 540 poetam,
895 505 976 527 cum
1004 493 1178 540 scripfiffet

514 541 629 576 iisdem
647 541 689 575 de
708 542 808 577 rebus
822 541 864 575 ad
878 541 924 577 L.
939 541 1176 583 Censorinum,

513 601 607 632 eum,
634 590 695 637 qui
724 601 805 624 curn
828 590 896 624 M'.
918 590 1066 624 Manilio
1084 591 1177 624 Con-

514 638 566 674 sul
583 637 663 680 fuit,
691 638 724 673 in
744 650 816 685 quo
834 638 908 673 haec
927 638 1014 678 sunt,
1041 637 1179 672 auftore

515 687 693 728 Cicerone,
719 689 798 722 Luc.
819 699 876 732 32.
920 690 944 706 “
960 685 1178 720 Academicis

515 739 541 756 “
560 736 703 782 placere,
728 736 792 769 esse
805 746 917 769 rerum
931 733 1096 780 ejusmodi
1114 733 1178 768 dis-

516 788 541 804 “
561 783 808 824 similitudines,
834 792 873 817 ut
890 783 965 817 aliae
985 782 1180 829 probabiles

517 836 542 852 “
560 833 752 873 videantur,
779 831 854 866 aliae
879 840 1022 866 contra:
1059 831 1093 865 id
1121 842 1179 864 au-

515 885 541 902 “
560 890 628 916 tem
647 891 715 915 non
738 879 802 914 effe
822 879 911 922 satis,
938 890 1001 914 cur
1022 878 1087 913 alia
1104 891 1180 926 per·

514 933 542 949 “
561 929 629 976 cipi
646 929 739 976 posse
754 927 859 969 dicas,
887 927 951 962 alia
974 940 1041 962 non
1066 927 1179 974 pofl‘e3

517 981 542 999 “
561 986 740 1025 propterea
755 977 852 1023 quod
871 977 982 1011 multa
1003 975 1084 1010 falsa
1102 988 1180 1023 pro-

519 1031 544 1047 “
563 1026 690 1061 babilia
701 1025 779 1060 sint:
796 1025 880 1060 nihil
895 1035 1008 1059 autem
1021 1023 1093 1058 falsi
1105 1036 1181 1071 per-

518 1079 545 1095 “
563 1085 704 1121 ceptum
721 1083 755 1108 et
772 1073 952 1120 cognitum
967 1074 1067 1120 poffit
1083 1073 1182 1107 effess’

518 1123 641 1177 Itaque
669 1122 716 1157 ait
740 1121 957 1156 vehementer
981 1133 1090 1156 errare
1110 1132 1182 1162 eos,

517 1171 581 1218 qui
597 1171 725 1211 dicant,
736 1170 780 1205 ab
796 1170 984 1205 Academia
997 1170 1106 1204 sensus
1119 1171 1182 1204 eri-

520 1232 569 1267 pi,
593 1231 612 1254 a
628 1219 759 1266 quibus
776 1231 956 1266 nunquam
980 1219 1112 1254 dic'tum
1131 1218 1184 1261 fit,

519 1278 581 1303 aut
598 1269 762 1309 colorem,
789 1277 849 1302 aut
865 1268 1029 1313 saporem.
1057 1277 1116 1302 aut
1134 1267 1183 1302 so-

521 1329 605 1352 num
632 1317 767 1351 nullum
790 1316 880 1357 effe3
907 1316 993 1351 illud
1012 1316 1052 1351 s1t
1069 1315 1183 1370 dispu

521 1375 645 1408 tatum,
672 1377 740 1400 non
755 1364 876 1399 ineffe'
872 1377 905 1399 in
923 1365 974 1399 his
993 1376 1185 1418 propriam,

519 1426 603 1468 quae
632 1413 799 1460 nusquam
830 1413 911 1448 alibi
940 1414 1032 1456 esset,
1058 1422 1187 1448 veriet

521 1462 604 1498 certi
623 1472 751 1497 notam.
795 1463 891 1509 Qiae
909 1473 990 1496 cum
1014 1461 1185 1509 exposuis-

522 1511 581 1551 set,
601 1509 778 1557 adjungit,
795 1510 980 1557 dupliciter
997 1510 1064 1545 dici
1082 1510 1186 1545 assen-

522 1560 577 1595 sus
592 1559 748 1594 sustinere
761 1558 962 1606 sapientem:
984 1571 1054 1593 uno
1069 1559 1185 1601 modo,

523 1619 604 1643 cum
623 1607 686 1642 hoc
711 1607 920 1653 intelligatur
941 1607 1085 1642 omnino
1106 1619 1186 1641 eum

524 1657 569 1692 rei
589 1656 674 1691 nulli
695 1655 858 1696 assentiri,
885 1655 1004 1697 altero,
1022 1667 1102 1690 curn
1121 1655 1151 1689 se
1169 1667 1187 1689 a

524 1705 770 1753 respondendo,
782 1714 821 1738 ut
834 1714 894 1738 aut
906 1705 1075 1752 approbet
1088 1704 1187 1751 quid,

523 1764 585 1789 aut
602 1753 787 1800 improbet,
814 1752 993 1794 sustineat3
1021 1762 1061 1787 ut
1079 1764 1189 1799 neque

524 1812 626 1850 neget
642 1801 787 1848 aliquid,
806 1813 917 1848 neque
935 1801 1013 1836 aiat.
1054 1802 1093 1836 ld
1107 1813 1188 1835 cum

525 1852 571 1886 ita
583 1851 636 1892 fit,
651 1850 795 1885 alterum
806 1850 950 1897 placere,
959 1859 996 1885 ut
1011 1861 1190 1897 nunquam

525 1899 740 1939 assentiatur,
768 1899 912 1933 alterum
931 1909 1052 1939 tenere,
1079 1907 1119 1932 ut
1143 1897 1188 1932 se-

523 1959 634 1995 quens
663 1947 954 1994 probabilitatem,
989 1947 1192 1993 ubicunque

526 1997 602 2031 haec
620 2006 678 2030 aut
689 2006 859 2038 occurrat,
886 2006 945 2030 aut
965 1996 1114 2038 deficiat,
1132 2005 1192 2030 aut

526 2047 633 2087 eliam,
659 2054 719 2078 aut
748 2055 821 2086 non,
852 2044 1050 2091 respondere
1079 2046 1190 2091 possit.

527 2093 620 2128 Nam
651 2104 732 2127 cum
763 2093 907 2139 placeat,
937 2104 1030 2134 eum,
1060 2105 1122 2139 qui
1150 2093 1193 2127 de

527 2141 690 2176 omnibus
709 2141 810 2176 rebus
827 2141 999 2176 contineat
1023 2141 1053 2176 se
1076 2141 1120 2176 ab
1144 2141 1191 2176 as-

528 2190 712 2230 sentiendo,
739 2189 869 2224 moveri
899 2199 1012 2224 tamen
1036 2199 1070 2224 et
1096 2201 1193 2237 agere

528 2238 673 2286 aliquid,
716 2238 862 2285 relinqui
903 2236 1069 2292 ejusmodi
1111 2239 1193 2282 visa,

528 2288 659 2334 quibus
697 2288 739 2322 ad
777 2287 944 2322 actionem
981 2287 1190 2322 excitemur:

531 2336 610 2370 item
629 2348 678 2375 ea
694 2347 774 2382 quae
796 2335 990 2382 interrogati
1010 2338 1043 2370 in
1063 2346 1191 2371 utram·

529 2396 600 2432 que
630 2393 759 2431 partem
792 2383 989 2431 relpondere
1016 2386 1193 2438 possimus,

528 2434 706 2479 Sequentes
740 2433 983 2469 tantummodo
1015 2433 1114 2481 quod
1149 2444 1196 2469 ita

868 204 971 242 DE
1041 203 1541 244 DOCTRINA

1226 300 1336 335 visum
1364 300 1415 344 sit,
1441 301 1526 335 dum
1557 300 1624 335 sine
1650 299 1795 335 assensu:
1832 311 1889 334 ne-

1226 360 1295 395 que
1308 358 1419 383 tamen
1433 352 1549 384 omnia
1558 348 1722 395 ejusmodi
1741 347 1811 382 visa
1828 359 1887 394 ap-

1226 397 1377 444 probari,
1404 397 1457 432 sed
1475 409 1525 438 ea,
1552 409 1633 443 quae
1651 397 1747 432 nulla
1771 407 1805 431 re
1823 395 1887 430 im-

1227 445 1434 492 pedirentur.
1478 446 1533 480 De
1559 445 1734 480 Carneade
1763 443 1891 491 scripsit

1228 494 1293 528 ita:
1334 494 1500 528 Herculis
1533 494 1706 541 quendam
1737 493 1890 528 laborem

1226 542 1438 576 exantlatum
1463 553 1481 575 a
1502 542 1689 582 Carneade,
1714 541 1824 588 quod,
1852 549 1892 574 ut

1227 589 1333 624 feram
1351 599 1384 624 et
1398 590 1580 624 immanem
1597 589 1762 630 belluam,
1791 589 1836 623 sie
1849 600 1892 623 ex

1229 637 1349 672 animis
1377 638 1496 673 nostris
1520 638 1749 679 affenslonem,
1777 637 1810 671 id
1831 637 1893 678 est,

1227 686 1459 731 opinationem
1473 696 1507 721 et
1521 686 1742 721 temeritatem
1757 694 1892 720 extrax—

1229 735 1311 769 iffet.
1352 735 1438 770 Item
1458 735 1668 770 Carneadem
1687 734 1798 769 dicere
1815 733 1893 768 soli-

1229 792 1304 818 tum
1317 810 1326 824 ,
1368 782 1532 830 Nusquam
1560 784 1597 829 se
1635 783 1893 827 fortunatiorem,

1229 843 1321 878 quam
1355 831 1526 875 Praeneste,
1567 831 1674 878 vidrffi
1707 832 1893 866 Fortunam.

1232 879 1332 914 Misit
1359 880 1461 915 etiarn
1489 879 1603 915 eversa
1619 879 1826 926 Carthagine
1855 878 1894 914 li·

1232 928 1551 968 brum,c0nsolandi
1562 928 1672 971 causa,
1684 928 1726 963 ad
1740 927 1897 975 captivos

1232 977 1323 1011 cives
1333 976 1425 1011 suos:
1444 977 1476 1011 in
1486 988 1526 1012 eo
1537 977 1583 1011 est
1594 976 1780 1024 disputatio
1794 975 1894 1023 scrip-

1231 1034 1266 1060 ta
1283 1025 1480 1067 Carneadis,
1508 1036 1615 1072 quam
1634 1025 1664 1060 se
1686 1025 1732 1059 ait
1751 1024 1783 1059 in
1802 1036 1896 1059 com-

1231 1073 1435 1108 mentarium
1455 1073 1620 1109 retulisse:
1648 1085 1729 1108 cum
1749 1072 1795 1107 ita
1807 1073 1897 1120 pos1-

1231 1131 1307 1157 tum
1324 1122 1416 1163 esset,
1442 1122 1550 1157 Videri
1565 1123 1642 1168 fore
1665 1123 1700 1156 in
1715 1121 1900 1169 aegritudine

1224 1171 1413 1217 sapientem,
1434 1173 1548 1217 patria
1571 1179 1688 1217 capta;
1715 1182 1796 1218 quae
1812 1171 1898 1205 Car-

1234 1219 1355 1254 neades
1373 1229 1493 1254 contra
1509 1220 1645 1262 dixerit,
1671 1218 1794 1267 scripta
1811 1218 1897 1254 sunt.

1235 1269 1369 1303 Tenuit
1388 1268 1610 1303 Academiam
1628 1280 1709 1303 cum
1727 1267 1901 1302 Carneade

1234 1326 1268 1351 et
1296 1316 1480 1359 AEschine·,
1512 1327 1545 1351 et
1574 1317 1791 1365 voluptatem
1818 1328 1899 1351 cum

1236 1365 1408 1401 honestate
1425 1366 1614 1413 copulavit.

1364 1510 1777 1546 CRATIPPUS,

1339 1609 1371 1642 R
1386 1609 1420 1642 A
1433 1610 1467 1643 T
1485 1608 1540 1643 11²
1556 1609 1584 1643 P
1599 1608 1635 1643 U
1651 1609 1687 1650 S,
1728 1608 1903 1643 Ciceronis

1282 1668 1322 1699 Α
1351 1655 1540 1696 familiaris,
1564 1656 1704 1703 ejusque
1727 1657 1787 1692 filii
1814 1669 1903 1704 prae·

1238 1714 1367 1752 ceptor,
1385 1717 1494 1758 quem
1515 1705 1653 1740 lummis
1673 1705 1904 1753 Peripateticis

1239 1765 1353 1800 parem
1377 1752 1570 1800 judicabat,
1597 1754 1728 1788 summa
1757 1754 1905 1788 auctori-

1238 1812 1306 1836 tate
1327 1812 1361 1836 et
1388 1802 1580 1837 eruditione
1597 1802 1650 1836 vir
1677 1801 1767 1837 fuit:
1796 1803 1907 1837 Athe-

1240 1849 1358 1897 nisque
1386 1850 1519 1892 docuit,
1547 1851 1638 1886 illius
1666 1852 1776 1886 aetatis
1794 1851 1906 1898 philo·

1241 1898 1425 1945 sophorum
1444 1899 1613 1947 princeps.
1666 1900 1721 1934 De
1749 1912 1822 1946 quo
1847 1900 1906 1935 Ci-

1241 1959 1318 1981 cero
1346 1947 1437 1982 filius
1469 1948 1512 1983 sic
1539 1948 1665 1989 scribit,
1694 1948 1792 1993 Epist.
1818 1950 1906 1985 Fam.

1241 1996 1340 2030 XVl.
1377 2008 1426 2031 αι.
1479 1997 1649 2044 Cratippo
1668 2009 1720 2031 me
1739 1997 1820 2032 scito
1839 2009 1908 2032 non

1243 2054 1281 2078 ut
1297 2044 1519 2096 discipulum,
1546 2045 1600 2080 sed
1631 2055 1669 2080 ut
1695 2046 1818 2088 filium,
1844 2046 1909 2081 ess'e

1242 2092 1573 2139 conjunctissimum:
1603 2106 1679 2128 nam
1699 2106 1779 2129 cum
1796 2104 1830 2129 et
1848 2106 1907 2129 au-

1242 2141 1300 2176 dio
1324 2154 1404 2176 cum
1430 2142 1585 2184 libenter,
1613 2153 1688 2177 tum
1707 2143 1808 2177 etiam
1829 2155 1907 2191 pro-

1243 2189 1351 2237 priam
1370 2189 1442 2236 ejus
1471 2190 1669 2225 suavitatem
1694 2191 1910 2226 vehementer

1243 2239 1440 2286 amplector.
1494 2240 1548 2274 Ex
1575 2240 1651 2286 ipsis
1667 2240 1833 2288 exemplis
1852 2252 1909 2275 ve·

1244 2299 1357 2322 rarum
1387 2288 1668 2323 vaticinationum
1699 2298 1732 2323 et
1763 2289 1907 2324 somnio-

1245 2347 1321 2370 rum
1356 2336 1481 2372 solebat
1512 2337 1676 2372 rationem
1706 2338 1910 2372 concludere

1245 2384 1308 2419 hoc
1329 2385 1455 2420 modo:
1485 2386 1519 2420 Si
1549 2386 1614 2421 sine
1631 2386 1742 2421 oculis
1761 2398 1827 2420 non
1847 2397 1908 2433 po-

1245 2433 1306 2469 test
1323 2434 1452 2470 exstare
1468 2434 1623 2470 officium
1635 2445 1667 2470 ct
1683 2445 1809 2470 munus
1826 2446 1908 2470 ocu-
