2335 3009
549 273 626 314 24²

550 356 712 394 diendam
737 354 903 391 rationem
928 353 1069 389 suorum
1095 352 1224 388 studio·

552 418 631 442 rum
647 404 801 441 extitiffe.
825 402 915 439 Usus
931 402 1024 437 enim
1040 401 1110 437 fuit
1126 401 1225 436 Cice-

859 260 924 300 M.
984 261 1040 299 T.
1102 255 1636 298 CICERONIS

1275 354 1325 388 M
1330 353 1350 387 ’.
1369 351 1527 400 Aquillius
1545 349 1689 397 confecit,
1696 349 1747 394 fic
1763 350 1944 395 accepimus,

1275 401 1392 435 nullum
1408 413 1442 435 m
1471 400 1577 436 Sicilia
1603 399 1713 435 bellum
1729 399 1945 446 fugitivorum

552 467 593 490 ro
615 466 702 502 puer
724 451 860 489 Graecis
886 451 1102 492 doctoribus,
1128 449 1225 497 quod
1266 449 1367 496 fuiffe.
1403 449 1594 504 ‘Aquillius
1611 448 1733 483 deinde
1749 447 1884 483 causam
1901 447 1945 482 de

553 503 564 538 i
591 502 622 538 se
639 503 673 538 in
685 501 782 550 epist.
797 500 840 536 ad
857 499 914 536 M.
932 499 1148 540 Titinnium,
1174 509 1223 533 re-

553 516 683 588 fgrente
701 549 867 586 Suetonio
886 549 929 584 de
946 548 1045 584 claris
1061 547 1223 583 Rhetori-

556 601 623 636 bus
651 609 720 646 cap.
751 611 785 635 2.
820 597 867 634 ita
894 597 1046 645 scripsit:
1075 595 1225 643 Equidem

555 650 702 685 memoria
728 655 812 683 teneo
837 647 945 693 pueris
975 645 1062 680 nobis
1086 647 1225 690 primum

555 699 676 734 Latine
715 696 820 732 docere
857 696 929 740 coepi
951 706 966 728 e
1002 695 1046 728 L.
1086 693 1226 727 Plotium

554 745 705 794 quendam
717 758 729 780 .·
759 744 803 780 ad
816 755 903 791 quem
921 754 988 778 cum
996 742 1090 786 fieret
1103 753 1227 776 concur-

546 796 615 842 sus,
625 794 705 843 quod
702 791 927 839 studiosiffimus
937 792 1056 839 quisque
1067 789 1153 835 apud
1161 800 1228 824 eum

555 850 759 885 exerceretur,
788 840 928 876 dolebam
956 840 1033 875 mihi
1061 837 1139 873 idem
1169 849 1227 873 non

556 892 656 927 licere.
700 890 890 926 continebar
918 896 1022 923 autem
1049 886 1226 931 dotiiffimO·

1275 498 1428 545 pecuniis
1449 497 1645 545 repetundis
1661 496 1773 532 dixit:
1791 507 1944 543 eumque

1275 548 1330 581 M.
1357 547 1534 582 Antonius
1561 545 1682 581 acriter
1710 544 1878 588 defendit,
1904 554 1945 579 ut

1275 595 1402 630 Livius
1419 595 1480 630 lib.
1499 595 1620 630 LXX.
1663 593 1787 629 Cicero
1817 594 1878 628 lib.
1899 593 1941 628 11.

1275 644 1318 679 de
1344 645 1504 685 Oratore,
1539 655 1615 690 cap.
1647 654 1706 689 47.
1738 652 1773 677 et
1802 642 1946 677 Verrina

1275 693 1358 727 VII.
1384 703 1460 739 cap.
1487 705 1514 727 ι.
1533 692 1708 726 testantur.
1761 690 1858 726 Idem
1882 702 1946 737 pro

1278 741 1420 782 Flacco,
1453 752 1528 788 cap.
1563 752 1620 787 39.
1672 741 1749 774 M’.
1781 739 1947 787 Aquillium

1273 797 1384 836 patres
1403 789 1510 833 nestri,
1535 789 1638 824 multis
1665 789 1820 823 avaritia·
1842 789 1945 823 crimi-

1275 839 1364 874 nibus
1392 837 1621 885 testimoniisque
1649 838 1842 879 convitium,
1875 838 1949 883 quia

1277 899 1344 922 cum
1353 888 1508 934 fugitivis
1517 888 1655 931 fortiter
1676 886 1786 921 bellum
1798 884 1947 931 gefferat,

555 953 626 976 rum
648 940 805 975 hominum
830 939 1032 980 amaritate,
1057 938 1110 984 qui
1126 938 1176 970 exi
1199 938 1226 970 i·
1265 936 1387 981 judicio
1405 936 1633 970 liberaverunt.
1685 934 1819 969 Eodem
1844 934 1948 981 perti-

556 989 687 1024 mabant
728 989 848 1024 Grecis
880 985 1152 1022 exercitationibus
1184 985 1228 1019 ali

557 1037 664 1074 melius
679 1038 804 1085 ingenia
814 1034 907 1083 pff.

576 1186 688 1225 Anno
707 1182 817 1224 Urbis
837 1181 860 1221 6
866 1195 930 1236 52.
965 1181 1147 1222 Ciceronis
1167 1180 1206 1220 6.

704 1253 896 1295 Consules
925 1251 1089 1291 fuerunt

561 1317 612 1355 C.
635 1314 830 1355 MAmus
854 1314 906 1359 V,
940 1313 1018 1354 M'.
1049 1315 1228 1363 AQJ1L-

835 1387 956 1414 mus,

610 1472 717 1509 Marii
736 1472 769 1507 in
787 1471 912 1519 quinto
931 1469 1109 1506 consulatu
1127 1469 1230 1505 colle-

562 1534 608 1570 ga
633 1521 702 1558 fuit
723 1521 868 1556 Manius
896 1519 1090 1567 Aquillius.
1133 1519 1231 1553 Hinc

561 1571 739 1606 Antonius
761 1569 855 1617 apud
877 1569 1081 1604 Ciceronem
1099 1567 1153 1603 lib.
1182 1567 1227 1602 11.

560 1619 604 1655 de
645 1620 803 1659 Oratore,
845 1627 914 1663 cap.
948 1628 1008 1663 47.
1043 1617 1090 1651 ait
1122 1617 1153 1652 se
1196 1616 1229 1651 in

561 1667 713 1716 Aquillii
737 1666 835 1702 causa
852 1665 1009 1701 Marium
1027 1665 1147 1701 crebro
1171 1677 1229 1712 ap-

560 1717 723 1764 pellando
753 1716 921 1763 collegam
948 1715 979 1749 ei
1007 1714 1105 1750 suum
1135 1726 1230 1749 com-

561 1765 740 1800 mendasse.
794 1763 995 1811 Aquillium
1039 1763 1146 1798 Marii
1197 1762 1230 1797 in

561 1813 687 1897 puinto
709 1811 886 1848 consulatu
914 1812 1083 1859 collegam
1110 1811 1229 1846 adver-

577 1875 616 1897 us
638 1861 808 1909 fugitivos
844 1861 877 1896 in
904 1860 1056 1896 Siciliam
1080 1860 1230 1902 missum,

565 1911 766 1954 bellumque
783 1909 912 1953 servile,
928 1909 1125 1945 Athenione
1142 1910 1232 1944 duce

1279 995 1335 1020 net
1364 984 1452 1019 illud
1481 995 1546 1031 pro
1578 983 1737 1024 Fonteio,
1778 994 1854 1029 cap.
1892 993 1947 1027 ¹3-

1277 1032 1386 1080 Qam
1407 1032 1508 1067 multa
1535 1033 1606 1067 M’.
1638 1031 1793 1078 Aquillius
1818 1031 1949 1066 audivit

1277 1084 1311 1116 in
1331 1082 1391 1127 suo
1409 1081 1563 1127 judicio?
1599 1079 1788 1115 Accusavit
1819 1079 1948 1126 Aquil-

1278 1131 1366 1165 lium
1383 1130 1429 1165 L.
1449 1129 1586 1171 Fusius,
1609 1138 1650 1163 ut
1667 1128 1790 1163 Cicero
1809 1127 1843 1163 in
1862 1129 1950 1164 Bru-

1279 1189 1327 1221 to,
1364 1190 1440 1225 cap.
1472 1177 1530 1213 62.
1556 1177 1682 1212 scribit.
1710 1177 1832 1224 ltaque
1861 1177 1951 1212 reete

1279 1239 1371 1262 nunc
1395 1227 1486 1263 libro
1504 1227 1548 1262 11.
1569 1226 1612 1262 de
1628 1225 1778 1269 Officiis,
1800 1237 1874 1273 cap.
1894 1237 1948 1269 ¹4·

1280 1276 1433 1323 legitur:
1479 1277 1516 1311 In
1549 1274 1719 1319 accusando
1745 1277 1840 1310 etiam
1874 1275 1949 1310 M’.

1279 1325 1417 1371 Aquillio
1435 1324 1477 1360 L.
1493 1325 1578 1367 Fufii
1594 1326 1718 1370 cognita
1730 1323 1880 1371 industria
1897 1323 1948 1366 est.

1279 1373 1355 1409 Ubi
1379 1373 1475 1421 prius
1504 1373 1632 1408 Manlio
1658 1383 1820 1420 corrupte
1844 1371 1949 1420 scrip-

1280 1431 1356 1457 tum
1373 1432 1455 1457 erat.

1330 1471 1373 1506 C.
1398 1469 1534 1505 Marius
1551 1469 1628 1506 Cos.
1647 1469 1692 1504 V.
1711 1478 1745 1504 et
1763 1469 1817 1517 Q
1837 1468 1948 1503 Luta-

1281 1519 1349 1555 tius
1368 1518 1500 1567 procos.
1514 1519 1676 1554 Cimbros
1695 1518 1728 1552 in
1747 1517 1890 1552 Venetia
1907 1518 1950 1552 ad

1280 1568 1437 1604 Athesim
1449 1568 1598 1603 Veronae
1613 1567 1764 1602 fluvium
1778 1567 1949 1608 vicerunt,

1279 1617 1322 1652 de
1348 1629 1419 1664 qua
1438 1616 1582 1652 vietoria
1599 1616 1742 1652 Orosius
1762 1615 1871 1650 noster
1893 1614 1947 1650 lib.

1280 1666 1326 1701 V.
1355 1676 1422 1712 cap.
1449 1666 1502 1701 16.
1539 1666 1596 1701 Sic
1615 1665 1752 1700 Marius
1771 1664 1950 1699 influentes

1282 1715 1316 1750 in
1348 1715 1479 1750 ltaliam
1498 1714 1682 1750 Gallorum
1702 1713 1867 1748 maximas
1890 1724 1948 1748 co-

1281 1763 1354 1811 pias
1388 1765 1561 1811 represlit;
1604 1773 1645 1798 ut
1680 1763 1726 1797 ait
1760 1761 1884 1796 Cicero
1914 1761 1951 1796 de

1284 1813 1384 1848 Prov.
1417 1812 1536 1858 Consul.
1564 1822 1633 1858 cap.
1666 1823 1677 1846 ι
1688 1825 1718 1858 3.
1751 1821 1855 1858 atque
1883 1811 1949 1845 Ita-

1280 1862 1361 1896 liam
1379 1861 1556 1896 obsidione
1572 1860 1740 1896 liberavit.
1774 1859 1870 1895 Idem
1888 1860 1951 1904 pest

1280 1910 1387 1945 Redit.
1421 1909 1466 1944 ad
1484 1912 1605 1956 Qirit.
1625 1918 1692 1956 cap.
1715 1911 1747 1944 8.
1785 1908 1951 1943 Meminit

564 1958 756 2001 interfecto,
805 1957 1008 2001 confecisse,
1052 1958 1230 1993 Diodorus
1275 1969 1335 2006 pro
1352 1959 1499 2000 Rabirio,
1527 1969 1596 2005 cap.
1622 1971 1674 1993 ro.
1700 1966 1731 1992 et
1757 1959 1791 1991 in
1817 1958 1948 1992 catilin.

565 2008 704 2043 Siculus
728 2007 787 2042 lib.
806 2007 983 2042 XXXV1.
1007 2006 1147 2054 scripsit.
1193 2008 1230 2041 In

563 2055 662 2104 cujus
680 2065 840 2103 excerpta
859 2054 1007 2097 historia,
1034 2055 1078 2089 ab
1098 2055 1229 2089 Henri-

562 2117 606 2141 co
623 2104 797 2152 Stephano
812 2104 934 2139 Latine
949 2103 1052 2146 edita,
1065 2103 1119 2138 hic
1137 2104 1231 2138 Con-

563 2154 614 2189 sul
643 2153 684 2188 C.
706 2153 844 2188 Acilius
863 2164 922 2200 per
945 2152 1109 2187 mendum
1129 2164 1229 2187 voca-

564 2213 631 2238 tur.
692 2201 802 2248 Apud
845 2201 1046 2236 Ciceronem
1089 2213 1233 2248 quoque

563 2250 711 2299 Agraria
728 2252 768 2285 ll.
785 2262 859 2297 cap.
886 2261 941 2296 30.
962 2250 1050 2284 male
1068 2250 1232 2296 scriptum

561 2301 621 2342 est,
648 2299 762 2334 Sicilie
782 2299 969 2334 civitatibus
986 2298 1062 2333 bello
1071 2298 1229 2343 fugitivo-

563 2362 632 2384 rum
648 2350 700 2383 M.
707 2347 825 2382 Atilius
836 2351 929 2383 etiam
943 2355 1080 2382 mutuum
1092 2349 1231 2385 frumcn-

562 2408 627 2433 tum
645 2398 740 2438 dedii,
756 2397 816 2432 ubi
836 2399 883 2432 M
888 2398 905 2432 '.
919 2396 1074 2444 Aquillius
1087 2395 1231 2430 scriben-

562 2449 670 2481 dum:
693 2456 729 2481 ut
750 2446 846 2480 initio
866 2445 904 2492 [Ι.
921 2455 990 2491 cap.
1008 2445 1059 2491 2.]
1076 2444 1230 2479 verrim-

563 2496 729 2543 1eptimae,
758 2493 825 2530 Nos
850 2495 917 2542 post
944 2493 979 2529 id
1004 2494 1129 2536 bellum,
1155 2493 1236 2542 quod

1281 2008 1342 2043 lv.
1363 2019 1430 2054 cap.
1456 2019 1508 2043 10.
1561 2009 1616 2055 Q
1637 2006 1783 2042 Catulus
1808 2006 1851 2040 de
1878 2017 1948 2039 ma-

1281 2057 1395 2092 nubiis
1414 2056 1600 2091 Cimbricis
1627 2055 1800 2103 porticum
1827 2054 1859 2089 in
1885 2054 1947 2088 Pa-

1281 2106 1362 2141 latio
1382 2106 1413 2139 in
1434 2117 1508 2139 area
1538 2105 1592 2139 M.
1614 2103 1732 2139 Fulvii
1761 2102 1874 2137 Flacci
1901 2101 1949 2138 fe-

1282 2154 1351 2189 cit:
1380 2155 1497 2197 Cicero,
1520 2163 1580 2200 pro
1598 2154 1711 2195 Dono,
1738 2161 1804 2197 cap.
1827 2155 1884 2198 38.
