2335 3009
618 227 716 266 AD
777 224 1292 265 HERENNIUM
1351 227 1486 267 LIB.
1532 229 1608 268 IV.

413 318 616 355 exheredatus
633 321 682 365 est.
727 321 898 356 Praemium
911 319 1033 367 aliquod
1047 332 1084 355 ex

414 369 469 403 lite
484 368 668 414 autjudicio
682 370 760 414 cepit
775 369 794 402 ,Ρ
805 381 863 403 non
879 369 963 403 modo
980 369 1016 403 id
1026 381 1084 403 non

405 419 501 462 fecit,
525 416 583 462 sed
611 419 702 451 etiam
729 417 852 463 insuper
880 417 942 462 ipse
967 418 1084 463 grandi

406 465 563 510 sponsione
569 466 673 500 vietus
683 466 732 510 est.
759 466 847 512 Ergo
846 465 881 508 fi
891 466 938 500 his
948 468 1083 500 rationi-

414 514 470 547 bus
482 513 681 559 locupletatus
697 525 754 548 non
764 515 814 559 cst,
819 515 903 557 ficut
915 526 1014 549 omnes
1031 517 1081 549 vi-

413 561 508 602 detis·‚
520 570 577 596 aut
588 563 635 606 ι’βί
644 561 725 596 domi
735 563 872 608 nascitur
878 575 1004 604 aurum,
1014 572 1082 604 aut,

414 611 493 645 unde
509 610 628 645 licitum
644 623 703 645 non
720 612 771 658 est,
793 614 940 656 pecunias
957 614 1081 657 accepit.

462 659 599 694 XXIV.
628 660 726 702 Item,
745 661 841 704 Saepe‚
856 659 992 706 judices,
1012 664 1081 694 ani-

413 707 581 749 madverti,
625 708 736 742 multos
763 709 870 754 aliqua
899 720 936 742 ex
963 709 1082 752 honesta

413 767 460 796 re,
487 769 576 803 quam
602 767 638 790 ne
653 758 770 792 inimici
785 756 903 804 quidem
920 758 1083 791 criminari

410 803 531 850 poffint,
539 805 604 847 fibi
614 805 788 850 praestdium
803 813 909 851 petere
919 818 930 838 :
954 817 1081 852 quorum

414 853 497 887 nihil
506 853 602 899 potest
619 853 822 899 adversarius
830 854 949 898 facere.
993 855 1082 889 Nam

414 909 520 936 utrum
537 902 582 936 ad
603 905 711 948 patris
727 905 880 937 virtutem
898 902 1049 948 confugiet
1064 905 1082 938 ?

414 958 449 985 at
475 962 539 984 eum
568 963 625 985 vos
639 952 753 997 jurati
777 954 878 997 capite
906 950 1080 995 damnastis.

414 1000 467 1034 An
496 999 540 1033 ad
546 1000 638 1044 suam
655 1008 836 1034 revertetur
851 1002 1012 1046 antiquam
1029 1002 1082 1035 vi-

415 1055 493 1088 tam,
519 1048 636 1082 alicubi
666 1049 781 1092 honeste
810 1050 1014 1084 tractatam?
1048 1057 1084 1083 at

415 1096 467 1131 hic
481 1095 600 1143 quidem
616 1105 687 1131 ante
703 1097 800 1132 oculos
811 1097 926 1140 vestros
941 1097 1084 1144 quomodo

416 1147 545 1185 vixerit,
575 1146 666 1190 scitis
697 1158 805 1181 omnes.
857 1147 910 1180 An
939 1154 1084 1190 cognatos

408 1194 483 1239 ficos
500 1194 703 1236 enumerabit,
727 1194 836 1242 quibus
861 1206 920 1228 vos
941 1196 1083 1228 conveni-

416 1250 453 1276 at
477 1245 689 1277 commoveri?
726 1250 763 1277 at
793 1243 828 1277 hi
853 1242 974 1289 quidem
1006 1242 1085 1277 nulli

407 1291 496 1336 sunt.
548 1293 672 1326 Amicos
684 1291 853 1336 proferet?
879 1299 914 1325 at
932 1302 1016 1325 nemo
1032 1291 1083 1334 ςβ,

415 1342 469 1386 qui
473 1339 538 1382 sibi
553 1351 611 1374 non
624 1347 714 1385 putet
731 1348 831 1385 turpe,
849 1340 932 1384 istius
948 1341 1083 1374 amicum

413 1389 579 1423 nominari.
632 1389 730 1430 Item,
768 1387 879 1430 Credo,
914 1389 1083 1430 inimicum,

414 1448 501 1483 quem
529 1445 684 1472 nocentem
701 1437 855 1483 putabas,
880 1438 914 1471 in
928 1436 1084 1483 judicium

414 1485 570 1528 adduxisti
584 1499 595 1520 .·
632 1498 700 1521 non.
753 1487 842 1521 Nam
876 1486 1084 1520 indemnatum

416 1535 536 1581 necasti.
585 1535 698 1581 Leges,
724 1547 792 1581 quae
812 1534 963 1579 idsacere
973 1535 1085 1579 prohi-

416 1583 500 1624 bent,
526 1585 646 1618 veritus
665 1584 726 1618 es?
751 1590 787 1617 at
814 1595 851 1617 ne
859 1584 998 1628 scriptas
1019 1584 1084 1630 qui-

416 1632 482 1666 dem
503 1631 664 1678 judicasti.
707 1632 785 1667 Cum
812 1633 874 1677 ipse
907 1639 938 1666 te
970 1634 1086 1666 veteris

416 1681 562 1715 amicitiae
601 1681 880 1725 commonefaceret,
923 1688 1087 1715 commotus

417 1731 477 1764 es?
503 1736 540 1763 at
562 1729 655 1764 nihilo
677 1731 788 1770 minus,
806 1729 864 1774 sed
878 1731 973 1764 etiam
990 1729 1086 1767 [iudi-

416 1777 493 1821 osius
510 1778 649 1820 occidisti.
693 1777 804 1824 Qid?
831 1789 898 1813 cum
921 1778 983 1812 tibi
992 1779 1087 1823 pueri

416 1827 460 1862 ad
486 1827 576 1873 pedes
610 1826 842 1868 volutarentur,
879 1826 1085 1872 misericordia

417 1882 515 1911 motus
536 1876 594 1910 es?
619 1883 655 1910 at
672 1887 778 1910 eorum
789 1884 917 1921 patrem
939 1874 1084 1919 crudelis-

405 1924 485 1968 sime
525 1924 693 1970 sepultura
737 1936 851 1971 quoque
889 1923 1083 1968 prohibuisti.

417 1973 579 2008 Multum
599 1973 681 2007 inest
697 1972 894 2007 acrimoniae
921 1981 955 2006 et
971 1971 1083 2019 gravi-

418 2022 496 2057 tatis
516 2021 548 2056 in
566 2021 628 2056 hac
646 2021 880 2064 exornatione,
906 2030 1087 2068 propterea

418 2071 528 2118 quod,
566 2082 646 2106 cum
681 2070 867 2117 quaefitum
900 2069 960 2111 est,
996 2068 1083 2116 quid

417 2129 587 2166 oporteat,
629 2118 810 2165 subjicitur
849 2119 884 2153 id
918 2130 988 2153 non
1021 2117 1085 2152 effe

418 2167 562 2202 factum.
611 2168 732 2215 Qare
761 2166 924 2203 facillime
957 2166 1009 2209 fit,
1046 2176 1086 2201 ut

419 2225 583 2262 augeatur
622 2215 806 2263 indignitas
839 2215 978 2262 negotii.
1029 2215 1086 2250 Ex

418 2265 538 2299 eodem
557 2276 689 2311 genere,
715 2274 754 2299 ut
770 2265 812 2299 ad
831 2264 978 2299 nostram
997 2275 1085 2310 quo-

421 2326 488 2359 que
506 2313 681 2360 personam
700 2311 886 2348 referamus
906 2311 1087 2359 subjeEtio-

420 2374 511 2402 nem,
539 2361 582 2396 fic
598 2374 605 2395 ε
632 2360 723 2396 Nam
748 2361 824 2407 quid
838 2373 884 2396 me
891 2361 1001 2407 facere
1017 2372 1086 2395 con-

419 2419 551 2452 veniret,
578 2421 642 2444 cum
668 2422 688 2443 a
716 2417 809 2444 tanta
827 2410 990 2444 Gallorum
1007 2409 1086 2444 mul-

419 2461 553 2496 littcdine
586 2458 817 2504 circumsederer
830 2459 848 2494 ?
884 2470 927 2493 an
955 2457 1083 2493 dimica-

1726 243 1812 283 207

1133 331 1198 355 rem
1211 321 1230 355 ,Ρ
1256 328 1293 356 at
1320 334 1386 356 cum
1407 332 1522 368 parva
1539 335 1634 358 manu
1650 332 1715 360 tum
1727 335 1805 370 pro-

1133 369 1279 411 diremus,
1312 371 1409 405 locum
1439 383 1551 419 quoque
1577 374 1805 418 inimiciffimum

1134 417 1330 453 habebamus.
1382 419 1518 454 Sederem
1543 422 1577 454 in
1603 421 1709 464 castris
1722 425 1740 457 ,Ρ
1765 431 1803 457 a!

1133 477 1226 513 neque
1259 466 1438 511 substdfflm,
1481 468 1561 514 quod
1598 474 1800 515 expeHarem,

1133 514 1329 557 habebamus,
1367 527 1458 562 neque
1488 524 1570 558 erat,
1610 530 1666 564 quo
1698 523 1802 554 vitam

1127 562 1377 607 produceremus.
1429 564 1542 606 Castra
1569 566 1767 613 relinquerem
1781 570 1801 603 ,Ρ

1131 619 1166 645 at
1184 612 1403 653 obsidebamur.
1455 614 1564 648 Vitam
1582 614 1715 649 militum
1728 628 1799 662 neg-

1131 659 1255 705 ligerem
1269 663 1286 695 ?
1312 668 1349 695 at
1374 673 1411 695 ea
1433 661 1565 696 videbar
1590 674 1638 697 eos
1662 664 1801 710 accepiſje

1132 709 1310 750 conditione,
1338 718 1385 752 ut,
1415 710 1516 757 quoad
1534 710 1651 757 poffem,
1685 713 1800 747 incolu-

1131 769 1189 791 mes
1201 760 1318 802 patriae
1334 767 1363 791 et
1379 759 1561 803 parentibus
1577 759 1800 804 conservarem.

1132 806 1274 848 Hostium
1291 806 1488 841 conditionem
1506 807 1701 853 repudiarem
1715 811 1733 844 ‚9
1763 817 1801 844 at

1122 854 1213 899 salus
1228 857 1387 901 antiquior
1404 855 1444 899 est
1461 855 1603 898 militum,
1628 869 1721 904 quam
1742 860 1800 892 im-

1127 902 1380 947 pedimentorum.
1440 903 1652 950 Hujusmodi
1687 906 1800 941 conse-

1132 962 1291 998 quuntur
1335 952 1520 987 identidem
1564 952 1801 1000 subjefflones,

1132 1009 1172 1034 ut
1205 1012 1247 1034 ex
1280 1000 1443 1035 omnibus
1471 1001 1602 1036 ostendi
1633 1002 1801 1045 videatur,

1133 1048 1218 1083 nihil
1235 1049 1351 1096 potius
1369 1061 1476 1095 quam
1489 1051 1586 1097 quod
1602 1049 1734 1086 fadum
1749 1052 1802 1095 fit,

1131 1096 1328 1132 faciendum
1346 1096 1455 1133 fuisse.

1183 1144 1302 1181 XXV.
1331 1146 1498 1181 Gradatio
1514 1146 1573 1189 est,
1592 1147 1625 1182 in
1645 1159 1714 1194 qua
1731 1160 1800 1183 non

1134 1203 1211 1228 ante
1227 1194 1270 1228 ad
1288 1194 1494 1241 consequens
1507 1196 1653 1231 verbum
1668 1196 1801 1231 descen-

1133 1242 1240 1283 ditur,
1266 1255 1373 1289 quam
1399 1243 1442 1277 ad
1471 1243 1624 1291 superius
1642 1245 1802 1280 conscen-

1133 1290 1207 1324 sum
1225 1291 1286 1333 est,
1313 1292 1377 1326 hoc
1397 1292 1525 1326 modo:
1553 1292 1644 1327 Nam
1668 1306 1735 1339 quae
1750 1306 1800 1328 re-

1132 1338 1219 1385 liqua
1227 1340 1297 1384 spes
1314 1347 1418 1373 manet
1435 1340 1604 1382 libertatis,
1620 1341 1655 1384 fi
1670 1341 1744 1384 illis,
1771 1349 1803 1376 et

1132 1386 1214 1434 quod
1239 1387 1326 1429 libet,
1354 1388 1450 1429 licet,
1476 1396 1506 1423 et
1528 1388 1608 1435 quod
1627 1389 1709 1430 licet,
1730 1391 1802 1436 pos-

1124 1433 1226 1482 sunt·,
1263 1444 1294 1470 et
1325 1436 1406 1482 quod
1431 1435 1562 1483 peffunt,
1597 1438 1737 1480 audent3
1772 1446 1806 1473 et

1134 1485 1215 1531 quod
1240 1485 1369 1527 audent,
1390 1484 1550 1530 faciunt,
1581 1494 1610 1521 et
1642 1487 1722 1534 quod
1740 1487 1803 1532 fa-

1134 1535 1231 1575 ciunt,
1257 1535 1344 1569 vobis
1361 1534 1510 1579 molestum
1528 1546 1587 1569 non
1603 1535 1643 1579 est
1658 1537 1675 1570 ?
1703 1536 1804 1578 Item,

1134 1581 1212 1617 Non
1235 1582 1316 1628 senfi
1343 1582 1410 1624 hoc,
1437 1591 1468 1617 et
1497 1594 1556 1617 non
1576 1584 1685 1630 suast3
1712 1597 1804 1632 neque

1126 1631 1223 1677 suast,
1248 1639 1278 1665 et
1294 1643 1352 1666 non
1368 1632 1428 1677 ipse
1441 1631 1555 1675 statim
1569 1632 1681 1678 facere
1704 1635 1801 1680 coepi;

1134 1691 1228 1727 neque
1235 1680 1347 1724 facere
1362 1681 1447 1725 capi,
1473 1687 1502 1714 et
1521 1692 1579 1714 non
1592 1683 1708 1727 perfeci
1722 1699 1732 1723 ·‚
1751 1694 1802 1717 ne-

1133 1740 1191 1776 que
1201 1729 1332 1774 perfeci,
1358 1736 1387 1762 et
1417 1740 1475 1762 non
1495 1729 1646 1774 probavi.
1699 1731 1801 1773 Item,

1133 1776 1289 1822 Africano
1317 1776 1470 1819 industria
1496 1779 1660 1820 virtutem,
1696 1781 1804 1813 virtus

1130 1826 1282 1871 gloriam,
1304 1826 1408 1870 gloria
1438 1826 1562 1860 aemulos
1590 1831 1800 1872 comparavit.

1135 1874 1236 1916 Item,
1274 1875 1442 1920 Imperium
1468 1875 1600 1909 Graeciae
1617 1875 1691 1920 fuit
1719 1876 1805 1922 apud

1133 1923 1345 1968 Athenienses,
1364 1922 1592 1966 Atheniensium
1603 1926 1702 1970 potiti
1723 1925 1804 1970 sunt

1135 1971 1319 2016 Spartiatae,
1331 1972 1513 2017 Spartiates
1517 1972 1708 2018 superavere
1721 1974 1803 2008 The-

1134 2020 1221 2061 bani,
1246 2019 1410 2054 Thebanos
1437 2020 1624 2055 Macedones
1645 2023 1802 2064 vicerunt,

1132 2071 1185 2116 qui
1201 2068 1246 2103 ad
1271 2069 1591 2115 imperiuerraeciae
1621 2070 1710 2104 brevi
1726 2078 1803 2106 tem-

1127 2127 1205 2164 pore
1214 2117 1424 2164 adjunxerunt
1433 2119 1536 2165 Afiam
1547 2118 1621 2153 bello
1621 2119 1801 2164 subactam.

1135 2166 1257 2201 Habet
1279 2166 1313 2201 in
1332 2166 1363 2201 se
1380 2167 1553 2213 quendam
1570 2167 1719 2213 leporem
1748 2168 1800 2202 su-

1137 2215 1278 2262 perioris
1306 2213 1472 2262 cujusque
1498 2215 1615 2250 crebra
1646 2216 1803 2262 repetitio

1138 2263 1245 2305 verbi,
1264 2275 1346 2310 quae
1364 2263 1504 2310 propria
1517 2264 1563 2298 est
1583 2262 1684 2309 hujus
1700 2276 1801 2300 exor-

1136 2313 1294 2347 nationis.
1339 2311 1506 2346 Definitio
1539 2311 1598 2353 est,
1638 2324 1719 2359 quae
1755 2314 1802 2348 rei

1138 2359 1282 2407 alicujus
1307 2359 1462 2407 proprias
1493 2360 1710 2406 amplectitur
1738 2374 1802 2408 po-

1137 2408 1268 2443 testates
1304 2408 1452 2442 breviter
1476 2418 1509 2442 et
1544 2408 1708 2451 absolute,
1735 2411 1802 2446 hoc

1135 2458 1263 2493 modo:
1291 2457 1446 2504 Majessas
1475 2457 1652 2503 reipublicae
1679 2459 1729 2505 est,
1769 2461 1806 2494 in.
