2335 3009
761 216 869 257 AD
945 216 1350 258 BRUTUM.
1701 223 1748 267 ε,

363 313 638 369 magnitudine
657 313 800 366 magis,
821 327 940 366 quam
960 313 1109 352 eventis
1131 327 1276 359 rerum,
1307 314 1492 361 liberasti,
1518 315 1628 355 exitu
1648 318 1749 357 libe-

362 395 430 421 ra:
461 380 592 420 omnis
612 379 795 417 omnium
814 379 1026 418 concursus
1048 379 1095 417 ad
1115 388 1153 418 te
1172 378 1330 418 futurus
1352 380 1419 419 est.
1455 382 1625 421 Hortare
1645 383 1751 423 idem

361 460 432 500 per
450 447 580 484 literas
603 445 790 484 Caffium.
823 446 916 498 Spes
938 445 1130 484 libertatis
1151 445 1359 498 nusquam,
1386 447 1455 485 nifi
1477 449 1516 485 in
1538 448 1752 488 vestrorum

363 510 574 550 castrorum
595 510 795 563 praefidiiS,
827 509 894 548 est.
931 510 1088 548 Firmos
1109 510 1275 549 omnino
1294 519 1333 549 et
1353 510 1471 549 duces
1492 511 1682 552 habemus
1703 515 1752 552 ab

363 575 585 621 occidente,
615 584 655 614 et
684 575 893 613 exercitus.
940 575 1033 613 Hoc
1053 574 1307 613 adolescentis
1328 576 1548 628 praefidium
1568 579 1753 630 equidem

362 640 492 679 adhuc
512 641 674 679 firmum
694 640 767 679 effe
786 639 972 679 confido:
1005 640 1069 678 sed
1100 641 1155 678 ita
1185 641 1306 679 multi
1335 641 1583 687 labefaciant,
1615 652 1674 688 ut,
1705 657 1754 681 ne

363 715 582 751 moveatur,
603 705 805 744 interdum
825 705 1092 745 extimescam.
1124 707 1259 745 Habes
1281 716 1412 745 totum
1432 707 1658 761 reipublicae
1679 707 1753 746 sta-

363 779 480 810 tum:
505 771 583 824 ¹qui
613 770 776 823 quidem
803 779 891 808 tum
917 779 1012 816 erat,
1043 784 1138 809 cum
1162 770 1231 810 has
1262 771 1392 810 literas
1419 773 1575 812 dabam.
1619 773 1755 812 Velim

363 836 548 890 deinceps
581 837 746 875 meliora
775 836 877 875 fint:
909 837 966 875 fin
992 836 1104 874 aliter
1123 835 1244 875 fuerit
1264 838 1393 891 (quod
1413 838 1469 877 dii
1499 853 1614 877 omen
1645 852 1754 878 aver-

363 911 449 941 tant
468 903 498 954 !)
521 902 749 956 reipublicae
769 902 897 940 vicem
916 901 1075 948 dolebo,
1107 915 1192 954 quae
1213 903 1449 944 immortalis
1470 904 1543 944 effe
1571 904 1752 945 debebat.

363 966 476 1007 Mihi
495 969 657 1021 quidem
678 967 917 1022 quantulum
936 967 1082 1022 reliqui
1100 967 1186 1007 est?

701 1171 956 1210 Baua-us
1002 1170 1327 1209 C1CERON1
1374 1171 1413 1210 S.

366 1299 442 1338 XI.
465 1296 553 1374 V
565 1298 603 1336 E
620 1294 705 1336 TE
720 1298 756 1336 R
769 1299 797 1337 I
808 1298 834 1336 S
861 1297 1019 1349 Antistii
1040 1296 1125 1336 talis
1143 1297 1282 1336 animus
1301 1297 1346 1350 ‹st
1363 1298 1401 1337 in
1420 1299 1682 1351 rempublicam,
1713 1310 1756 1340 ut·

538 1378 607 1403 non
625 1363 794 1409 dubitem,
824 1364 909 1418 quin
929 1373 964 1402 et
990 1363 1028 1402 in
1049 1362 1193 1414 Caesare
1216 1372 1252 1402 et
1270 1364 1432 1403 Antonio
1447 1364 1494 1416 st·
1514 1365 1758 1418 praestaturus

349 1430 479 1485 suerit
496 1430 710 1470 acerrimum
722 1439 1028 1484 propugnatorem
1047 1429 1235 1470 communis
1253 1429 1446 1475 libertatis,
1452 1430 1496 1482 fi
1511 1432 1678 1483 occasioni
1686 1442 1756 1485 po·

365 1496 482 1550 tufft
499 1511 699 1536 occurrere.
731 1495 831 1535 Nam
851 1496 914 1550 qui
928 1497 965 1535 in
984 1496 1132 1536 Achaia
1150 1495 1358 1550 congrffls,
1379 1497 1430 1535 P.
1453 1497 1644 1536 Dolabella
1662 1498 1756 1537 mili-

365 1573 419 1603 tes
435 1573 544 1618 atque
561 1563 692 1617 equites
710 1563 874 1609 habente,
905 1563 1052 1616 quodvis
1070 1562 1172 1602 adire
1183 1564 1397 1616 periculum,
1432 1578 1477 1602 ex
1494 1563 1624 1616 itfidiis
1636 1573 1757 1618 para-

367 1629 485 1682 tgffi'mi
498 1629 552 1669 ad
563 1629 679 1668 omnia
697 1629 861 1675 latronis,
892 1630 1073 1674 maluerit,
1104 1643 1210 1683 quam
1238 1628 1359 1668 videri
1373 1639 1441 1668 aut
1459 1632 1599 1669 coaetus
1617 1630 1676 1684 effe
1687 1640 1756 1684 pe·

367 1696 508 1735 cuniam
521 1695 621 1740 dare,
638 1693 704 1734 ¹aut
723 1695 873 1734 libenter
887 1695 1006 1748 dedsse
1020 1695 1154 1734 homini
1165 1695 1359 1749 nequffmo
1375 1704 1483 1748 atque
1497 1696 1755 1749 improbgffimm

364 1762 396 1800 is
413 1761 511 1801 nobis
529 1763 625 1800 ultro
644 1771 679 1800 et
692 1763 872 1814 pollicitus
890 1761 948 1814 est,
978 1771 1014 1800 et
1033 1761 1127 1800 dedit
1146 1761 1241 1799 H-S
1271 1775 1333 1798 XX
1353 1775 1396 1799 ex
1400 1762 1476 1815 sita
1493 1762 1648 1814 pecunia
1663 1778 1677 1801 :
1707 1772 1756 1808 et,

366 1827 460 1882 quod
473 1828 582 1866 multo
600 1827 720 1866 carius
739 1827 797 1879 est,
813 1827 968 1880 stipstcm
986 1826 1116 1866 obtulit
1133 1835 1169 1864 et
1190 1825 1386 1877 conjunxit.
1431 1828 1532 1865 Huic
1544 1827 1758 1880 persuadere

363 1893 541 1946 caepimus,
570 1902 612 1931 ut
633 1893 828 1944 imperator
847 1893 884 1930 in
904 1891 1026 1944 castris
1048 1901 1260 1936 remaneret,
1281 1905 1422 1945 remque
1436 1892 1617 1944 publicam
1636 1891 1758 1946 defen—

367 1958 480 1998 deret.
510 1958 653 1997 Statuit
668 1957 909 2009 eundumfibi,
927 1958 1089 2011 quoniam
1108 1957 1301 1997 exercitum
1317 1956 1500 2010 dinzififflt.
1524 1958 1659 1996 Statim
1673 1973 1762 1997 vero

365 2024 567 2064 rediturum
586 2023 638 2063 ad
649 2039 711 2063 nos
728 2024 970 2075 confirmavit,
999 2023 1172 2077 legatione
1175 2024 1359 2077 Justepta,
1398 2022 1466 2075 ⁷²ss
1474 2032 1680 2077 praetorum
1700 2038 1759 2063 co-

367 2090 471 2129 mitia
499 2090 667 2130 babituri
688 2089 792 2143 eſjent
823 2090 986 2144 confides.
1028 2091 1129 2129 Nam
1159 2089 1214 2127 illi
1241 2089 1296 2127 ita
1307 2089 1488 2142 sentienti
1509 2088 1550 2128 de
1580 2089 1761 2142 republica

368 2165 576 2210 magnopere
593 2153 802 2209 audorfiaei,
824 2170 867 2194 ne
884 2154 1048 2209 dfferret
1067 2163 1206 2208 tempus
1217 2154 1504 2208 petitionis-sm.
1551 2155 1760 2207 Cujusfac-

368 2231 446 2261 tum
465 2221 620 2261 omnibus
633 2231 786 2275 gratum
805 2220 865 2274 sse
883 2220 996 2267 debet,
1030 2221 1095 2274 qui
1121 2219 1216 2259 modo
1235 2220 1421 2272 judicant,
1451 2220 1546 2258 hunc
1569 2220 1763 2259 exercitum

369 2287 429 2341 ff
446 2287 670 2339 reipublicae;
702 2287 773 2326 tibi
789 2295 894 2326 tanto
907 2287 1068 2340 gratius,
1092 2296 1225 2341 quanto
1245 2296 1280 2325 et
1299 2287 1430 2338 majore
1448 2287 1564 2324 animo
1577 2286 1765 2340 gloriaque

368 2353 570 2392 libertatem
589 2352 738 2405 nostram
756 2352 910 2406 defendis
927 2370 938 2397 3
969 2362 1005 2392 et
1022 2352 1249 2406 dignitatem,
1265 2352 1309 2403 st
1326 2351 1518 2404 contigerit
1536 2351 1661 2404 nostris
1678 2366 1763 2391 con-

355 2419 451 2472 filiis
469 2418 598 2462 exitus,
629 2432 728 2470 quem
747 2427 922 2471 optamus,
946 2419 1210 2472 perfuneflurus
1230 2432 1277 2456 es.
1310 2419 1391 2470 Ego
1410 2418 1531 2462 etiam,
1556 2417 1608 2455 mi
1625 2418 1762 2462 Cicero,

360 2485 513 2540 proprie
516 2483 830 2538 familiariterque
850 2492 888 2523 te
906 2498 1005 2537 rogo,
1036 2494 1078 2524 ut
1099 2486 1260 2524 Veterem
1279 2497 1386 2528 ames,
1416 2483 1567 2537 velisque
1585 2482 1644 2537 ‘ff'
1662 2498 1767 2538 quam

455 2551 494 2590 T
508 2563 532 2589 0
547 2562 600 2589 M.
633 2548 710 2589 IX.
1432 2550 1468 2587 L
