2335 3009
575 242 669 280 AD
727 240 796 291 Q
843 237 1207 276 FRATREM
1266 239 1401 279 ΜΒ.
1448 244 1524 281 111.
1698 260 1746 299 53

356 339 601 381 constituerit
634 338 807 383 mittere,
847 336 1055 390 literasque
1088 351 1110 375 a
1143 338 1258 376 nobis
1293 342 1502 393 acceperit,
1545 344 1676 397 aliqua
1710 360 1748 383 re

357 420 458 447 nova
475 404 729 458 impediatur,
759 413 799 442 et
821 403 1028 442 necessario
1049 403 1183 449 serius,
1213 418 1332 456 quam
1353 407 1620 455 constituerat,
1652 412 1749 450 mit—

356 482 427 517 tat,
460 484 586 523 neque
616 483 688 508 nos
721 469 820 507 datis
847 470 932 522 jam
964 469 1137 522 epistolis
1165 469 1271 508 diem
1291 475 1529 512 commutari
1550 489 1747 517 curemus.

358 537 504 576 Scribis
526 537 573 574 de
595 536 754 574 Caesaris
776 536 933 573 summo
953 535 995 573 in
1018 548 1087 573 nos
1109 549 1254 575 amore.
1302 537 1426 575 Hunc
1459 549 1497 577 et
1519 549 1561 578 tu
1582 540 1749 588 fovebis,

355 612 395 642 et
415 616 501 648 nos,
533 601 837 655 quibuscunque
858 601 1076 654 poterimus
1097 601 1228 647 rebus,
1259 603 1507 654 augebimuS.
1545 606 1607 644 De
1629 607 1749 646 Pom-

355 670 460 723 peio,
491 679 530 707 et
551 667 654 706 facio
677 668 903 720 diligenter,
934 676 973 705 et
1004 667 1162 712 faciam,
1197 669 1305 721 quod
1335 683 1486 709 mones.
1535 673 1654 724 Qod
1677 675 1751 713 tibi

355 748 444 773 mea
463 734 660 787 permiffio
680 733 890 772 manfionis
913 742 988 771 tuae
1008 742 1115 786 grata
1134 733 1202 778 est,
1233 733 1274 771 id
1299 747 1371 786 ego
1393 735 1548 775 summo
1569 752 1658 777 meo
1679 739 1751 779 do—

356 801 439 838 lore
459 810 498 838 et
519 799 720 845 desiderio,
753 807 884 837 tamen
916 812 965 837 ex
996 807 1104 851 parte
1135 799 1300 852 gaudeo.
1348 801 1394 838 In
1423 802 1692 856 Hippodamis
1714 815 1753 845 et

357 866 562 905 nonnullis
583 866 669 903 aliis
689 865 932 909 arcessendis,
965 864 1061 917 quid
1082 866 1248 917 cogites,
1280 879 1360 904 non
1392 866 1602 921 intelligo:
1636 884 1753 910 nemo

357 932 521 971 istorum
543 932 610 977 est,
642 932 739 983 quin
773 931 840 969 abs
874 940 911 969 te
933 944 1094 976 munus,
1125 931 1240 970 fundi
1274 932 1487 971 suburbani
1520 935 1650 981 instar,
1682 950 1752 976 ex-

358 1000 501 1051 pe&et.
537 998 774 1037 Trebatium
796 1011 888 1036 vero
907 1011 1044 1035 meum
1070 998 1177 1050 quod
1198 997 1270 1036 isto
1290 998 1516 1046 admisceas,
1548 1001 1651 1040 nihil
1682 1003 1750 1043 est.

359 1065 449 1116 Ego
481 1065 598 1102 illum
618 1064 665 1102 ad
687 1064 877 1102 Caesarem
898 1063 1000 1108 misi,
1032 1064 1102 1116 qui
1134 1062 1237 1102 mihi
1262 1065 1347 1117 jam
1378 1065 1593 1106 satisfecit:
1626 1068 1652 1107 fi
1682 1069 1753 1122 ipsi

360 1130 509 1175 minus,
541 1130 715 1183 praestare
742 1128 843 1167 nihil
874 1128 1025 1174 debe0;
1058 1138 1175 1180 teque
1205 1130 1300 1168 item
1321 1131 1369 1168 ab
1390 1145 1436 1169 co
1455 1133 1615 1172 vindico
1635 1143 1674 1172 et
1700 1135 1753 1173 li-

360 1195 469 1235 bero.
509 1195 630 1247 Qod
650 1195 786 1233 scribis
809 1203 846 1232 te
866 1207 886 1232 a
907 1194 1054 1232 Caesare
1074 1195 1253 1247 quotidie
1273 1195 1362 1248 plus
1384 1196 1514 1250 diligi,
1545 1199 1754 1239 immorta-

361 1262 453 1300 liter
472 1261 649 1314 gaudeo:
684 1260 854 1298 Balbum
877 1273 981 1304 vero,
1014 1261 1084 1311 qui
1113 1260 1166 1297 est
1190 1261 1298 1299 istius
1321 1263 1375 1299 rei
1399 1264 1755 1315 (quemadmodum

361 1327 517 1378 scribis)
541 1327 710 1379 adjutor,
741 1325 782 1363 in
804 1325 930 1363 oculis
951 1323 1050 1363 fero.
1090 1325 1342 1364 Trebonium
1363 1341 1499 1366 meum
1520 1343 1540 1367 a
1561 1339 1598 1368 te
1619 1334 1753 1379 amari,

360 1402 479 1446 teque
499 1393 547 1431 ab
569 1393 655 1438 illo,
686 1391 921 1445 pergaudeo,
955 1392 1018 1430 De
1038 1391 1243 1430 tribunatu
1264 1393 1372 1445 quod
1392 1393 1544 1442 scribis,
1572 1410 1646 1450 ego
1665 1411 1757 1437 vero

361 1458 601 1498 nominatim
622 1458 745 1511 petivi
767 1457 924 1502 Curtio,
955 1466 993 1495 et
1014 1456 1116 1495 mihi
1141 1457 1222 1511 ipse
1243 1458 1369 1497 Caesar
1388 1461 1627 1501 nominatim
1650 1464 1756 1503 Cur-

363 1525 420 1564 tio
445 1533 623 1577 paratum
654 1523 726 1562 effe
758 1523 966 1575 rescripsit,
996 1536 1204 1575 meamque
1224 1524 1265 1562 in
1286 1526 1460 1578 rogando
1480 1529 1758 1569 verecundiam

361 1590 601 1643 objurgavit.
636 1589 674 1627 Si
695 1590 759 1627 cui
781 1598 963 1642 praeterea
978 1589 1142 1641 petier0‚
1163 1589 1223 1642 (id
1243 1591 1350 1643 quod
1367 1593 1485 1630 etiam
1504 1593 1640 1648 Oppio
1657 1596 1754 1642 dixi,

362 1666 407 1695 ut
434 1656 481 1694 ad
511 1656 629 1694 illum
650 1654 852 1704 scriberet)
876 1654 992 1693 facile
1012 1656 1136 1708 patiar
1156 1655 1258 1694 mihi
1280 1658 1427 1710 negari,
1459 1661 1646 1711 quoniam
1678 1663 1756 1708 illi,

363 1721 434 1775 qui
465 1720 619 1760 molesti
651 1720 756 1766 sunt,
788 1720 859 1758 fibi
889 1721 1021 1772 negari
1041 1734 1062 1758 a
1082 1735 1146 1759 me
1166 1735 1245 1760 non
1267 1721 1382 1760 facile
1403 1726 1622 1776 patiuntur.
1669 1728 1757 1780 Ego

367 1788 555 1826 Curtium
589 1787 648 1840 (id
679 1787 787 1840 quod
818 1786 888 1839 ipfi
921 1786 1024 1837 dixi)
1059 1801 1139 1825 non
1165 1788 1284 1826 modo
1305 1791 1522 1842 rogatione,
1554 1792 1617 1830 sed
1638 1793 1757 1833 etiam

362 1853 590 1892 testimonio
611 1862 695 1898 tuo,
726 1852 867 1904 diligo,
893 1852 1000 1905 quod
1021 1852 1145 1890 literis
1167 1853 1245 1892 tuis
1267 1854 1439 1893 studium
1461 1856 1569 1895 illius
1592 1857 1631 1896 in
1654 1858 1757 1897 salu-

365 1929 446 1958 tem
467 1919 636 1958 nostram
657 1918 774 1957 facile
793 1919 985 1972 perspexi.
1033 1920 1095 1957 De
1125 1920 1362 1960 Britannicis
1384 1922 1498 1961 rebus
1521 1925 1689 1977 cognovi
1710 1940 1758 1965 ex

366 1986 444 2025 tuis
466 1986 606 2031 literis,
639 1984 740 2023 nihil
762 1985 833 2023 effe
854 1998 925 2022 nec
947 1984 1055 2038 quod
1075 1996 1313 2032 metuamus,
1345 2001 1417 2026 nec
1449 1990 1555 2042 quod
1587 1991 1758 2043 gaudea-

365 2065 469 2090 mus.
516 2053 578 2091 De
610 2051 784 2104 publicis
817 2050 1000 2103 negotiis,
1032 2065 1118 2104 quae
1140 2052 1196 2090 vis
1218 2051 1264 2090 ad
1292 2061 1329 2090 te
1351 2053 1545 2093 Tironem
1576 2055 1757 2104 scribere,

367 2117 632 2170 negligentius
653 2116 700 2155 ad
722 2126 759 2155 te
778 2125 867 2154 ante
888 2116 1120 2163 scribebam,
1138 2117 1246 2170 quod
1266 2119 1414 2165 omnia,
1431 2121 1612 2167 minima,
1629 2124 1758 2161 maxi-

367 2195 445 2228 ma,
475 2182 522 2221 ad
544 2182 733 2221 Caesarem
755 2182 863 2221 mitti
885 2182 1068 2221 sciebam.

424 2249 498 2287 IV.
531 2249 723 2302 Rescripfi
744 2248 914 2302 epistolae
936 2250 1131 2288 maximae.
1178 2250 1286 2288 Audi
1312 2265 1418 2289 nunc
1440 2251 1487 2290 de
1507 2251 1754 2293 minuscula:

369 2313 410 2352 in
432 2327 509 2366 qua
528 2315 704 2366 primum
724 2316 778 2353 est
798 2315 844 2353 de
867 2315 1000 2353 Clodii
1022 2315 1068 2353 ad
1090 2315 1279 2355 Caesarem
1300 2317 1423 2355 literis
1444 2332 1452 2356 ε
1485 2319 1525 2356 in
1558 2332 1638 2371 quo
1669 2314 1758 2358 Cae-

370 2379 460 2418 saris
489 2380 697 2419 confilium
728 2382 867 2434 probo,
899 2382 1005 2434 quod
1039 2382 1112 2420 tibi
1146 2383 1403 2421 amantissime
1434 2385 1581 2437 petenti
1605 2385 1759 2424 veniam

369 2459 449 2485 non
471 2445 593 2491 dedit,
611 2447 670 2484 uti
692 2447 819 2484 ullum
842 2448 1020 2487 adillam
1042 2449 1201 2487 Furiam
1223 2449 1388 2488 verbum
1409 2450 1649 2490 rescriberet.
1682 2452 1758 2490 Al-

369 2520 499 2551 terum
519 2511 572 2551 est
592 2512 639 2551 de
656 2512 838 2551 Calventi
859 2513 981 2552 Marii
1001 2515 1190 2554 oratione.
1214 2516 1335 2568 Qod
1355 2515 1507 2563 scribis,
1530 2517 1666 2562 miror,
1685 2517 1760 2556 tibi
