2335 3009
487 211 566 252 130
891 196 1442 237 ,POEMATUM

488 295 585 334 Inde
607 295 787 349 Sagittari
807 294 982 334 defixum
1004 295 1167 349 poffidet
1186 309 1336 335 arcum.

487 359 612 398 Hunc
633 374 653 398 a
672 359 873 398 clarisonis
893 360 996 399 auris
1018 361 1231 413 Aquilonis
1251 361 1298 399 ad
1319 361 1509 402 Austrum

489 425 643 464 Cedens
665 426 906 479 postremum
927 427 1053 479 tangit
1074 435 1158 465 rota
1176 425 1324 467 fervida
1345 427 1463 474 solis,

489 491 647 530 Exinde
667 493 708 530 in
731 492 882 545 superas
906 492 1075 531 brumali
1097 501 1273 544 tempore
1294 492 1398 532 flexu

490 557 538 594 Se
557 557 698 610 recipit
720 557 824 596 sedes
843 573 852 596 ε
884 557 980 596 huic
1000 558 1088 596 orbi
1108 558 1285 610 quinque
1310 558 1467 597 tributae

489 622 706 662 Nocturnae
727 633 869 676 partes,
900 624 1036 676 supera
1056 632 1132 662 tres
1154 623 1242 662 luce
1263 623 1458 663 dicantur.

491 689 619 729 Hasce
639 691 742 729 inter
762 691 932 729 mediam
952 691 993 728 in
1014 698 1165 743 partem
1185 690 1350 729 retinere
1370 691 1524 730 videtur

490 756 662 802 Tantus,
694 765 863 809 quantus
885 756 958 794 erit
979 755 1181 794 collucens
1203 755 1368 794 Laeteus
1389 757 1512 803 orbis,

491 820 539 858 In
561 834 641 873 quo
661 821 895 866 autumnali,
926 829 1042 874 atque
1063 822 1207 859 iterum
1228 821 1284 859 sol
1305 821 1457 860 lumine
1477 835 1597 862 verno

490 886 682 939 Exaequat
703 886 871 940 spatium
892 886 992 925 lucis
1013 899 1106 924 cum
1127 895 1305 939 ternpore
1325 888 1465 927 noetis.

490 951 615 990 Hunc
636 953 807 990 retinens
829 953 942 991 Aries
964 951 1144 990 sublucet
1163 965 1326 1005 corpore
1348 961 1470 998 totus,

491 1018 626 1069 Atque
645 1031 749 1070 genu
770 1017 872 1056 flexo
892 1019 1048 1057 Taurus
1069 1017 1290 1056 connititur
1309 1017 1446 1070 ingens
1465 1032 1479 1057 ε

492 1082 620 1120 Orion
641 1083 746 1121 claro
766 1083 1001 1134 contingens
1022 1095 1185 1134 corpore
1205 1081 1354 1121 fertur:

491 1146 631 1199 Hydra
651 1156 756 1186 tenet
777 1147 880 1186 flexu
902 1149 1118 1193 Crateram‚
1151 1147 1304 1186 Corvus
1326 1146 1495 1188 adhaeret
1514 1163 1524 1188 τ

493 1214 546 1252 Et
566 1226 698 1266 paucae
719 1211 856 1252 Chelis
877 1212 993 1252 stellae
1012 1228 1021 1252 z
1053 1212 1169 1252 simul
1189 1213 1499 1266 Anguitenentis

491 1280 591 1318 Sunt
611 1292 752 1331 genua,
782 1288 822 1317 et
842 1279 986 1318 summi
1007 1279 1117 1330 Jovis
1138 1279 1233 1318 Ales
1254 1280 1418 1319 nuntius
1439 1280 1554 1320 instat
1569 1297 1582 1321 t

492 1345 658 1399 Propter
678 1346 817 1398 Equus
838 1344 966 1398 capite
985 1354 1024 1382 et
1044 1344 1244 1383 cervicum
1263 1345 1416 1384 lumine
1437 1347 1581 1400 tangit.

493 1410 625 1450 Hosce
647 1424 758 1463 :equo
778 1409 901 1463 spatio
921 1409 1120 1449 devinctos
1142 1409 1301 1449 sustinet
1321 1412 1418 1457 axis,

494 1477 567 1516 Per
587 1476 737 1515 medios
758 1475 913 1514 summo
933 1475 1018 1514 caeli
1040 1475 1086 1514 de
1106 1476 1250 1515 vertice
1272 1486 1442 1517 tranans.

492 1543 566 1582 Ille
586 1552 717 1580 autem
737 1540 842 1579 claro
863 1550 1023 1594 quartus
1044 1555 1137 1580 cum
1158 1542 1310 1580 lumine
1330 1543 1458 1582 circus

492 1609 675 1649 Partibus
695 1607 881 1646 extremis
901 1598 1097 1647 extremos
1119 1609 1297 1647 continet
1317 1609 1446 1656 orbes,

493 1677 546 1715 Et
567 1674 682 1714 fimul
702 1687 722 1712 a
742 1673 874 1712 medio
893 1673 1022 1712 media
1041 1674 1088 1712 de
1108 1684 1215 1727 parte
1235 1674 1399 1721 secatur,

494 1744 628 1795 Atque
648 1740 835 1793 obliquus
857 1740 896 1778 in
918 1738 981 1779 his
1002 1740 1131 1778 nitens
1152 1754 1243 1779 cum
1266 1740 1417 1779 lumine
1438 1740 1561 1781 fertur
1580 1757 1588 1781 :

494 1809 551 1847 Ut
572 1820 704 1852 nemo,
735 1807 800 1845 cui
822 1805 946 1844 saneta
967 1819 1086 1844 manu
1107 1805 1322 1845 doetiffima
1343 1807 1468 1846 Pallas

495 1873 683 1912 solertem
706 1871 785 1925 ipsa
805 1871 912 1910 dedit
934 1870 1089 1911 fabricae
1111 1873 1328 1911 rationibus
1350 1882 1489 1919 artem,

492 1941 597 1978 Tam
619 1948 770 1976 tornare
790 1947 873 1975 cate
894 1947 1095 1976 contortos
1117 1938 1252 1990 poffiet
1273 1939 1400 1985 orbes,

493 2008 626 2057 Qam
649 2004 735 2042 sunt
757 2003 796 2041 in
818 2003 914 2042 caelo
934 2003 1070 2042 divino
1090 2004 1253 2043 numine
1275 2004 1383 2051 flexi,

494 2074 658 2111 Terram
680 2071 898 2122 cingenteS,
931 2080 1111 2109 ornantes
1134 2071 1284 2109 lumine
1306 2071 1518 2118 mundum,
1543 2104 1549 2111 .

494 2137 682 2175 Culminc
704 2135 915 2175 transverso
936 2136 1145 2174 retinentes
1168 2136 1283 2174 sidera
1304 2135 1419 2175 fulta.

494 2206 693 2256 Qattuor
715 2201 754 2240 hi
778 2211 888 2240 motu
911 2202 1041 2240 cuncti
1064 2202 1277 2240 volvuntur
1296 2203 1432 2241 codem
1452 2222 1462 2247 ;

495 2271 566 2308 Sed
590 2278 742 2307 tantum
765 2268 899 2320 supera
920 2278 1036 2307 terras
1061 2268 1208 2321 semper
1231 2278 1335 2307 tenet
1357 2269 1423 2307 ille

495 2334 768 2378 Curriculum,
800 2333 962 2386 oblique
984 2333 1179 2387 implexus
1203 2335 1327 2372 tribus
1350 2335 1512 2372 orbibus
1536 2349 1651 2382 unus,

494 2404 655 2453 Quarto
675 2400 726 2437 cst
749 2399 892 2438 divisus
916 2403 1065 2439 Cancer
1089 2400 1208 2452 spatio
1228 2415 1247 2438 ιι
1270 2401 1526 2452 Capricorno,

493 2468 551 2507 Ac
574 2465 703 2505 subter
726 2474 841 2505 terras
865 2466 1031 2520 t‘patium
1053 2480 1119 2520 par
1140 2465 1211 2505 effe
1235 2466 1378 2505 necent-
1399 2466 1465 2506 cst.

1799 443 1878 484 530

1800 773 1876 814 535

1802 1099 1884 1140 540

1803 1428 1881 1470 545

1804 1759 1881 1798 55Ο

1806 2089 1880 2129 555

1805 2405 1882 2457 560
