2335 3009
537 249 615 293 ¹70

536 347 614 373 nem
630 349 673 373 ex
687 336 845 386 quinque
857 339 1014 381 partibus
1044 339 1209 381 constare,

535 384 570 420 in
582 398 791 440 unaquaque
801 398 896 434 parte
906 387 1210 436 argumentationis

535 445 617 481 quae
635 434 720 470 vitia
747 435 889 471 vitanda
906 436 996 480 sunt,
1021 437 1208 472 confidere-

535 494 637 518 mus:
667 493 707 518 ut
723 493 757 519 et
775 484 836 531 ipsi
866 485 910 520 ab
937 485 988 521 his
1006 485 1099 521 vitiis
1117 497 1206 521 rece-

534 531 626 574 dere,
652 541 686 567 et
703 533 971 569 adversariorum
990 543 1206 589 argumenta-

537 579 646 615 tiones
660 580 722 615 hac
745 582 978 630 praeceptione
997 583 1030 617 in
1044 582 1208 618 omnibus

535 629 694 676 partibus
711 640 851 673 tentare,
871 641 905 666 et
921 631 965 666 ab
982 631 1099 677 aliqua
1115 641 1210 678 parte

536 676 752 722 labefaetare,
800 682 976 727 pommus.
1027 679 1210 727 Expofitio

535 726 658 762 vitiosa
685 728 746 770 est,
772 739 854 763 cum
883 729 927 764 ab
956 727 1071 775 aliqua
1101 738 1161 763 aut
1190 740 1211 763 a

536 773 665 822 majore
687 787 783 824 parte
811 777 853 812 ad
881 789 1000 812 omnes
1032 775 1210 812 confertur

537 824 585 867 id,
611 826 705 871 quod
734 838 802 860 non
827 826 1006 861 necessario
1022 826 1070 861 est
1096 825 1207 861 omni-

538 873 604 908 bus
622 874 847 911 attributum.
863 885 901 910 ut
921 875 942 909 Γ]
961 875 1040 922 quis
1055 875 1120 910 hoc
1133 886 1206 910 mo-

537 921 584 957 do
594 933 768 970 exponat:
788 925 901 959 Omnes
913 926 964 970 qui
975 927 1009 959 in
1014 931 1210 969 paupertate

529 971 617 1019 sicut,
657 972 778 1007 malunt
808 972 955 1016 maleficio
979 983 1097 1019 parare
1120 971 1206 1008 divi-

537 1023 612 1061 tias,
636 1033 726 1067 quam
756 1021 847 1067 officio
871 1029 1090 1067 paupertatem
1112 1023 1206 1056 tueri.

536 1069 571 1104 Si
590 1069 670 1115 quis
689 1069 752 1104 hoc
773 1071 878 1106 modo
894 1070 1088 1117 exposuerit
1106 1081 1207 1116 argu-

536 1117 795 1161 mentationem,
822 1128 862 1153 ut
887 1131 955 1154 non
985 1128 1081 1153 curet
1107 1129 1206 1164 quae-

537 1177 620 1207 rere,
647 1167 760 1213 qualis
779 1167 865 1202 ratio
892 1176 952 1201 aut
968 1166 1108 1202 rationis
1125 1177 1208 1201 con-

536 1214 687 1250 firmatio
704 1215 758 1257 s1t,
784 1214 890 1262 ipsam
913 1214 1014 1250 facile
1031 1214 1208 1263 reprehen-

536 1263 658 1299 demus
692 1264 954 1311 expositionem,
990 1276 1072 1299 cum
1098 1263 1208 1299 osten-

536 1312 671 1354 demus,
709 1313 744 1347 id
775 1313 871 1360 quod
903 1313 936 1348 in
971 1313 1090 1360 aliquo
1122 1324 1206 1360 pau·

537 1373 617 1408 pere
632 1361 794 1408 improbo
807 1361 860 1404 sit,
881 1361 915 1396 in
935 1373 1056 1396 omnes
1078 1372 1208 1408 paupe-

538 1421 589 1444 res
613 1409 697 1445 falso
713 1420 746 1445 et
770 1409 894 1457 injuria
916 1409 1076 1445 conferri.
1121 1409 1209 1444 Item

536 1458 836 1504 vitiosaexpofitio
855 1459 915 1500 est,
941 1471 1022 1494 cum
1044 1459 1092 1501 id,
1113 1458 1210 1505 quod

537 1519 615 1543 raro
632 1508 683 1551 fit,
710 1508 779 1542 fieri
797 1508 941 1543 omnino
958 1517 1112 1555 negatur,
1141 1507 1207 1542 hoc

537 1557 671 1592 modo:
715 1555 818 1593 Nemo
846 1558 944 1604 potest
976 1569 1036 1591 uno
1070 1556 1207 1602 aspecire,

537 1617 629 1653 neque
640 1608 836 1651 praem-ns,
861 1609 895 1640 in
911 1617 1045 1641 amorem
1062 1604 1206 1646 incidere.

537 1655 630 1689 Nam
660 1666 741 1690 cum
772 1666 944 1689 nonnemo
971 1653 1144 1689 devenerit
1174 1654 1208 1688 in

537 1715 687 1738 amorem
714 1715 785 1738 uno
808 1703 957 1758 aspectu,
983 1714 1017 1738 et
1044 1715 1125 1737 cum
1153 1702 1210 1737 ille

539 1751 708 1787 neminem
726 1751 851 1787 dixerit
864 1752 1020 1794 omnino,
1039 1751 1124 1786 nihil
1141 1749 1209 1786 dif-

538 1799 604 1835 fert
634 1812 708 1836 raro
740 1799 774 1835 id
808 1801 894 1841 fieri,
921 1800 1116 1835 dummodo
1149 1800 1208 1835 ali-

538 1850 680 1895 quando
714 1849 786 1885 fieri
823 1860 882 1885 aut
922 1849 1015 1897 posse
1049 1849 1121 1884 fieri
1156 1849 1207 1884 in-

535 1898 721 1945 telligatur.

585 1947 690 1982 XXI.
720 1947 807 1982 Item
825 1946 944 1982 vitiosa
962 1947 1130 1993 expositio
1147 1946 1208 1990 est,

538 2006 619 2030 cum
654 2007 772 2031 omnes
814 2008 863 2030 res
898 1995 1108 2031 ostendimus
1147 2008 1209 2031 nos

537 2044 732 2091 collegisse,
774 2055 809 2079 et
840 2044 993 2091 aliquam
1029 2057 1098 2078 rem
1134 2044 1205 2079 ido-

539 2105 635 2128 neam
689 2093 916 2140 praeterimus,
966 2093 1030 2128 hoc
1074 2093 1204 2127 modo:

538 2141 694 2187 Quoniam
709 2145 810 2187 igitur
827 2142 978 2176 hominem
996 2141 1123 2187 occisum
1140 2154 1208 2176 con-

527 2192 598 2234 stat
623 2191 687 2237 (ffb,
713 2191 814 2237 necqffe
831 2192 867 2235 est
885 2199 940 2225 aut
959 2203 978 2224 a
1003 2190 1208 2236 praedonibus,

536 2248 593 2275 aut
627 2241 669 2275 ab
701 2242 844 2282 ininu‘cis,
878 2242 1003 2283 occisum
1043 2239 1107 2285 cffe,
1149 2247 1208 2272 aut

534 2289 591 2324 abs
619 2298 662 2331 te,
689 2302 773 2336 quem
800 2289 852 2323 ille
872 2288 1011 2323 heredem
1034 2289 1210 2333 testamento

538 2351 574 2372 ex
597 2346 691 2383 parte
699 2338 854 2383 faciebat.
896 2337 1057 2372 Praedones
1077 2336 1130 2370 illo
1148 2336 1211 2370 loco

536 2399 689 2434 nunquam
707 2389 782 2432 sunt
804 2387 885 2429 vifi·,
911 2388 1068 2420 inimicum
1095 2385 1211 2420 nullum

535 2436 678 2470 hahebat.
709 2436 922 2482 Relinquitur,
938 2436 972 2479 fi
984 2446 1076 2482 neque
1092 2448 1111 2468 a
1126 2445 1207 2479 prt-

533 2485 672 2525 donibus,
695 2497 788 2532 neque
804 2485 845 2519 ab
862 2487 1006 2527 immicis,
1031 2485 1139 2530 occisus
1154 2483 1208 2527 est,

842 241 1625 282 RHETORICORUM

1258 340 1401 386 quoniam
1446 338 1543 374 alteri
1576 349 1636 374 non
1674 347 1780 382 erant,
1814 339 1933 377 altem

1257 399 1319 422 non
1344 387 1494 430 babebat,
1521 395 1558 423 ut
1582 388 1637 424 abs
1655 389 1739 432 testt
1764 391 1931 436 interemp-

1258 445 1320 471 tus.
1366 438 1461 472 ham
1483 437 1518 472 in
1537 435 1771 483 hujuscemodi
1797 438 1932 485 exposi-

1259 485 1363 527 tione,
1411 485 1667 532 reprehenfione
1709 496 1860 530 utemur,
1904 486 1931 522 fi

1257 545 1346 580 quos
1382 543 1508 580 praeter
1535 545 1606 576 eos,
1633 546 1723 581 quos
1755 535 1811 570 ile
1836 535 1934 570 dixe-

1258 582 1314 624 rit,
1354 582 1499 628 potuisse
1526 581 1691 629 suscipere
1719 583 1931 620 maleficium

1257 629 1528 665 ostenderimus:
1558 630 1654 665 velut
1674 630 1707 665 in
1726 631 1791 666 hoc
1815 643 1930 667 exem-

1259 678 1332 726 plo,
1359 690 1442 713 cum
1459 679 1584 714 dixerit
1602 679 1728 714 neceffe
1745 679 1810 715 effi:
1835 691 1896 716 aut
1912 693 1933 716 a

1258 726 1497 774 praedonibus,
1523 737 1584 762 aut
1612 727 1657 763 ab
1684 728 1844 771 inimicis,
1871 740 1933 766 aut

1258 787 1278 810 a
1311 775 1424 818 nobis,
1457 777 1610 812 occisum
1647 777 1737 819 effe;
1773 777 1932 814 dicemus

1258 824 1405 872 potuisse
1427 826 1482 860 vel
1509 837 1530 860 a
1545 824 1688 868 familia,
1715 826 1770 860 vel
1788 838 1807 860 a
1829 827 1930 862 cohe-

1259 873 1398 908 redibus
1430 874 1562 909 nostris.
1605 875 1699 909 Cum
1729 874 1793 910 hoc
1824 875 1933 911 modo

1257 922 1398 957 illorum
1423 923 1661 958 collectionem
1688 923 1931 959 disturbaveri-

1257 982 1348 1012 mus,
1375 971 1475 1006 nobis
1493 971 1647 1006 latiorem
1671 972 1788 1006 locum
1811 971 1933 1008 defen-

1257 1019 1359 1054 dendi
1375 1019 1619 1066 relinquemus.
1639 1019 1744 1074 Ergo
1758 1020 1824 1055 hoc
1839 1033 1933 1067 quo-

1257 1078 1327 1114 que
1355 1067 1535 1103 vitandum
1562 1069 1609 1104 est
1638 1067 1672 1103 in
1704 1069 1932 1116 expositione,

1259 1116 1455 1162 nequando,
1494 1128 1576 1152 cum
1609 1117 1726 1152 omnia
1759 1117 1934 1166 collegisse

1257 1163 1450 1207 videamur,
1484 1166 1636 1213 aliquam
1667 1165 1825 1202 idoneam
1853 1178 1931 1214 par-

1258 1221 1327 1248 tem
1371 1213 1622 1261 reliquerimus.
1682 1215 1770 1250 Item
1810 1215 1932 1251 vitiosa

1257 1262 1428 1309 expositio
1457 1262 1516 1305 est,
1544 1275 1627 1310 quae
1642 1264 1773 1299 constat
1789 1275 1833 1300 ex
1849 1263 1934 1300 falsa

1258 1312 1536 1347 enumeratione:
1575 1322 1615 1348 ut
1644 1312 1682 1354 fi,
1718 1325 1799 1348 cum
1830 1313 1933 1361 plura

1261 1357 1349 1402 sunt,
1366 1360 1532 1407 pauciora
1541 1360 1710 1403 dicamus,
1721 1362 1787 1397 hoc
1801 1362 1930 1398 modo.

1259 1408 1344 1443 Duae
1358 1420 1406 1443 res
1417 1410 1506 1452 sunt,
1524 1409 1667 1455 Judices,
1690 1423 1758 1458 que
1773 1422 1872 1446 omnes
1888 1410 1935 1446 ad

1259 1455 1437 1500 maleficium
1447 1458 1616 1515 impellunt,
1623 1459 1761 1494 luxuries
1771 1467 1800 1494 et
1814 1462 1932 1494 avari-

1257 1507 1315 1540 tia.
1330 1506 1532 1552 Qidamor?
1542 1509 1658 1555 inquiet
1666 1507 1826 1555 quispiam.
1841 1507 1936 1555 Quid

1256 1554 1400 1589 ambitio
1396 1556 1412 1581 Ρ
1420 1555 1501 1612 'quid
1511 1557 1639 1602 religio?
1654 1556 1729 1604 quid
1738 1565 1835 1592 metus
1846 1570 1930 1592 mar-

1257 1605 1310 1638 tis.
1306 1603 1403 1650 9quid
1412 1607 1533 1650 imperii
1539 1605 1692 1650 cupiditas
1697 1605 1797 1654 ?quid
1805 1606 1934 1654 denique

1258 1652 1324 1686 alia
1329 1653 1511 1698 permulta
1505 1654 1517 1678 Ρ
1529 1654 1616 1689 ltem
1627 1653 1709 1689 falsa
1718 1655 1932 1691 enumeratio

1257 1700 1318 1742 est,
1345 1713 1427 1736 cum
1457 1702 1619 1749 pauciora
1648 1703 1738 1745 sunt,
1764 1713 1798 1738 et
1830 1704 1932 1751 plura

1259 1749 1420 1792 dicimus,
1446 1751 1510 1786 hoc
1529 1751 1657 1787 modo:
1683 1754 1711 1786 ‘J
1714 1763 1763 1786 res
1779 1763 1829 1786 res
1839 1753 1930 1796 sunt,

1258 1811 1325 1846 quae
1342 1811 1443 1834 omnes
1462 1801 1595 1835 homines
1608 1800 1798 1846 sollicitant,
1818 1809 1930 1844 metus,

1259 1847 1424 1893 cupiditas,
1449 1849 1613 1895 aegritudo.
1642 1850 1730 1884 Satis
1745 1849 1836 1884 enim
1855 1848 1931 1885 fue-

1259 1905 1310 1931 rat
1330 1896 1449 1933 dixisse
1471 1908 1602 1933 metum
1623 1909 1657 1934 et
1678 1898 1930 1946 cupiditatem;

1259 1946 1424 1992 quoniam
1453 1947 1693 1994 :egritudinem
1723 1959 1805 1982 cum
1836 1958 1929 1982 utra-

1258 2006 1327 2041 que
1350 2009 1383 2030 re
1400 1995 1619 2042 conjun&am
1636 1996 1700 2030 esse
1723 1997 1848 2031 necesse
1869 1997 1927 2032 est.

1306 2043 1542 2080 xx11.1tem
1559 2044 1677 2080 vitiosa
1688 2045 1855 2098 expositio
1868 2045 1928 2088 est,

1258 2103 1340 2138 quae
1360 2093 1504 2128 nimium
1532 2093 1634 2140 longe
1658 2104 1833 2141 repetitur
1864 2094 1929 2130 hoc

1259 2142 1387 2177 modo:
1415 2143 1560 2176 Omnium
1573 2142 1723 2177 malorum
1734 2143 1800 2185 stu.
1799 2146 1874 2177 titia
1891 2144 1931 2188 est

1259 2199 1372 2231 mater,
1398 2203 1463 2238 qua
1481 2195 1572 2237 parit
1590 2193 1748 2236 immensas
1771 2193 1929 2238 cupidita-

1260 2250 1304 2274 tcs
1318 2254 1328 2275 .·
1351 2240 1501 2285 immense
1508 2249 1580 2285 pori
1587 2252 1604 2273 o
1613 2241 1792 2287 cupiditates
1800 2241 1929 2283 infinita

1259 2297 1286 2322 ct
1318 2288 1529 2323 imnicdcratae
1553 2289 1640 2333 sunt.
1705 2290 1766 2323 Hae
1796 2293 1929 2335 pariunt

1259 2340 1461 2372 avaritiam:
1488 2339 1632 2372 avaritia
1652 2347 1747 2383 porro
1776 2338 1928 2373 hominm

1260 2386 1304 2420 ad
1319 2387 1446 2433 quodvis
1464 2386 1642 2428 maleficium
1656 2387 1794 2433 impellit.
1824 2388 1928 2433 Igitur

1258 2438 1406 2469 avaritia
1431 2437 1545 2470 induxi
1567 2435 1744 2481 adversarii
1761 2437 1850 2479 tio-tiri
1872 2437 1927 2471 hoc

1257 2487 1291 2519 in
1308 2487 1344 2530 se
1367 2486 1494 2532 facinus
1527 2483 1726 2531 admiserunt.
1770 2485 1842 2520 Hic
1878 2484 1927 2527 id,
