2241 2994
518 234 598 277 302

509 319 648 369 judices
665 318 752 355 sorte
768 319 1010 367 deligerentur,
1037 319 1109 355 fieri
1127 331 1188 369 pa-

515 379 656 406 teretur.
708 368 922 424 Qaestores
953 377 1080 410 autem,
1127 369 1187 405 nifi

517 418 643 455 habitis
694 429 790 465 prius
832 417 982 453 comitiis
1023 417 1188 462 aedilitiis‚

515 468 648 516 quibus
666 466 728 502 hac
746 466 789 501 de
811 466 909 502 causa
937 478 1033 502 mora
1058 467 1186 514 potiffi-

517 529 614 553 mum
634 515 851 559 afferebatur,
877 516 982 551 creari
1002 527 1071 552 non
1090 527 1184 563 pote-

517 575 603 602 rant.
623 565 662 601 ln
677 565 763 601 hanc
776 565 975 600 sententiam
990 567 1070 600 Dio:
1085 565 1185 600 Cice-

516 627 556 650 ro
567 626 651 650 vero
667 617 702 649 in
718 614 868 650 Sextiana
887 613 933 649 ait
950 623 1016 660 cap.
1028 625 1087 657 4¹·
1103 625 1185 649 con-

515 664 633 706 sulem,
661 673 858 711 praetorem,
878 663 1058 698 tribunum
1075 662 1186 710 plebis

515 725 608 750 nova
641 725 723 749 novi
755 712 887 760 generis
916 711 1028 747 edicta
1056 723 1187 759 propo-

517 761 637 798 fuisse:
667 774 708 797 ne
738 773 815 796 reus
840 761 975 803 adesset,
1003 772 1045 795 ne
1069 760 1188 795 citare-

516 821 586 855 tur,
614 823 655 846 ne
672 819 897 864 quaereretur,
920 821 961 844 ne
978 809 1188 845 mentionem

515 859 661 896 omnino
677 859 842 913 cuiquam
855 857 1030 906 judicum,
1058 857 1187 905 autju-

513 909 688 945 diciorum
706 907 817 943 facere
830 907 960 943 liceret.
1007 908 1096 955 Qo
1112 920 1188 955 per-

516 959 603 994 tinet
638 957 727 993 illud
762 957 805 992 de
834 955 989 1005 Harusp.
1022 956 1186 1005 Respons.

516 1019 593 1055 cap.
640 1019 697 1051 24.
757 1006 953 1051 Restiterunt
994 1007 1112 1048 etiam,
1155 1017 1193 1040 ne

514 1056 639 1102 causam
667 1055 794 1100 diceret.

565 1106 698 1153 Qare,
724 1115 805 1139 cum
833 1103 927 1139 Milo
947 1103 1080 1138 videret
1092 1101 1186 1150 judi-

514 1155 568 1190 cia
583 1154 648 1189 effe
664 1153 808 1195 sublata,
834 1165 876 1187 ne
898 1151 1044 1188 Clodius
1071 1151 1189 1187 omnia

518 1203 552 1239 vi
585 1203 694 1251 posset
723 1202 868 1244 efficere,
898 1201 1046 1243 curavit,
1074 1200 1189 1248 inquit

516 1252 607 1288 idem
618 1253 685 1298 post
707 1251 816 1286 Redit.
845 1252 878 1285 in
906 1251 1034 1292 Senatu,
1060 1259 1128 1297 cap.
1151 1252 1184 1285 8.

514 1301 614 1338 Emit
644 1300 736 1336 enim
769 1299 988 1348 gladiatores,
1033 1308 1072 1335 ut
1114 1299 1187 1334 Dio

514 1349 643 1386 scribit.
695 1349 752 1384 De
768 1349 898 1396 quibus
916 1348 1040 1383 Cicero
1056 1347 1118 1383 lib.
1140 1348 1186 1383 11.

514 1399 558 1434 de
587 1398 736 1440 Officiis,
771 1409 847 1445 cap.
885 1406 939 1444 17.
991 1396 1052 1433 Sed
1077 1397 1190 1432 honori

506 1449 625 1496 summo
642 1457 736 1492 nuper
753 1447 852 1491 nostro
871 1446 992 1482 Miloni
1000 1445 1084 1492 fuit,
1110 1446 1191 1494 quod

508 1496 741 1544 gladiatoribus
757 1498 867 1543 emptis
883 1495 1058 1542 reipublicae
1082 1495 1187 1541 causa,

511 1546 696 1595 quaesalute
717 1546 817 1590 nostra
840 1545 1063 1587 continebatur,
1087 1556 1187 1579 omnes

513 1596 557 1631 P.
576 1595 678 1631 Clodii
694 1602 824 1629 conatus
830 1594 1013 1642 furoresque
1039 1595 1186 1640 compres-

502 1645 564 1690 fit.
616 1644 762 1679 Senatus
804 1653 919 1678 autem
954 1642 1067 1678 multo
1110 1653 1188 1678 ante

515 1705 622 1742 quam
642 1693 695 1728 lex
719 1693 762 1727 de
786 1691 962 1728 Ciceronis
988 1692 1099 1727 reditu
1118 1690 1187 1727 fuit

515 1744 596 1784 lata,
621 1742 747 1796 gratias
775 1741 923 1790 agendas
949 1741 1080 1776 censuit
1101 1741 1187 1776 civi-

514 1791 644 1828 tatibus
675 1792 727 1833 iis,
754 1802 837 1838 quae
868 1790 923 1826 M.
943 1789 1108 1825 Tullium
1139 1789 1186 1825 ci-

515 1853 593 1876 vem
611 1840 743 1887 optime
760 1841 803 1875 de
821 1839 1000 1888 republica
1024 1839 1186 1874 meritum

516 1889 725 1938 recepissent,
745 1899 807 1936 pro
833 1889 947 1929 Domo,
973 1898 1042 1936 cap.
1068 1900 1125 1934 32.
1154 1892 1188 1923 in

514 1939 668 1986 Pisonem,
704 1949 770 1985 cap.
804 1950 858 1984 ¹5·
899 1938 1024 1974 Parad.
1058 1938 1119 1973 lV.
1155 1947 1189 1973 et

514 1988 717 2026 Plutarchus.
763 1987 858 2022 ldem
875 1986 1040 2027 decrevit,
1068 1996 1108 2022 ut
1125 1987 1188 2034 qui

514 2037 711 2092 provincias
724 2047 805 2071 cum
825 2035 969 2083 imperio
982 2035 1189 2078 obtinerent,

515 2099 577 2135 qun
596 2086 782 2139 quaestores
802 2085 974 2133 legatique
998 2085 1114 2127 efl‘ent,
1142 2084 1189 2119 sa·

515 2137 623 2172 lutem
641 2145 675 2170 et
692 2145 799 2170 vitam
831 2133 1009 2169 Ciceronis
1035 2134 1185 2169 custodi-

516 2194 601 2226 rent,
622 2194 682 2231 pro
699 2186 814 2225 Sextio,
840 2193 908 2230 cap.
928 2182 986 2218 60.
1028 2183 1123 2218 Idem
1143 2183 1185 2218 ad

515 2235 571 2270 M.
596 2233 710 2269 Tullii
741 2232 881 2268 salutem
913 2231 1081 2268 auxilium
1111 2244 1186 2267 orn-

517 2283 613 2319 nium
632 2283 763 2318 civium
782 2281 907 2317 cuneta
922 2293 964 2317 ex
987 2281 1098 2325 Italia,
1125 2281 1186 2329 qui

517 2332 766 2387 rempublicam
796 2331 922 2366 salvam
951 2330 1016 2366 effe
1043 2330 1186 2373 vellent,

518 2380 728 2430 imploravit,
755 2382 788 2415 in
806 2380 960 2427 Pisonem,
989 2388 1134 2427 cap.15

568 2430 712 2465 Pactum
738 2430 830 2465 enim
854 2431 888 2465 S.
908 2429 952 2465 C.
980 2427 1061 2472 fuit,
1087 2439 1128 2464 ut
1146 2429 1186 2465 li-

514 2480 594 2516 seris
612 2478 849 2516 consularibus
867 2479 992 2515 cuneta
1017 2490 1059 2516 ex
1088 2478 1187 2515 ltalia

831 221 897 263 M.
957 223 1013 262 T.
1074 221 1606 265 CICERONIS

1236 331 1368 363 omnes,
1406 321 1466 369 qui
1499 319 1750 369 rempublicam
1781 319 1911 357 salvam

1237 371 1376 413 vellent,
1403 380 1690 414 convocarentur,
1710 380 1772 417 pro
1793 372 1907 413 Sextio,

1236 429 1302 466 cap.
1324 419 1381 455 60.
1397 421 1462 466 post
1480 420 1586 456 Redit.
1604 422 1638 454 in
1651 421 1778 463 Senatu,
1790 429 1858 466 cap
1871 431 1907 466 9.

1236 479 1270 504 et
1282 478 1344 515 pro
1363 470 1559 515 Domo,cap.
1574 479 1631 513 27.
1652 469 1692 523 [Ι.
1710 470 1786 515 28.]
1812 470 1909 504 Cum

1237 518 1344 566 igitur
1377 518 1555 553 Ciceronis
1588 517 1712 565 capitis
1753 516 1908 552 servandi

1235 549 1334 602 causa
1351 567 1503 601 Romam
1522 579 1593 601 uno
1618 576 1786 614 ternpore,
1813 565 1908 613 quali

1237 616 1333 663 signo
1351 615 1445 658 dato,
1472 615 1570 650 ltalia
1590 625 1664 650 tota
1685 615 1907 658 convenisset,

1237 646 1411 699 Lentulus
1427 664 1546 700 consul
1570 663 1722 699 senatum
1748 662 1911 711 frequen-

1237 714 1402 748 tiffimum
1428 712 1462 748 in
1491 713 1707 761 Capitolium
1741 723 1912 748 convoca.

1237 762 1302 805 vit,
1327 764 1362 797 in
1390 761 1530 808 Pisonem
1547 772 1612 809 cap.
1636 774 1690 808 15
1715 762 1825 808 etpost
1842 763 1909 797 Re-

1236 811 1294 846 dit.
1313 813 1346 846 in
1363 813 1489 853 Senatu,
1515 821 1582 858 cap.
1608 823 1662 846 ιο.
1704 810 1759 846 Ibi
1778 820 1854 846 tum
1873 809 1908 845 in

1239 861 1372 908 templo
1389 861 1489 906 Jovis
1512 862 1600 908 Opt.
1628 860 1728 895 Max.
1757 860 1813 908 Q
1828 859 1907 894 Me-

1238 910 1340 944 tellus
1355 910 1478 957 Nepos
1501 909 1633 951 consul,
1659 910 1721 956 qui
1748 908 1908 944 Ciceroni

1237 958 1293 994 vel
1313 958 1461 993 maxime
1489 970 1531 992 ex
1561 960 1695 1004 magnis
1717 957 1910 992 contentio·

1239 1007 1342 1042 nibus
1366 1006 1569 1054 reipublicae
1597 1005 1710 1040 fuerat
1735 1005 1909 1048 inimicus,

1238 1065 1417 1103 permotus
1434 1067 1517 1090 cum
1545 1055 1747 1089 auctoritate
1764 1054 1910 1098 senatus,

1237 1114 1313 1140 turn
1343 1104 1384 1139 P.
1412 1104 1548 1139 Servilii
1576 1102 1767 1138 incredibili
1795 1102 1910 1150 gravi·

1237 1163 1307 1189 tate
1322 1152 1472 1195 dicendi,
1498 1153 1615 1188 absens
1632 1164 1714 1188 cum
1742 1152 1799 1187 M.
1818 1153 1910 1187 Tul-

1238 1202 1286 1238 lio
1303 1202 1402 1238 rediit
1420 1203 1452 1237 in
1471 1202 1629 1251 gratiam,
1649 1201 1716 1248 post
1741 1200 1846 1236 Redit.
1875 1203 1910 1236 in

1236 1253 1340 1287 Senat.
1358 1261 1426 1298 cap.
1450 1263 1503 1287 10.
1525 1261 1588 1297 pro
1611 1251 1725 1294 Sextio,
1752 1259 1821 1297 cap.
1849 1261 1908 1298 33.

1236 1309 1266 1336 et
1285 1301 1343 1336 62.
1369 1310 1405 1335 et
1427 1300 1465 1336 de
1485 1301 1664 1336 Provinciis
1679 1299 1767 1354 Cous.
1784 1309 1852 1346 cap.
1872 1311 1907 1347 9.

1238 1349 1312 1384 Hic
1330 1361 1412 1384 cum
1431 1349 1638 1384 mitissimam
1665 1348 1855 1384 orationem
1874 1348 1909 1383 in

1236 1398 1351 1433 senatu
1387 1398 1567 1441 habuisset,
1606 1398 1731 1433 Cicero
1757 1398 1800 1432 ad
1827 1409 1910 1432 eum

1238 1447 1327 1482 milit
1344 1448 1426 1494 epist.
1447 1462 1480 1490 4.
1508 1447 1562 1482 lib.
1585 1447 1627 1482 V.
1656 1448 1751 1482 Fam.
1779 1446 1813 1481 in
1839 1458 1912 1494 qua

1237 1496 1390 1531 studium
1408 1506 1442 1531 et
1460 1496 1628 1532 auxilium
1643 1494 1716 1543 ejus
1735 1495 1909 1543 implorat.

1287 1546 1354 1581 Illo
1370 1557 1452 1580 vero
1477 1546 1544 1586 die,
1572 1554 1653 1580 cum
1677 1556 1793 1580 ccccx
1819 1543 1910 1580 sena-

1237 1603 1326 1629 tores
1344 1594 1628 1642 magistratusque
1649 1605 1769 1629 omnes
1792 1593 1826 1628 in
1842 1593 1912 1628 Ca-

1237 1643 1362 1691 pitolio
1380 1644 1539 1687 adessent,
1565 1645 1630 1678 Cn.
1652 1643 1842 1690 Pompeius
1867 1642 1911 1678 de

1238 1692 1362 1739 scripto
1381 1692 1540 1728 sententia
1562 1692 1666 1734 dicta,
1693 1693 1753 1726 uni
1773 1692 1909 1727 Cicero-

1238 1741 1272 1776 ni
1291 1741 1413 1789 patriae
1443 1741 1651 1777 conservatae
1674 1741 1910 1776 testimonium

1237 1791 1356 1826 dedit:
1385 1790 1485 1834 cuius
1515 1790 1712 1830 sententiam
1747 1789 1908 1838 frequen-

1238 1839 1382 1875 tissimus
1416 1834 1561 1883 senatus,
1600 1850 1671 1874 uno
1706 1839 1745 1875 P.
1782 1838 1911 1874 Clodio

1237 1889 1461 1932 dissentiente,
1488 1889 1635 1932 secutus,
1663 1888 1718 1924 M.
1746 1888 1910 1923 Tullium

1239 1938 1284 1972 ab
1310 1938 1415 1974 exilio
1443 1938 1628 1978 revocavit.
1648 1938 1714 1984 pol}
1740 1937 1849 1973 Redit.
1877 1939 1911 1972 in

1238 1989 1366 2029 Senatu,
1385 1998 1452 2035 cap.
1478 1997 1531 2023 10.
1547 1997 1609 2034 pro
1628 1987 1741 2028 Sextio,
1761 1996 1827 2033 cap.
1851 1985 1909 2022 61.

1237 2046 1272 2071 et
1297 2046 1356 2083 pro
1386 2036 1522 2077 Milone.
1550 2045 1617 2082 cap.
1655 2048 1667 2071 ι
1676 2048 1707 2081 5.
1760 2036 1815 2071 De
1845 2035 1910 2070 hoc

1240 2086 1274 2120 S.
1294 2087 1335 2121 C.
1357 2085 1389 2120 in
1409 2085 1484 2121 aede
1501 2085 1602 2131 Jovis
1621 2084 1779 2120 Mariana
1804 2083 1909 2127 facto,

1234 2135 1298 2171 Cic.
1326 2133 1380 2170 tib.
1410 2135 1435 2170 1.
1465 2134 1501 2170 de
1522 2135 1668 2169 I‘ivinot.
1700 2143 1769 2179 cap.
1792 2135 1848 2169 28.
1874 2143 1910 2169 et

1236 2184 1394 2226 Valerius,
1420 2183 1473 2219 lib.
1504 2183 1531 2219 1.
1559 2192 1626 2229 cop.
1662 2195 1692 2229 7.
1749 2183 1909 2218 Faciebat

1235 2233 1357 2268 eodem
1375 2232 1430 2268 die
1448 2233 1549 2268 ludos
1571 2233 1603 2267 in
1622 2233 1754 2268 theatro
1775 2231 1909 2273 consul,

1216 2294 1310 2330 *quo
1328 2294 1409 2318 cum
1435 2282 1502 2330 ipse
1529 2292 1563 2316 et
1590 2281 1754 2318 senatores
1780 2281 1908 2329 specta—

1235 2341 1312 2367 tum
1341 2345 1362 2367 e
1389 2331 1502 2367 senatu
1528 2331 1707 2373 venissent,
1735 2331 1770 2366 S.
1796 2332 1838 2366 C.
1869 2330 1909 2366 il·

1236 2381 1311 2423 lud,
1341 2381 1385 2416 de
1412 2381 1589 2416 Ciceronis
1622 2380 1732 2416 reditu
1761 2377 1908 2421 factum,

1236 2427 1507 2478 frequentissimo
1535 2430 1679 2471 theatro.
1716 2428 1907 2464 incredibili

1236 2480 1384 2516 clamore
1413 2490 1447 2516 et
1479 2479 1598 2527 plausu
1638 2478 1906 2528 comprobatum
