2335 3009
511 252 592 294 216

511 363 588 388 vere
602 379 614 395 ‚
651 351 756 396 inopia
791 356 884 397 atque
924 347 1083 382 avaritia.
1138 348 1168 380 ff
1167 357 1184 380 e

512 413 652 436 avarum
677 402 711 435 in
725 398 881 444 fraterna
905 395 1052 440 divistone
1073 406 1182 441 cogno-

512 451 618 485 vimus
632 462 644 483 :
678 451 797 493 inopem
826 454 919 494 atque
946 452 1080 491 egentem
1104 454 1184 478 nunc

512 498 666 534 videmus.
717 496 786 542 Qui
802 502 891 542 potes
911 496 1010 541 igitur
1038 491 1186 537 ostendere

514 547 634 593 caustzm
672 544 814 587 maleficii
841 555 902 578 non
922 542 1047 590 fuiffe?
1092 541 1186 576 Inter

514 596 602 631 hanc
620 595 835 634 divilionem‚
855 602 890 627 et
908 591 1016 632 illam,
1042 601 1124 637 quae
1141 589 1184 623 de

514 644 672 692 partibus
687 642 850 678 orationis
867 640 966 676 tertia
982 639 1042 680 est,
1059 639 1102 672 de
1113 648 1184 684 qua

516 694 550 728 in
578 693 667 728 libro
693 691 807 739 primo
824 689 976 725 diximus
996 686 1183 722 secundum

515 741 756 782 narrationem,
783 739 848 774 hoc
868 736 1021 772 interest:
1050 735 1115 770 Illa
1131 735 1183 768 di-

514 790 605 826 vidit
623 801 684 837 per
707 786 1013 827 enumerationem,
1040 793 1100 818 aut
1125 795 1186 830 per

515 838 776 886 expositionem,
803 835 933 882 quibus
957 833 1001 868 de
1026 833 1127 867 rebus
1150 831 1184 866 in

516 897 590 922 tota
611 886 763 922 oratione
784 882 972 932 disputatio
987 880 1108 916 futura
1124 879 1183 915 fit:

516 936 592 971 haec
623 935 653 970 se
686 934 798 970 statim
827 931 990 980 explicat,
1026 940 1060 965 et
1091 928 1187 964 brevi

517 985 655 1038 duabus
673 994 732 1018 aut
754 982 914 1030 pluribus
932 979 1089 1033 partibus
1109 978 1187 1013 sub-

511 1045 635 1081 jiciens
653 1042 810 1073 rationes,
827 1038 970 1065 exornat
986 1037 1187 1063 oratlonem.

520 1083 585 1118 Fre
613 1080 765 1116 uentatio
788 1079 847 1119 est,
875 1089 956 1112 cum
976 1089 1026 1111 res
1054 1076 1088 1110 in
1116 1084 1190 1110 tota

518 1142 582 1166 cau
599 1142 618 1164 a
645 1128 801 1176 dispersae
819 1136 995 1174 coguntur
1012 1125 1046 1159 in
1064 1135 1188 1177 unum,

519 1190 593 1226 quo
623 1189 774 1225 gravior,
800 1185 860 1210 aut
889 1186 1010 1216 acrior,
1038 1182 1098 1208 aut
1124 1183 1189 1206 cri-

519 1227 695 1269 minofior,
719 1224 830 1260 oratio
849 1224 899 1265 sit,
927 1223 992 1257 hoc
1012 1221 1137 1269 paeto:
1159 1221 1194 1256 A

519 1289 577 1325 quo
592 1275 717 1312 tandem
737 1273 816 1321 abest
832 1272 887 1317 iste
903 1274 983 1307 vitio
995 1273 1013 1306 ἓ
1039 1269 1114 1318 quid
1137 1270 1190 1315 ιβ,

519 1324 660 1373 Judices‚
693 1335 750 1359 cur
777 1321 887 1357 velitis
921 1332 989 1356 eum
1023 1319 1191 1354 liberare?

520 1377 591 1411 Suae
607 1373 766 1421 pudicitiae
785 1369 929 1418 proditor
953 1369 1007 1412 est,
1031 1366 1192 1412 irfidiator

520 1423 656 1464 alienae;
690 1419 829 1467 cupidus,
856 1421 1076 1464 intemperans,
1096 1423 1191 1462 petu-

521 1472 605 1514 lans,
626 1470 804 1517 superbus;
837 1469 949 1514 impius
977 1468 1012 1501 in
1034 1473 1192 1512 parentes,

521 1524 663 1568 ingratus
680 1520 715 1553 in
731 1520 857 1559 amicos,
883 1515 1009 1562 infestus
1025 1516 1060 1549 in
1081 1525 1192 1560 cogna-

522 1578 583 1611 tos,
608 1571 642 1603 in
650 1567 824 1614 superiores
840 1573 1013 1605 contumax,
1039 1565 1073 1597 in
1097 1575 1195 1611 aequos

522 1625 555 1654 et
569 1628 665 1664 pares
673 1615 866 1663 fastidiosus,
891 1615 924 1649 in
941 1613 1107 1658 inferiores
1124 1624 1194 1646 cru-

522 1667 612 1710 detis,
636 1667 764 1713 denique
779 1666 814 1699 in
831 1675 928 1698 omnes
943 1660 1163 1699 intolerabilis.

574 1715 677 1752 XLI.
702 1713 867 1762 Ejusdem
898 1710 1030 1759 generis
1058 1709 1106 1745 est
1138 1709 1196 1744 illa

525 1763 770 1813 frequentatio,
796 1773 879 1809 quae
902 1759 1095 1808 plurimum
1113 1770 1194 1794 con-

521 1812 749 1862 jecturalibus
765 1810 874 1847 caufis
890 1808 1096 1856 opitulatur,
1114 1819 1196 1842 cum

527 1862 744 1911 suspiciones,
773 1871 855 1908 quae
874 1857 1051 1906 separatim
1081 1856 1198 1898 όὶξὶεε,

528 1912 675 1947 minutae
707 1920 742 1946 et
772 1909 919 1944 infirmae
948 1915 1056 1949 erant,
1088 1917 1199 1941 unum

529 1961 564 1996 in
608 1961 726 1996 locum
762 1957 892 1993 coacta:
931 1967 1004 1991 rem
1038 1955 1200 1990 videntur

529 2008 745 2058 perspicuam
780 2005 903 2047 facere,
941 2016 1011 2040 non
1039 2003 1199 2051 suspicio-

529 2058 612 2101 sam,
638 2057 704 2093 hoc
722 2055 848 2104 pasto:
880 2052 991 2089 Nolite
1007 2054 1119 2099 igitur,
1146 2063 1200 2086 no-

529 2107 598 2151 lite,
623 2105 764 2152 Judices,
789 2115 839 2145 ea,
864 2114 933 2150 que
959 2100 1042 2142 dixi,
1067 2100 1201 2147 separa-

529 2159 586 2192 tim
601 2155 769 2202 spectare:
788 2151 847 2198 sed
872 2152 975 2187 omnia
1003 2149 1147 2196 colligite,
1172 2157 1203 2183 et

529 2206 669 2251 conferte
695 2205 730 2238 in
751 2214 855 2238 unum.
905 2201 938 2235 Si
965 2206 995 2235 et
1022 2197 1203 2234 commodum

530 2253 575 2291 ad
599 2254 686 2298 ι’βκηι
710 2265 746 2288 ex
771 2250 856 2286 illius
871 2256 969 2285 morte
989 2247 1147 2289 veniebat,
1173 2254 1203 2281 et

531 2305 607 2338 vita
638 2302 769 2337 bominis
795 2299 835 2343 est
863 2297 1045 2345 παρέβην,
1082 2299 1204 2331 animus

531 2351 742 2397 avariffinms,
774 2351 914 2396 fortuna
944 2344 1124 2393 familiaris
1158 2346 1205 2379 rei

532 2399 790 2445 attenuatiffima‚
815 2405 843 2433 et
861 2407 911 2432 res
926 2395 985 2441 ista
1002 2395 1078 2430 bono
1095 2394 1205 2429 uenum·

529 2458 652 2498 preter
668 2449 754 2493 istum
771 2448 866 2494 suit:
895 2456 986 2494 neque
1014 2443 1096 2479 alius
1121 2442 1204 2491 quis-

531 2511 625 2551 quam
651 2509 735 2547 eque
757 2494 919 2539 commode,
945 2505 1037 2543 neque
1062 2493 1117 2538 iste
1132 2492 1206 2529 aliis

820 244 1600 289 RHETORICORUM

1231 337 1480 374 commodioribus
1507 338 1683 374 rationibus
1705 338 1819 384 facere
1840 347 1901 385 po-

1231 389 1319 422 tuit:
1345 398 1440 434 neque
1457 389 1654 433 preteritum
1681 390 1843 435 quicquam
1860 387 1902 431 ιβ

1233 436 1274 471 ab
1299 436 1367 481 isto,
1392 435 1474 484 quod
1499 445 1572 482 opus
1593 435 1698 482 fuerit
1724 436 1769 472 ad
1784 436 1900 480 malefi-

1234 487 1338 520 cium.-
1366 495 1458 532 neque
1467 485 1608 531 sallum,
1637 484 1718 533 quod
1740 494 1814 531 opus
1842 496 1903 519 non

1224 534 1358 580 fuerit.-
1385 541 1414 568 et
1432 545 1500 568 cum
1524 533 1606 568 locus
1632 534 1756 569 idoneus
1772 536 1904 569 maxime

1234 582 1387 629 quaesitus,
1404 589 1470 616 tum
1485 581 1596 625 occafio
1611 583 1808 629 aggrediendi
1823 595 1902 618 com·

1232 631 1334 673 moda,
1377 638 1493 675 tempus
1525 630 1660 664 adeundi
1690 629 1903 677 opportuniffi-

1233 691 1326 721 mum,
1344 679 1487 725 spatium
1515 678 1688 722 conficiendi
1708 681 1790 726 longi
1821 691 1904 714 mum

1224 728 1385 773 sumptum
1415 727 1468 771 ιβ,
1493 739 1552 762 non
1566 728 1637 772 stne
1654 731 1791 763 maxima
1808 728 1904 763 occul-

1233 775 1323 812 tandi
1352 784 1382 810 et
1402 775 1581 822 perficiendi
1606 777 1746 822 maleficii
1763 777 1847 823 spe.-
1873 783 1906 811 et

1228 831 1388 871 praeterea
1413 833 1487 860 ante
1509 837 1601 872 quam
1622 826 1740 872 occisus
1764 825 1850 861 bomo
1877 827 1905 860 is

1235 874 1283 919 est,
1308 874 1363 917 iste
1388 873 1473 919 visus
1490 874 1530 918 ιβ
1545 876 1577 909 in
1595 886 1627 909 eo
1644 875 1719 917 loco,
1744 875 1778 910 in
1794 887 1850 923 quo
1867 874 1905 919 ιβ

1236 923 1338 965 occiſso
1347 922 1456 969 fabia,
1473 921 1579 968 fhlus:
1600 923 1700 969 paulo
1711 919 1779 970 pos}
1796 926 1829 958 in
1845 922 1908 969 ipso

1237 970 1395 1014 maleficio,
1421 983 1483 1006 vox
1498 971 1596 1014 illius,
1621 974 1674 1019 qai
1699 971 1908 1013 occidebatur,

1237 1019 1349 1054 audita
1367 1020 1407 1061 ιβ
1421 1033 1433 1054 .·
1460 1018 1568 1054 deinde
1580 1022 1645 1066 post
1661 1021 1842 1064 occistonem,
1867 1019 1908 1066 ist

1237 1076 1305 1103 tum
1334 1069 1434 1102 multa
1462 1071 1545 1102 noete
1567 1068 1689 1104 domum
1706 1069 1782 1104 redii
1804 1081 1819 1103 ι
1836 1079 1909 1104 con-

1227 1117 1319 1162 stat3
1339 1117 1461 1162 pollera
1477 1115 1527 1152 die
1544 1118 1723 1153 titubanter
1749 1125 1780 1152 et
1805 1120 1909 1152 incon-

1229 1166 1355 1211 stanter
1366 1164 1404 1199 de
1419 1165 1559 1209 occistone
1575 1167 1658 1202 illius
1671 1166 1804 1202 locutum
1816 1179 1827 1201 .·
1845 1166 1911 1202 haec

1233 1215 1359 1260 partim
1384 1214 1574 1258 testimoniis,
1601 1218 1722 1262 partim
1742 1215 1911 1263 quaestioni-

1239 1264 1296 1298 bus
1313 1270 1344 1297 et
1359 1266 1563 1310 argumentis,
1588 1267 1691 1300 omnia
1713 1264 1912 1310 comproban-

1240 1319 1309 1354 tur,
1334 1319 1366 1346 et
1383 1323 1506 1346 rumore
1515 1314 1634 1359 populi,
1658 1325 1743 1361 quem
1760 1324 1798 1347 ex
1814 1324 1912 1360 argu-

1239 1362 1352 1396 mentis
1368 1368 1490 1404 natum‚
1515 1361 1622 1408 neceffe
1648 1362 1689 1404 ιβ
1705 1361 1757 1408 effe
1777 1373 1910 1397 verum:

1239 1409 1374 1453 vestrum
1390 1409 1444 1454 ιβ,
1469 1409 1612 1456 Judices,
1636 1410 1685 1446 his
1700 1414 1734 1446 in
1751 1421 1845 1445 unum
1864 1410 1913 1446 lo·

1242 1470 1311 1493 cum
1327 1457 1460 1501 collatis,
1480 1466 1595 1494 certam
1603 1459 1726 1505 sumere
1735 1459 1913 1506 scientiam,

1241 1519 1301 1542 non
1305 1507 1518 1553 suspicionem,
1531 1508 1682 1551 maleficii.
1714 1508 1803 1544 Nam
1819 1520 1915 1543 unum

1244 1556 1376 1604 aliquid,
1403 1564 1461 1591 aut
1490 1557 1633 1599 alterum,
1654 1556 1751 1604 potest
1777 1559 1810 1592 in
1826 1557 1914 1602 istum

1244 1611 1313 1651 casu
1327 1605 1458 1652 cecidisse
1466 1605 1647 1652 suspiciose:
1665 1615 1701 1641 ut
1715 1608 1815 1641 omnia
1833 1607 1917 1641 inter

1235 1653 1272 1701 se
1285 1667 1305 1689 a
1327 1656 1430 1700 primo
1451 1660 1494 1689 ad
1515 1655 1696 1701 postremum
1726 1657 1916 1690 conveniant

1244 1703 1409 1747 maleficia,
1428 1703 1535 1749 neceffl
1545 1704 1584 1746 est
1598 1703 1667 1749 casu
1680 1715 1738 1738 non
1747 1703 1825 1750 poffe
1827 1704 1914 1747 fieri.

1246 1752 1439 1787 Vehemens
1455 1752 1503 1786 est
1522 1752 1597 1787 haec
1615 1751 1805 1795 exornatio,
1830 1762 1864 1788 et
1882 1753 1917 1787 in

1246 1799 1468 1848 conjecturali
1515 1800 1759 1836 constitutione
1805 1800 1916 1836 causae

1249 1849 1357 1886 ferme
1383 1849 1512 1897 semper
1529 1849 1717 1892 necess'aria,
1741 1859 1776 1884 et
1793 1850 1826 1885 in
1849 1861 1918 1885 cae-

1251 1900 1329 1935 teris
1362 1899 1544 1947 generibus
1582 1898 1773 1941 causarum,
1815 1909 1849 1934 et
1883 1899 1917 1934 in

1248 1949 1345 1984 omni
1367 1948 1522 1984 oratione
1543 1947 1737 1983 adhibenda
1758 1959 1917 1983 nonnun-

1249 2009 1367 2045 quam.

1298 2046 1418 2082 XLH.
1454 2044 1636 2093 Expolitio
1666 2044 1727 2088 est,
1768 2057 1849 2080 cum
1885 2046 1919 2081 in

1249 2096 1370 2131 eodem
1389 2095 1467 2131 loco
1485 2105 1674 2136 manemus,
1700 2104 1733 2130 et
1752 2094 1845 2129 aliud
1871 2105 1919 2129 at-

1252 2157 1321 2193 que
1362 2143 1456 2179 aliud
1495 2143 1606 2178 dicere
1647 2143 1816 2178 videmur.
1869 2144 1922 2178 Ea

1251 2193 1436 2242 dupliciter
1455 2192 1506 2234 fit,
1534 2192 1557 2227 si
1581 2201 1640 2227 aut
1660 2193 1802 2227 eandem
1821 2193 1922 2240 plane

1254 2255 1324 2279 rem
1357 2242 1525 2283 dicemus,
1560 2251 1619 2276 aut
1648 2241 1690 2276 de
1720 2241 1839 2276 eadem
1875 2254 1920 2277 re.

1253 2291 1409 2328 Eandem
1429 2301 1499 2326 rem
1514 2290 1684 2333 dicemus,
1715 2303 1782 2325 non
1799 2290 1922 2326 eodem

1254 2341 1360 2377 modo
1384 2344 1481 2386 (nam
1510 2339 1543 2374 id
1562 2339 1703 2386 quidem
1729 2340 1924 2375 obtundere

1254 2390 1446 2426 auditorem
1472 2387 1533 2430 est,
1561 2400 1628 2424 non
1655 2399 1725 2423 rem
1750 2389 1922 2435 expolire)

1255 2439 1308 2475 sed
1342 2447 1564 2474 commutate.
1616 2435 1925 2473 Commuxabimus

1256 2487 1451 2537 tripliciter,
1494 2486 1620 2530 verbis,
1654 2485 1926 2535 pronuntiando,
