2335 3009
489 210 564 249 140
923 198 1446 240 POEMATUM

544 364 654 418 Qid
676 377 766 403 vero
787 363 931 403 Phoebi
951 364 1017 404 fax
1038 364 1156 404 tristis
1178 365 1316 404 nuntia
1336 365 1448 413 belli,

487 433 587 484 Qae
608 444 799 484 magnum
818 431 865 469 ad
885 431 1044 470 culmen
1066 432 1266 470 flammato
1286 432 1419 472 ardore
1439 433 1608 480 volabat,

487 498 712 551 Praecipites
733 497 819 536 caeli
839 507 981 550 partes,
1012 497 1222 550 obitusque
1242 498 1394 550 petiffet
1412 513 1422 538 :

488 565 571 602 Aut
592 577 684 602 cum
706 563 874 602 terribili
894 562 1094 616 perculsus
1114 562 1286 601 fulmine
1305 564 1418 610 civis,

486 630 596 668 Luce
617 629 806 668 serenanti
828 629 920 667 vitai
941 629 1093 667 lumina
1113 628 1261 681 liquit:

486 696 572 733 Aut
596 708 689 733 cum
711 694 746 733 se
767 694 926 747 gravido
948 692 1169 732 tremefecit
1189 707 1352 747 corpore
1373 694 1506 734 tellus.

486 762 576 812 Jam
596 775 687 799 vero
707 761 819 799 variae
838 762 1031 799 nodkurno
1052 768 1228 813 tempore
1248 760 1336 799 visae

486 828 704 865 Terribiles
725 826 861 865 formae
882 826 1033 865 bellum
1055 826 1265 879 motusque
1286 827 1504 865 monebant
1522 841 1531 866 ε

486 893 699 946 Multaque
718 907 787 946 per
808 902 924 931 terras
945 901 1049 931 vates
1070 892 1198 930 oracla
1216 891 1365 931 furenti

485 959 646 998 Pectore
666 959 886 998 fundebant
906 958 1030 997 tristes
1052 958 1277 996 minitantia
1295 958 1420 997 casus.

484 1025 621 1077 Atque
640 1038 697 1070 ea,
728 1038 814 1077 quae
835 1023 942 1076 lapsu
965 1022 1122 1061 tandem
1143 1022 1318 1060 cecidere
1338 1022 1504 1068 vetusto,

484 1089 586 1128 Haec
606 1088 690 1127 fore
711 1090 909 1142 perpetuis
931 1088 1049 1140 signis
1071 1087 1262 1140 clarisque
1282 1085 1535 1140 frequentans

482 1154 570 1207 Ipse
590 1153 724 1192 Defim
743 1154 901 1206 genitor
920 1152 1016 1191 caelo
1035 1151 1224 1204 terrisque
1244 1152 1422 1192 canebat.

481 1219 606 1259 Nunc
625 1233 682 1265 ea,
714 1221 922 1272 Torquato
942 1231 1028 1271 quae
1049 1217 1265 1270 quondam,
1295 1227 1335 1256 et
1355 1218 1515 1257 consule
1536 1219 1670 1265 Cotta,

479 1285 634 1337 Lydius
655 1285 827 1323 ediderat
848 1283 1065 1335 Tyrrhenae
1083 1283 1212 1335 gentis
1233 1282 1440 1336 haruspex,

480 1351 631 1389 Omnia
650 1350 727 1390 fixa
747 1359 838 1389 tuus
858 1349 1080 1403 glomerans
1101 1349 1335 1387 determinat
1355 1363 1495 1390 annus.

479 1416 589 1455 Nam
611 1426 718 1470 pater
737 1416 947 1455 altitonans
969 1414 1137 1453 stellanti
1159 1414 1274 1453 nixus
1298 1414 1492 1468 Olympo,

481 1483 568 1536 Ipse
588 1483 674 1521 suos
696 1481 895 1534 quondam
918 1480 1092 1519 tumulos
1113 1493 1156 1518 ac
1179 1480 1326 1533 templa
1344 1481 1500 1534 petivit,

481 1550 536 1587 Et
558 1549 796 1601 Capitolinis
818 1547 956 1600 injecit
976 1546 1130 1585 sedibus
1152 1546 1262 1599 ignes
1278 1564 1293 1592 5

481 1617 592 1654 Tum
613 1614 757 1668 species
778 1627 825 1652 ex
846 1626 917 1651 aere
937 1622 1064 1657 vetus,
1095 1621 1354 1665 generataque
1374 1612 1508 1651 Nattae

482 1680 686 1725 Concidit,
717 1679 931 1732 elapsaeque
950 1677 1100 1716 vetusto
1121 1678 1285 1716 numine
1304 1677 1408 1730 leges
1428 1692 1437 1716 ι

483 1749 536 1785 Et
557 1745 693 1784 divfim
715 1744 918 1783 simulacra
936 1744 1105 1798 peremit
1125 1742 1308 1782 fulminis
1329 1743 1456 1781 ardor.

482 1813 564 1852 Hic
585 1811 762 1851 silvestris
783 1819 879 1856 erat,
910 1809 1083 1849 Romani
1104 1809 1278 1848 nominis
1299 1808 1431 1854 altrix,

482 1879 643 1924 Martia,
675 1891 761 1931 quae
781 1890 917 1930 parvos
938 1876 1133 1914 Mavortis
1155 1875 1302 1914 semine
1323 1883 1433 1914 natos

482 1944 683 1984 Uberibus
704 1942 874 1997 gravidis
894 1942 1006 1980 vitali
1025 1955 1109 1980 rore
1131 1941 1279 1994 rigabat
1298 1956 1307 1980 :

482 2013 581 2063 Qae
603 2020 689 2049 tum
710 2022 803 2048 cum
824 2008 954 2061 pueris
977 2007 1177 2046 flammato
1197 2006 1380 2045 fulminis
1402 2007 1484 2045 ic‘tu

482 2077 687 2123 Concidit,
718 2086 836 2129 atque
855 2074 983 2114 avulsa
1004 2074 1149 2128 pedum
1171 2073 1330 2126 vestigia
1348 2074 1484 2127 liquit.

482 2147 593 2185 Tum
613 2144 701 2196 quis
724 2156 818 2187 non,
849 2142 941 2179 artis
964 2140 1106 2194 scripta
1125 2154 1168 2178 ac
1190 2150 1448 2179 monumenta
1468 2140 1663 2187 volutans,

481 2213 609 2250 Voces
632 2208 824 2248 tristificas
845 2206 990 2246 chartis
1012 2207 1215 2260 promebat
1238 2205 1412 2245 Etruscis
1433 2207 1446 2244 ?

483 2279 635 2317 Omnes
656 2275 765 2314 civili
787 2284 825 2313 et
845 2273 1027 2327 generosa
1048 2272 1162 2326 stirpe
1182 2271 1397 2326 profcc‘kam

480 2344 614 2382 Vitare
636 2342 840 2394 ingentem
859 2339 1008 2378 cladem
1032 2338 1254 2392 pestemque
1276 2338 1488 2377 monebant
1507 2352 1516 2376 z

483 2411 555 2449 Vel
578 2411 711 2462 legum
732 2407 901 2446 exitium
922 2405 1113 2445 constanti
1136 2419 1229 2444 voce
1250 2403 1441 2449 ferebant,

482 2476 652 2530 Templa
673 2474 870 2528 deumque
891 2473 984 2513 adeo
1006 2472 1173 2512 flammis
1197 2471 1385 2525 urbesque
1400 2470 1595 2524 jubebant
