2335 3009
555 216 604 257 68
902 217 1588 260 EPISTOLARUM

555 325 715 356 tuorum
736 331 959 358 nervorum.
1005 319 1069 357 De
1098 328 1210 358 motu
1237 329 1462 373 temporum
1483 318 1675 359 venientis
1695 318 1802 364 anni,
1833 317 1938 358 nihil

555 392 592 421 te
612 384 833 437 intelligere
852 385 1051 424 volueram
1071 385 1275 424 domestici
1295 386 1464 432 timoris,
1482 385 1546 424 sed
1565 386 1612 424 de
1632 385 1838 424 communi
1858 384 1937 423 rei-

554 449 724 501 publicae
744 449 841 488 statu
857 469 870 496 5
901 451 942 490 in
964 464 1044 503 quo
1063 451 1182 490 etiam
1203 451 1229 489 fi
1251 450 1353 490 nihil
1373 465 1556 504 procuro,
1587 461 1717 490 tamen
1740 450 1842 489 nihil
1862 464 1935 488 cu-

553 529 633 553 rare
653 516 720 554 vix
739 516 906 569 pofl‘um.
929 518 1063 568 Qam
1082 525 1214 556 autem
1234 526 1272 555 te
1291 517 1412 555 velim
1431 526 1592 555 cautum
1607 517 1680 555 effe
1699 517 1740 555 in
1762 516 1936 554 scriben-

553 579 618 626 do,
648 594 696 619 ex
716 579 793 620 hoc
814 581 1019 634 conjicito,
1049 582 1156 635 quod
1187 595 1260 634 ego
1290 581 1338 619 ad
1368 591 1407 620 te
1438 595 1486 620 ne
1505 580 1589 620 haec
1610 580 1772 634 quidem
1792 581 1935 626 scribo,

550 659 636 699 quae
670 647 798 700 palam
832 647 873 685 in
908 647 1110 700 republica
1144 647 1366 693 turbantur,
1408 660 1457 685 ne
1490 646 1723 699 cujusquam
1756 647 1937 685 animum

551 725 645 750 meae
665 713 786 752 literae
806 714 1031 766 interceptae
1051 712 1265 752 offendant.
1310 713 1441 764 Qare
1469 711 1681 751 domestica
1706 725 1799 750 cura
1818 721 1855 749 te
1875 711 1935 749 le-

550 787 684 817 vatum
718 779 823 818 volo.
874 780 922 818 In
954 779 1157 832 republica
1190 779 1269 817 scio
1302 792 1422 830 quam
1457 778 1648 817 sollicitus
1686 777 1760 816 effe
1797 776 1934 816 soleas.

550 844 677 882 Video
710 844 914 883 Messalam
948 845 1124 883 nostrum
1158 845 1375 890 consulem,
1406 845 1433 882 fi
1466 858 1536 897 per
1568 845 1818 896 interregem,
1856 843 1936 880 fine

541 909 724 962 judicio,
756 910 782 949 fi
812 924 881 962 per
913 910 1156 956 dictatorem,
1189 920 1318 949 tamen
1349 911 1426 949 fine
1460 910 1652 962 periculo.
1699 909 1796 947 Odii
1830 907 1935 946 nihil

546 974 690 1015 habet:
732 975 935 1015 Hortenfii
967 976 1075 1015 calor
1107 977 1283 1016 multum
1316 976 1489 1015 valebit:
1523 975 1688 1014 Gabinii
1721 974 1933 1019 absolutio,

548 1040 610 1079 lex
631 1041 880 1094 Impunitatis
901 1051 1076 1095 putatur.
1123 1040 1170 1077 Ἐν
1197 1037 1365 1095 παρέργῳ.
1412 1043 1476 1080 De
1506 1041 1694 1079 dictatore
1715 1049 1845 1078 tamen
1866 1051 1934 1077 ac-

547 1115 633 1143 tum
654 1105 782 1145 adhuc
803 1106 906 1145 nihil
933 1106 1001 1145 est.
1047 1106 1260 1158 Pompeius
1287 1105 1417 1143 abest:
1451 1106 1606 1158 Appius
1632 1104 1798 1142 miscet:
1830 1103 1934 1142 Hir-

546 1183 610 1208 rus
630 1179 765 1222 parat:
797 1171 918 1209 multi
938 1169 1201 1208 intercessores
1230 1178 1513 1208 numerantur:
1545 1169 1717 1222 populus
1750 1181 1829 1207 non
1858 1181 1934 1207 cu-

546 1244 628 1274 rat:
674 1236 872 1289 principes
908 1236 1077 1275 nolunt:
1123 1249 1196 1288 ego
1230 1235 1402 1287 quiesco.
1453 1236 1516 1273 De
1550 1235 1783 1287 mancipiis,
1825 1233 1934 1286 quod

545 1301 646 1340 mihi
667 1303 882 1354 polliceris,
913 1301 1024 1340 valde
1055 1310 1094 1339 te
1124 1314 1240 1339 amo:
1274 1310 1313 1339 et
1342 1301 1428 1339 sum
1456 1301 1656 1354 equidem,
1689 1301 1747 1339 uti
1777 1300 1930 1346 scribis,

545 1377 582 1405 et
604 1367 757 1412 Romae,
787 1375 826 1404 et
846 1367 887 1404 in
907 1366 1077 1419 praediis,
1106 1365 1348 1418 infrequens.
1395 1365 1468 1403 Sed
1488 1379 1593 1411 cave,
1625 1365 1779 1410 amabo,
1810 1365 1929 1418 quid-

544 1446 677 1486 quam,
708 1432 815 1486 quod
835 1432 881 1470 ad
903 1445 1036 1471 meum
1057 1432 1315 1470 commodum
1346 1431 1522 1477 attineat,
1554 1431 1624 1470 nisi
1655 1432 1831 1470 maximo
1863 1441 1934 1470 tuo

544 1499 756 1537 commodo
775 1506 814 1536 et
843 1498 1014 1536 maxima
1040 1506 1106 1536 tua
1137 1497 1339 1542 facultate,
1371 1498 1426 1535 mi
1458 1496 1590 1542 frater,
1621 1497 1821 1549 cogitaris.
1868 1497 1932 1535 De

541 1564 702 1617 epistola
722 1563 888 1608 Vatinii,
920 1563 981 1601 rifi
1000 1579 1008 1601 :
1042 1563 1104 1601 sed
1126 1576 1189 1601 me
1209 1564 1256 1601 ab
1277 1576 1322 1600 eo
1343 1563 1396 1601 ita
1422 1562 1614 1600 observari
1646 1563 1740 1607 scio,
1771 1570 1816 1600 ut
1846 1563 1930 1614 ejus

542 1629 610 1668 ista
641 1629 731 1669 odia
764 1643 842 1667 non
875 1628 1049 1667 sorbeam
1082 1629 1223 1674 solum,
1257 1628 1319 1666 sed
1350 1629 1469 1666 etiam
1501 1641 1762 1681 concoquam.
1809 1627 1930 1679 Qod

541 1710 603 1735 me
631 1695 796 1734 hortaris
818 1705 862 1733 ut
889 1695 1101 1741 absolvam,
1132 1695 1259 1733 habeo
1289 1695 1512 1733 absolutum
1543 1694 1669 1739 suave,
1702 1693 1801 1732 mihi
1834 1695 1928 1746 qui-

539 1762 628 1800 dem
663 1762 722 1799 uti
757 1761 934 1806 videtur,
972 1756 1045 1799 ἔπος
1077 1761 1125 1798 ad
1160 1761 1377 1799 Caesarem:
1422 1760 1484 1798 sed
1520 1774 1650 1812 quaero
1685 1760 1929 1811 locupletem

541 1827 803 1871 tabellarium,
837 1840 884 1864 ne
913 1826 1063 1864 accidat
1089 1826 1197 1879 quod
1227 1827 1410 1879 Erigonae
1432 1836 1534 1871 tuae5
1567 1826 1632 1864 cui
1662 1825 1748 1870 soli,
1780 1825 1927 1864 Caesare

541 1893 787 1946 imperatore,
819 1892 892 1930 iter
912 1906 959 1930 ex
982 1892 1113 1931 Gallia
1134 1902 1267 1930 tutum
1289 1906 1369 1930 non
1389 1891 1481 1930 fuit.
1526 1891 1635 1944 Qid
1655 1893 1667 1929 ?
1701 1891 1726 1929 si
1755 1905 1926 1930 caemen-

541 1968 626 1997 tum
658 1958 808 1997 bonum
841 1971 919 1995 non
952 1957 1151 2003 haberem,
1183 1958 1389 1996 deturbem
1422 1957 1666 1996 aedificium?
1698 1957 1804 2009 quod
1835 1957 1926 2008 qui-

540 2024 629 2063 dem
650 2023 828 2077 quotidie
850 2022 950 2061 mihi
981 2024 1104 2076 magis
1136 2023 1290 2076 placet:
1324 2025 1363 2062 in
1395 2023 1610 2076 primisque
1640 2021 1803 2060 inferior
1833 2037 1925 2076 por-

540 2091 641 2129 ticus
662 2101 699 2128 et
720 2091 802 2142 ejus
824 2089 1023 2127 conclavia
1046 2089 1145 2127 fiunt
1176 2092 1289 2127 ree'te.
1338 2090 1399 2128 De
1431 2091 1602 2133 Arcano,
1635 2088 1792 2126 Caesaris
1825 2103 1925 2141 opus

536 2156 605 2201 est,
637 2156 696 2194 vel
718 2155 941 2194 mehercule
962 2155 1078 2193 ctiam
1101 2155 1350 2207 elegantioris
1371 2155 1536 2207 alicujus
1557 2170 1565 2193 :
1599 2155 1788 2206 imagines
1816 2156 1924 2194 enim

539 2221 628 2266 istae,
660 2230 698 2260 et
730 2221 913 2274 palaestra,
944 2230 982 2259 et
1015 2221 1175 2273 piscina,
1206 2232 1244 2258 et
1279 2222 1397 2265 nilus,
1429 2221 1647 2258 multorum
1681 2220 1923 2258 Philotimo-

539 2301 623 2325 rum
652 2287 719 2332 est,
744 2294 829 2325 'non
860 2286 1147 2339 Diphilorum:
1184 2286 1243 2323 scd
1274 2296 1311 2324 ct
1344 2286 1410 2339 ipsi
1441 2300 1484 2324 ca
1513 2286 1725 2330 adibimus,
1756 2296 1793 2324 ct
1825 2287 1923 2324 mit-

538 2362 682 2397 temus,
726 2362 764 2390 ct
799 2352 1086 2390 mandabimus.
1134 2352 1195 2389 Dc
1232 2351 1375 2389 Felicis
1413 2351 1642 2389 testamento
1678 2361 1763 2388 tum
1799 2351 1926 2403 magis

536 2431 709 2470 querare,
742 2417 764 2455 si
791 2417 910 2455 scias:
943 2431 1037 2469 quas
1068 2417 1174 2455 enim
1210 2417 1358 2454 tabulas
1394 2416 1428 2453 se
1458 2418 1606 2468 putavit
1634 2417 1849 2468 obtignarc,
1883 2416 1922 2453 in

534 2484 679 2537 quibus
713 2483 752 2522 in
786 2484 912 2523 unciis
942 2483 1205 2523 firmissimum
1229 2492 1404 2522 tenuerat
1427 2483 1572 2536 (lapsus
1593 2482 1646 2521 cst
1666 2496 1734 2537 per
1754 2495 1926 2521 errorem
