2335 3009
563 251 646 303 264

561 347 654 384 niam
689 346 753 382 iter
786 344 968 380 Gallorum
1002 341 1230 377 internecione

561 394 764 444 patefecisse.

613 444 698 480 Hoc
725 453 869 490 quoque
897 451 986 475 anno
1013 439 1069 474 M.
1088 438 1230 473 Tullius

564 492 596 528 se
625 491 751 539 recepit
777 503 796 525 e
826 489 965 525 Graecia
991 487 1130 523 biennio
1156 485 1232 534 post

565 553 671 588 quarn
689 552 730 575 eo
748 537 923 586 profeftus
947 547 1030 578 erat,
1058 547 1128 570 non
1157 546 1231 569 mo-

565 587 866 628 dorexercitation
905 586 960 621 sed
982 595 1091 632 prope
1120 592 1232 618 muta-

566 649 636 674 tus.
686 637 779 673 Nam
797 646 831 671 et
848 634 1024 670 contentio
1041 631 1145 667 nimia
1172 642 1233 665 vo-

566 687 616 723 cis
634 686 806 728 resederat,
832 694 866 719 et
895 683 989 730 quasi
1020 679 1236 716 deferbuerat

566 735 691 776 oratio,
709 732 940 779 lateribusque
957 731 1042 764 vires
1059 739 1093 763 et
1110 739 1232 775 corpo-

569 784 614 819 ris
632 783 811 818 mediocris
828 781 965 816 habitus
983 777 1172 819 accesserat,
1196 784 1236 810 ut

568 832 637 880 ipse
650 833 684 866 in
703 833 800 868 Bruto
816 829 967 869 testatur,
992 836 1060 872 cap.
1080 837 1139 872 9¹·

620 881 715 916 Cum
757 888 870 914 autem
915 876 1050 917 Cicero,
1100 873 1237 908 auctore

552 926 773 970 Plutarcho,
801 937 924 973 magna
952 924 1009 972 spe
1025 923 1169 965 emistus,
1195 921 1238 955 ad

572 990 680 1025 remp.
701 977 835 1012 summo
853 973 965 1010 studio
984 981 1168 1020 raperetur,
1187 981 1238 1004 ar-

572 1027 636 1062 dor
652 1025 725 1073 ejus
741 1023 883 1060 oraculo
901 1022 1054 1069 quodam
1076 1019 1240 1067 repressus

571 1075 631 1110 est.
679 1075 774 1109 Nam
793 1084 873 1107 cum
890 1069 1048 1117 Delphos
1066 1067 1241 1115 profectus

574 1122 778 1170 Apollinem
818 1118 1048 1159 consuluisset,
1091 1127 1242 1163 quanam

574 1171 632 1206 via
649 1171 692 1206 ad
710 1170 876 1205 summam
893 1166 1040 1214 gloriam
1069 1164 1245 1211 pervenire

575 1220 696 1268 poffet,
711 1217 891 1255 oraculum
908 1215 1042 1250 editum
1059 1213 1119 1255 est,
1137 1213 1244 1247 Suam

576 1278 747 1310 naturam,
770 1278 840 1302 non
859 1262 1090 1301 multitudinis
1107 1261 1244 1309 opinio-

577 1329 668 1360 nem,
686 1317 812 1352 ducem
828 1313 912 1349 vitae
926 1313 1131 1360 sequeretur.
1146 1310 1245 1358 Qa-

577 1375 722 1414 propter
761 1365 913 1400 Romam
947 1359 1098 1396 reversus
1131 1358 1247 1406 primo

579 1414 700 1451 timide
724 1413 827 1454 vixit,
852 1421 887 1446 et
902 1409 1101 1446 dubitanter
1117 1407 1161 1442 ad
1184 1407 1246 1442 ho-

580 1475 679 1499 nores
704 1463 848 1503 acceffit‚
868 1471 928 1495 nec
946 1458 1020 1494 ullo
1043 1457 1077 1491 in
1104 1467 1248 1492 numero

580 1511 731 1554 habitus,
757 1509 811 1546 sed
835 1506 1021 1544 Graeculus
1039 1515 1143 1552 atque
1159 1504 1247 1540 otio-

581 1560 636 1596 sus
664 1559 856 1608 appellatus
883 1555 971 1592 fuit:
1000 1565 1083 1602 quae
1111 1553 1251 1589 nomina

582 1609 710 1645 infimis
745 1618 780 1643 et
814 1605 955 1642 sordidis
986 1602 1185 1644 hominibus
1215 1601 1249 1636 in

582 1667 750 1706 promptu
772 1655 837 1691 effe
854 1665 957 1702 atque
974 1652 1008 1688 in
1026 1663 1084 1687 ore
1110 1650 1249 1686 consue-

583 1716 720 1742 verunt.

638 1755 690 1790 Ut
708 1765 788 1789 vero
804 1763 838 1788 et
855 1753 970 1788 innata
993 1749 1164 1786 honorum
1190 1759 1250 1783 cu-

584 1803 728 1852 piditate
740 1802 920 1843 duEtus,et
932 1798 1038 1848 patris
1051 1808 1156 1845 atque
1169 1796 1251 1831 ami-

585 1864 707 1888 corum
741 1850 977 1886 cohortatione
1011 1847 1185 1888 incitatus,
1225 1845 1255 1880 se

586 1911 700 1937 totum
720 1898 918 1948 patrociniis
932 1895 1084 1937 tradidit,
1104 1907 1172 1930 non
1181 1893 1254 1942 jam

586 1949 794 1997 pedetentim
823 1946 1012 1994 principem
1043 1945 1161 1980 locum
1196 1955 1254 1991 pe-

587 1998 655 2039 tiit,
682 1998 735 2032 sed
766 1996 876 2031 statim
909 1994 1032 2036 eluxit,
1058 1992 1258 2040 caeterisque

587 2046 782 2084 oratoribus
800 2045 902 2091 longe
918 2042 1089 2090 praestitit.
1127 2041 1257 2075 Haere-

590 2107 655 2131 nus
681 2093 900 2134 Plutarchus,
929 2101 967 2126 ut
990 2103 1009 2125 a
1027 2102 1080 2124 me
1099 2099 1175 2123 ante
1201 2101 1258 2123 an-

589 2156 652 2180 nos
673 2143 753 2179 octo
771 2139 952 2177 conversus
969 2138 1048 2180 fuit,
1075 2138 1136 2172 ubi
1159 2137 1256 2185 quod

589 2191 795 2229 Graeculum
839 2199 943 2236 atque
981 2187 1130 2222 otiosum
1170 2186 1256 2228 dixi,

589 2242 651 2290 qui
671 2239 858 2275 Plutarcho
868 2238 915 2274 est
931 2243 1035 2283 spumat
1044 2241 1087 2278 ,μὶ
1099 2241 1256 2283 anauniae,

590 2291 724 2326 secutus
764 2287 839 2323 sum
881 2285 1117 2322 auctoritatem
1154 2283 1256 2319 nostri

590 2337 747 2380 oratoris,
773 2336 834 2384 qui
855 2345 914 2382 pro
943 2337 1058 2376 Sextio,
1095 2341 1165 2378 cap.
1199 2344 1255 2377 5¹·

591 2386 779 2427 Granium,
807 2385 932 2431 inquit,
950 2383 985 2429 se
1017 2389 1108 2429 atque
1133 2381 1259 2423 otiosum

587 2437 701 2482 putari
733 2433 858 2469 voluis:
888 2431 995 2477 studio
1029 2431 1194 2466 literarum
1225 2429 1261 2475 se

583 2484 692 2533 subito
709 2482 804 2519 dedit.
858 2481 975 2517 Solent
998 2490 1111 2516 autem
1130 2479 1259 2515 Roma-

878 247 942 288 M.
1002 247 1058 287 T.
1117 241 1644 286 CICERONIS

1281 339 1315 374 ni
1344 338 1395 373 uti
1427 336 1655 385 appellatione
1682 333 1800 370 Graeci
1825 331 1946 382 probri

1281 389 1371 429 loco,
1394 398 1475 421 cum
1494 384 1746 432 ignobilitatem
1763 381 1946 430 objiciunt,

1281 446 1321 471 ut
1339 439 1484 472 Zonaras
1501 433 1628 470 scribit.

1283 584 1393 623 Anno
1414 582 1522 622 Urbis
1542 582 1636 635 677.
1680 579 1859 619 Ciceronis
1880 591 1946 633 31.

1427 654 1618 693 Consules
1648 652 1811 692 fuerunt

1287 719 1370 756 CN.
1394 715 1660 759 OCTAanS,
1685 715 1735 753 C.
1759 714 1950 752 Semno-

1466 788 1571 815 mus
1605 776 1772 814 Cumo.

1336 875 1392 909 De
1421 873 1472 909 his
1503 871 1626 907 Cicero
1652 871 1687 907 in
1717 871 1840 913 Bruto,
1875 881 1951 918 cap.

1289 923 1347 958 60.
1400 923 1458 958 Cn.
1489 923 1630 962 Sicinius,
1655 933 1722 956 cum
1749 919 1895 955 tribunus
1909 918 1954 966 pl.

1287 973 1452 1008 Curionem
1476 977 1506 1004 et
1536 970 1707 1004 OBavium
1734 967 1862 1013 confides
1878 977 1953 1014 pro-

1289 1020 1428 1067 duxistis,
1459 1019 1612 1065 Curioque
1633 1018 1731 1052 multa
1758 1016 1890 1064 dixrffit,
1905 1016 1956 1062 se·

1290 1069 1376 1103 dente
1409 1069 1467 1103 Cn.
1500 1067 1637 1102 occavio
1668 1065 1796 1111 collega,
1821 1066 1873 1111 qui
1903 1063 1958 1099 de·

1291 1119 1415 1151 vinctus
1430 1121 1501 1150 erat
1509 1114 1635 1161 fasciis,
1659 1121 1690 1148 et
1706 1114 1809 1149 multis
1826 1112 1957 1148 medica·

1292 1167 1402 1199 mentis
1424 1171 1556 1210 propter
1581 1161 1716 1197 dolorem
1738 1169 1867 1198 artuum
1881 1161 1959 1197 deli-

1293 1214 1408 1248 butus:
1440 1213 1626 1259 Nunquam,
1665 1210 1791 1259 inquit,
1828 1211 1959 1252 otram,

1293 1262 1412 1309 collegae
1427 1269 1481 1296 tuo
1492 1262 1637 1307 gratiam
1661 1265 1802 1306 reseres·,
1827 1260 1880 1308 qui
1906 1259 1964 1304 nist

1286 1311 1324 1357 se
1330 1312 1390 1357 suo
1415 1321 1500 1345 more
1505 1307 1702 1355 jafflaviffm
1727 1307 1816 1344 hodie
1840 1316 1872 1344 ee
1896 1308 1962 1353 istic

1295 1361 1403 1406 mufiae
1418 1357 1611 1405 comediffent.

1345 1407 1517 1443 Videntur
1533 1416 1648 1442 autern
1665 1405 1819 1441 consules
1835 1416 1856 1440 a
1877 1403 1964 1440 Sici-

1298 1456 1356 1492 nio
1378 1455 1539 1504 produCti
1570 1453 1681 1496 fuiss'e,
1707 1467 1789 1490 curn
1816 1454 1850 1489 id
1879 1453 1964 1501 egit,

1299 1515 1338 1540 ut
1355 1504 1535 1540 tribunitia
1555 1503 1701 1551 potestas
1729 1502 1865 1550 populo
1890 1502 1965 1537 red-

1298 1554 1444 1589 deretur.
1462 1553 1609 1599 Asconius
1625 1554 1658 1587 in
1672 1553 1822 1586 Divinas.
1841 1552 1874 1585 in
1886 1552 1966 1585 Ver-

1298 1615 1375 1645 rem,
1402 1611 1470 1649 cap.
1493 1612 1525 1648 3.
1558 1601 1623 1636 Cn.
1642 1599 1833 1636 oetavium
1853 1600 1907 1635 M.
1927 1600 1969 1635 fi·
1994 1642 1997 1645 Α

1299 1651 1387 1687 lium
1427 1651 1601 1698 optimum
1631 1659 1735 1696 atque
1773 1648 1968 1684 humanissi-

1301 1711 1399 1735 mum
1441 1699 1568 1737 virum.
1611 1697 1811 1732 familiarem
1855 1697 1967 1739 suurn,

1302 1747 1456 1784 nominat
1471 1749 1536 1784 Cic.
1554 1746 1607 1782 lib.
1636 1747 1681 1782 11.
1706 1745 1743 1780 de
1772 1746 1874 1782 Fi'm'b.
1900 1755 1968 1792 cap.

1305 1800 1362 1833 28.

1354 1845 1424 1881 His
1448 1844 1647 1881 consulibus
1674 1843 1811 1885 Cicero,
1838 1853 1877 1878 ut
1904 1842 1970 1890 ipse

1307 1895 1341 1930 in
1358 1895 1479 1930 eodem
1499 1894 1612 1936 Bruto,
1636 1902 1703 1940 cap.
1727 1904 1785 1940 92.
1813 1892 1970 1933 ostendit.

1305 1956 1386 1979 cum
1429 1955 1538 1978 unum
1582 1953 1710 1977 annum
1745 1941 1893 1976 reversus
1927 1952 1970 1976 ex

1307 1992 1390 2028 Asia
1416 1992 1531 2027 causas
1561 1991 1692 2026 nobiles
1707 1990 1835 2037 egifl‘et,
1860 1989 1971 2036 quaes-

1307 2051 1420 2076 turam
1450 2040 1561 2087 petiit,
1587 2051 1667 2074 curn
1695 2039 1737 2073 C.
1767 2039 1883 2078 Cotta,
1911 2038 1972 2085 qui

1307 2102 1396 2125 anno
1416 2088 1601 2135 insequenti
1618 2087 1735 2122 consul
1754 2085 1832 2128 fuit,
1852 2086 1975 2121 toniu-

1307 2139 1428 2179 latum,
1441 2136 1646 2172 Hortensius
1658 2135 1869 2176 aedilitatem,
1883 2144 1976 2183 pete-

1308 2197 1368 2222 ret.
1396 2185 1603 2233 Qaestoriis
1621 2184 1783 2226 comitiis,
1797 2196 1878 2231 quae
1895 2185 1974 2219 'I'ri-

1308 2234 1664 2280 butasuinbepist31.
1689 2233 1727 2278 [l.
1746 2233 1973 2279 30.Jls'b.vn.

1307 2286 1422 2321 Famil.
1442 2282 1670 2329 cognoscitur.
1686 2285 1714 2316 C
1721 2282 1808 2316 icero
1826 2282 1975 2329 quaestor

1311 2333 1344 2367 in
1363 2332 1482 2380 primis
1501 2332 1634 2366 cunt'tis
1653 2330 1820 2377 suffragiis
1839 2330 1886 2365 est
1905 2329 1974 2365 fac-

1309 2391 1391 2422 tus·,
1418 2383 1451 2414 in
1478 2382 1574 2416 Orat.
1604 2392 1636 2413 m
1668 2380 1816 2425 Pisonem,
1846 2389 1912 2426 cap.
1946 2391 1974 2414 ι.

1310 2430 1418 2471 Idem,
1445 2431 1581 2463 Verrina
1612 2428 1694 2463 Vll.
1725 2438 1791 2474 cap.
1830 2441 1881 2470 ¹4·
1919 2429 1976 2466 ait.

1311 2479 1341 2515 sc
1361 2479 1405 2514 ita
1423 2477 1630 2526 quaestorem
1654 2476 1784 2512 tactum
1803 2474 1912 2516 fuiffc.
1940 2486 1979 2511 ut
