2241 2994
653 217 1502 258 PHILOSOPHORUM.

403 309 570 356 pellatum
583 308 636 351 fit,
651 309 766 345 causas
779 309 960 356 explicare.
1000 310 1067 344 Ita-

402 370 472 405 que
489 370 571 393 cum
589 358 733 393 Hesiodi
751 358 994 405 Theogoniam
1018 358 1067 392 iri-

401 415 618 453 terpretatur,
654 406 746 441 tollit
778 408 921 441 omnino
956 407 1068 442 insitas

400 454 659 509 praeceptasque
677 454 889 501 cognitiones
911 455 1066 490 deorum.

400 503 563 550 Denique
580 514 692 549 neque
708 503 847 548 jovem,
876 515 986 550 neque
1003 504 1067 548 Ju-

401 563 540 594 nonem,
554 551 822 606 nequeVestam,
837 563 948 606 neque
960 564 1068 599 quen-

399 611 521 647 quam,
547 600 609 647 qui
636 599 683 636 ita
703 601 907 648 appelletur,
935 613 969 636 in
987 601 1068 636 deo-

401 661 480 684 rum
497 649 694 684 habendum
712 661 868 704 numero,
894 650 949 684 sed
968 650 1068 685 rebus

400 697 560 733 inanimis
577 708 681 745 atque
697 698 803 733 mutis
821 711 881 746 per
893 699 1069 746 quandam

399 745 451 792 fig
453 746 685 781 nificationem
713 746 787 781 haec
814 748 914 781 docet
938 747 1069 782 tributa

399 794 551 830 nomina.
577 794 616 829 de
632 795 917 831 Nat.Deorum1.
941 807 993 838 14.

449 843 595 878 AEthera
608 843 781 878 summum
799 844 930 886 Deum,
955 854 1068 879 mente

399 891 603 938 praediturn‚
635 904 706 939 qua
738 893 855 927 omnia
895 904 1065 940 regantur.

399 940 483 976 Luc.
502 953 561 982 41.
579 951 615 976 et
630 941 666 976 de
681 941 767 977 Nat.
786 943 925 976 Deorum
943 943 968 977 1.
991 955 1041 986 ¹4·

450 990 616 1037 Qatuor
649 989 759 1025 solum
794 990 890 1025 initia
928 1002 1065 1026 rerum:

399 1037 559 1084 quintam
585 1038 780 1073 Aristotelis
811 1049 967 1073 naturam
998 1052 1068 1074 non

400 1086 641 1123 adhibendam.
667 1087 814 1123 Academ.
837 1088 861 1123 Ι.
883 1100 927 1123 ii.
952 1087 989 1122 de
1006 1089 1066 1122 Fi—

398 1135 488 1170 m'bus
504 1136 565 1170 iv.

449 1184 622 1219 Animum
643 1184 766 1231 ignem.
784 1184 871 1230 Tufi‘.
889 1185 915 1219 Ι.
932 1198 966 1232 9.

450 1233 623 1267 Naturam
641 1234 705 1268 effe
723 1234 849 1280 ignem,
868 1246 950 1280 quae
964 1233 1066 1280 quid-

399 1293 509 1328 que„
486 1282 653 1324 creauerit,
667 1291 701 1316 et
715 1292 862 1316 mentem
881 1293 984 1329 atque
998 1283 1066 1317 sen-

400 1330 465 1364 sus.
497 1331 609 1365 Acad.
622 1332 648 1365 Ι.
665 1343 676 1365 1
691 1343 718 1365 1.
752 1331 871 1377 Ignem
887 1342 999 1365 autem
1015 1343 1066 1365 ar-

401 1378 597 1433 tificiosum,
608 1379 650 1413 ad
662 1379 877 1426 gignendum
889 1380 1066 1426 progredi·

399 1437 512 1462 entem
529 1427 594 1463 via.
624 1409 685 1462 de:²
677 1430 760 1464 Nat.
776 1429 927 1463 Deorum.
947 1429 989 1462 ll.
1008 1439 1066 1463 22.

450 1476 567 1510 Deum
601 1477 666 1511 effe
695 1477 878 1518 mundum,
916 1488 1068 1523 eumque

397 1524 620 1567 animantem,
645 1534 680 1559 et
702 1524 830 1559 ratione
853 1525 1038 1572 praeditum
1056 1539 1064 1561 :

400 1573 486 1607 nihil
502 1573 593 1608 enim
611 1574 704 1621 posse
721 1574 810 1608 effici
829 1574 872 1608 ab
889 1586 942 1615 eo,
969 1575 1065 1621 quod

398 1622 478 1657 esset
493 1633 614 1675 expers
632 1623 794 1669 corporis.
822 1622 1033 1658 Acad.1.11.

450 1669 572 1705 Sensus
599 1669 741 1716 junctos
769 1671 834 1705 effi:
868 1683 887 1704 a
915 1672 1065 1718 quadam

399 1719 495 1766 quasi
526 1719 732 1766 impulsione
757 1720 874 1754 oblata
905 1720 1064 1754 extrinse-

398 1779 473 1810 ωε,
499 1780 606 1814 quam
637 1780 698 1802 nos
723 1770 825 1812 ‘visum
851 1769 1063 1816 appellemus

397 1817 490 1852 licet.
524 1816 623 1853 acad.
643 1817 670 1851 l.
694 1828 734 1851 ii.

446 1865 507 1900 Ad
525 1865 614 1907 haec,
640 1877 724 1911 quae
742 1864 810 1899 visa
823 1864 901 1899 sunt
916 1875 950 1900 et
967 1865 1063 1912 quasi

397 1924 538 1961 accepta
568 1913 729 1954 sensibus,
759 1912 974 1948 assensionem
1005 1914 1063 1948 ad-

392 1962 513 2010 jungit
538 1963 755 2004 animorum,
782 1973 888 2009 quam
905 1963 969 1996 esse
985 1963 1065 1997 vult

397 2011 433 2046 in
455 2011 555 2047 nobis
580 2011 739 2059 positam,
765 2021 800 2046 et
823 2010 1062 2046 voluntariam.

396 2059 496 2096 Acad.
517 2061 545 2096 1.
565 2072 608 2095 ιι.

446 2108 535 2144 Visis
548 2120 618 2144 non
629 2107 793 2143 omnibus
811 2105 1064 2155 adjungendam

396 2156 514 2199 fidem,
541 2156 596 2191 sed
622 2157 662 2192 iis
679 2156 802 2197 solum,
828 2167 910 2202 quae
929 2157 1063 2204 propri-

397 2217 454 2240 am
477 2205 652 2252 quandam
681 2205 844 2240 haberent
864 2205 1063 2240 declaratio-

399 2265 477 2289 nem
505 2265 623 2288 earum
649 2265 776 2295 rerum,
803 2265 886 2300 quae
908 2254 1063 2288 videren-

397 2312 478 2337 tur:
508 2302 542 2336 id
566 2309 679 2336 auoem
696 2301 822 2344 visum,
847 2312 927 2336 cum
950 2303 1061 2349 ipsum

397 2363 459 2398 per
490 2349 522 2384 se
549 2360 752 2393 cerneretur,
789 2350 1059 2395 comprehetfibile.

399 2399 511 2446 Qiod
524 2409 606 2433 cum
619 2408 798 2445 acceptum
805 2410 880 2444 jam
891 2408 924 2434 et
937 2411 1058 2447 appro-

399 2449 519 2484 batum
537 2448 628 2489 esset,
640 2447 844 2492 comprehetgs
842 2458 928 2482 onem
944 2448 1059 2496 appel

494 2495 617 2532 ToM.
642 2496 708 2532 IX.

1704 221 1780 275 385

1119 310 1192 351 lari,
1218 310 1360 345 similem
1387 310 1426 345 iis
1450 311 1550 346 rebus
1572 323 1652 358 quae
1676 325 1780 348 manu

1118 359 1418 405 prehenderentur.
1449 359 1548 395 Acad.
1570 360 1597 395 I.
1621 373 1664 395 11.

1168 408 1279 453 Qiod
1295 417 1366 442 erat
1378 407 1470 442 sensu
1484 409 1780 465 comprehensum,

1118 454 1154 489 id
1172 455 1280 501 ipsum
1290 456 1410 501 finsum
1424 457 1608 503 appellari,
1633 468 1680 500 et,
1699 459 1744 493 si
1737 468 1783 494 ita

1118 513 1189 537 erat
1206 504 1502 551 comprehensum,
1516 515 1555 539 ut
1566 507 1714 541 convelli
1731 519 1782 542 ra-

1118 551 1212 587 tione
1229 563 1298 587 non
1317 552 1436 599 posset,
1449 553 1633 595 scientiam;
1659 555 1707 589 sin
1722 555 1782 590 ali-

1119 610 1180 641 ter,
1214 601 1424 647 inscientiam:
1450 612 1492 635 ex
1527 613 1598 648 qua
1629 603 1783 638 existeret

1117 651 1231 694 opinio,
1251 661 1333 697 quae
1349 649 1429 684 esset
1443 649 1627 692 imbecilla,
1649 661 1684 685 et
1701 663 1781 686 cum

1117 697 1201 732 falso
1219 697 1467 745 incognitoque
1483 699 1689 734 communis.
1717 701 1783 735 Sed

1118 747 1204 781 inter
1220 745 1390 781 scientiam
1404 756 1438 781 et
1450 746 1669 789 inscientiam,
1688 760 1783 784 coni—

1118 795 1372 849 prehensionem
1411 795 1594 830 collocari·
1587 811 1597 836 ;
1638 808 1783 852 eamque

1117 855 1229 890 neque
1257 856 1290 878 in
1321 844 1430 884 reficis,
1466 855 1577 890 neque
1605 843 1638 879 in
1667 847 1783 892 pravis

1117 892 1301 934 numerari,
1328 892 1383 927 sed
1405 891 1464 927 soli
1482 892 1689 929 credendum
1707 895 1780 930 effe.

1115 941 1215 977 Acad.
1236 942 1261 976 1.
1284 953 1327 975 11.

1167 990 1327 1024 Sensibus
1339 989 1441 1024 fidem
1448 989 1677 1030 tribuendam,
1685 990 1781 1036 quod

1117 1038 1375 1085 comprehensio
1388 1037 1478 1072 faeta
1492 1037 1639 1073 sensibus
1656 1049 1691 1072 et
1703 1051 1783 1073 vera

1116 1086 1196 1121 effet
1211 1096 1246 1121 et
1263 1087 1384 1121 fidelis.
1419 1086 1519 1121 Acad.
1540 1088 1566 1121 1.
1589 1098 1632 1121 ιι.

1166 1135 1338 1170 Naturam
1353 1136 1448 1181 quasi
1464 1147 1619 1170 normam
1638 1130 1783 1170 icientiae

1116 1193 1150 1218 et
1168 1183 1378 1237 principium
1397 1183 1445 1218 sui
1460 1183 1596 1225 dedisse,
1612 1184 1702 1218 unde
1719 1197 1780 1238 po-

1117 1233 1184 1266 stea
1201 1233 1356 1266 notiones
1381 1244 1495 1267 rerum
1521 1232 1555 1266 iii
1579 1233 1699 1267 animis
1718 1245 1781 1267 im-

1117 1281 1366 1335 primerentur3
1394 1293 1412 1315 e
1436 1281 1566 1327 quibus
1593 1293 1660 1315 non
1688 1282 1782 1328 prin-

1117 1329 1208 1376 cipia
1231 1329 1352 1369 solum,
1380 1329 1432 1363 sed
1460 1330 1594 1364 latiores
1619 1330 1782 1376 quaedam

1119 1379 1160 1412 ad
1180 1378 1343 1412 rationem
1372 1377 1610 1412 inveniendam
1637 1378 1702 1412 viae
1733 1391 1782 1413 re-

1116 1427 1308 1474 periuntur.
1343 1426 1440 1462 Acad.
1462 1426 1487 1460 1.
1515 1437 1560 1460 11.

1167 1475 1340 1517 Errorem,
1364 1485 1398 1509 et
1416 1474 1651 1517 temeritatem,
1677 1484 1710 1509 et
1731 1474 1782 1522 ig-

1117 1523 1321 1565 norantiam,
1339 1533 1373 1557 et
1388 1523 1634 1570 opinationem,
1662 1534 1696 1558 et
1713 1523 1780 1558 sus-

1116 1571 1287 1619 picionem
1306 1584 1325 1605 a
1343 1572 1470 1606 virtute
1485 1571 1715 1619 sapientiaque
1732 1584 1782 1607 re-

1116 1621 1334 1655 movendam.
1370 1620 1470 1656 Acad.
1492 1621 1516 1654 Ι.
1542 1632 1582 1654 ii.

1165 1669 1368 1704 Naturalem
1394 1669 1502 1714 legem
1525 1668 1678 1702 divinam
1704 1668 1780 1710 esse,

1114 1729 1259 1764 eamque
1284 1717 1356 1750 vim
1380 1717 1533 1751 obtinere
1558 1717 1647 1751 recta
1673 1717 1778 1764 impe-

1115 1776 1258 1808 mntem,
1277 1765 1587 1813 prohibentemque
1599 1766 1779 1800 contraria.

1112 1814 1150 1848 de
1166 1814 1252 1849 Nat.
1271 1817 1370 1849 Deor.
1393 1815 1418 1848 Ι.
1441 1827 1490 1856 14.

1164 1863 1346 1898 Rationem
1364 1863 1552 1909 quandam,
1569 1874 1630 1909 pei·
1642 1874 1780 1897 omnem

1113 1912 1338 1959 pertinentem
1375 1921 1544 1952 naturam,
1586 1910 1621 1944 vi
1663 1911 1781 1945 divina

1113 1961 1177 1995 esse
1209 1960 1364 1994 affectam
1400 1969 1509 2006 putat.
1568 1959 1679 1994 Astris
1714 1959 1782 2007 hoc*

1114 2009 1205 2043 idem
1219 2009 1456 2049 tribuendum,
1472 2018 1547 2042 turn
1561 2008 1669 2050 annis,
1686 2020 1778 2042 men-

1113 2057 1219 2098 sibus,
1252 2067 1492 2103 annorumque
1517 2056 1779 2092 mutationibus.

1113 2106 1151 2141 de
1164 2106 1251 2141 Nat.
1271 2106 1369 2140 Deor.
1392 2105 1418 2139 1.
1441 2118 1490 2146 ¹4·

1163 2155 1344 2189 Mundum
1383 2153 1606 2194 animantem,
1650 2152 1779 2188 ratione

1114 2203 1197 2250 regi,
1224 2203 1419 2250 sapientem,
1447 2201 1576 2247 alioqui
1599 2212 1640 2234 ex
1658 2200 1688 2234 se
1706 2212 1775 2235 non

1112 2252 1205 2306 posse
1245 2251 1466 2292 animantem,
1507 2259 1776 2296 compotemque

1111 2299 1250 2335 rationis
1286 2310 1470 2347 procreare.
1497 2297 1534 2332 de
1561 2297 1643 2334 Nat.
1675 2299 1774 2334 Deor.

1111 2349 1154 2385 II.
1175 2346 1207 2383 8.
1226 2358 1259 2382 et
1277 2349 1338 2383 ΙΙΙ.
1357 2359 1391 2394 9.

1162 2397 1270 2444 Ipsius
1298 2395 1431 2435 mundi,
1457 2393 1519 2441 qui
1541 2405 1658 2428 omnia
1679 2405 1774 2429 com-

1111 2446 1218 2493 plexu
1235 2445 1295 2480 suo
1313 2454 1456 2527 coercect3
1469 2452 1502 2477 et
1527 2442 1691 2486 continet,
1717 2453 1775 2478 na-

1474 2503 1492 2526 c
1510 2502 1529 2526 c
