2335 3009
525 259 599 312 198

522 370 588 394 eum
612 366 733 403 paenam
763 357 948 401 excogitare,
986 355 1040 401 qui
1060 353 1194 399 prodere

522 407 656 450 hostibus
668 406 814 451 patriam
832 405 979 449 cogitarit
993 405 1011 438 ,Ρ
1029 401 1110 449 quod
1125 414 1191 436 ma·

522 455 654 499 leficium
687 466 754 490 cum
782 453 836 488 hoc
855 452 971 499 scelere
1004 454 1191 497 comparari,

522 504 604 554 quod
618 505 692 538 huic
709 501 855 545 maleficio
871 500 997 547 dignum
1005 499 1194 546 supplicium

516 554 615 601 potest
630 553 801 588 inveniri?
828 550 868 585 In
885 551 936 591 iis,
961 553 1015 596 qui
1034 548 1195 595 violaffint

523 606 700 650 ingenuum,
738 607 872 634 matrem
897 598 1046 642 familias
1076 598 1191 642 constu-

518 651 667 699 praffent,
688 648 858 696 pulfaffi’ntb
880 647 1023 693 aliquem,
1049 654 1105 680 aut
1134 655 1193 690 po-

514 701 633 746 stremo
646 697 805 745 necaffent‚
816 700 952 731 maxima
959 695 1112 741 supplicia
1127 706 1194 728 ma-

513 751 604 798 jores
622 749 715 794 nostri
739 746 979 792 confiempserunt
993 757 1003 777 :
1030 744 1102 777 huic
1127 750 1195 777 tru-

524 798 714 843 culentffmo
743 807 782 830 ac
798 793 921 839 nefario
929 793 1071 837 facinori
1083 791 1194 838 fingu-

524 848 624 882 larem
635 856 758 893 paenam
775 855 834 878 non
851 843 1052 888 reliquerunt.
1085 842 1197 887 Atque

524 899 559 931 in
575 896 649 930 aliis
665 892 820 937 maleficiis
837 890 882 926 ad
885 889 1038 936 fingulos,
1064 897 1123 924 aut
1153 888 1199 924 ad

520 955 651 992 paucos,
677 955 714 978 ex
730 942 831 977 alieno
843 947 968 986 peccato
990 939 1111 985 injuria
1123 947 1197 984 per-

525 995 638 1035 venit;
664 992 756 1038 hujus
763 989 888 1036 sceleris
905 991 958 1036 qui
975 987 1052 1029 sunt
1082 986 1194 1032 affines,

526 1055 587 1078 uno
605 1041 720 1085 cotfilio
736 1037 886 1081 universts
912 1036 1032 1072 civibus
1053 1035 1197 1079 atrociffi.

525 1103 593 1127 mas
610 1091 803 1125 calamitates
820 1086 1053 1121 machinantur.
1101 1086 1131 1119 O
1141 1083 1196 1128 fe-

526 1152 576 1175 ros
591 1139 735 1173 animos!
762 1137 792 1170 O
809 1135 939 1170 crudeles
970 1133 1195 1178 cogitationes!

525 1189 558 1224 Ο
574 1187 731 1222 derelictos
748 1185 880 1219 homines
907 1183 949 1217 ab
973 1181 1196 1216 humanitate!

525 1237 602 1285 quid
615 1246 707 1282 agere
723 1233 790 1278 aust
792 1232 885 1278 sunt,
910 1238 968 1266 aut
995 1232 1129 1277 cogitare
1137 1237 1196 1274 po-

526 1292 656 1322 tuerunt
670 1285 688 1319 ?
712 1294 770 1330 quo
801 1284 895 1327 pallo
925 1280 1030 1324 histes,
1066 1277 1198 1321 revulsis

526 1335 679 1381 majorum
700 1330 867 1378 sepulcris,
890 1328 1013 1376 dejectis
1040 1327 1196 1369 moenibus,

527 1390 659 1418 ovantes
683 1383 838 1415 irruerent
865 1379 900 1412 in
923 1378 1088 1412 civitatem
1102 1389 1113 1409 .·
1139 1387 1198 1422 quo

528 1432 614 1467 modo
629 1428 716 1466 deam
741 1427 862 1474 templis
877 1425 1037 1473 spoliatis,
1063 1426 1199 1470 optima-

528 1481 610 1517 tibus
626 1477 804 1518 trucidatis,
829 1475 902 1511 aliis
916 1475 1057 1520 arreptis
1079 1475 1112 1508 in
1129 1473 1198 1518 ser-

526 1532 676 1569 vitutem,
702 1523 997 1569 matribusfamilias
1013 1529 1045 1557 et
1060 1523 1200 1568 ingenuis

520 1579 582 1626 Jub
610 1575 745 1620 hostilem
773 1573 931 1609 libidinem
943 1572 1098 1618 subjectis,
1124 1570 1199 1605 urbs

529 1625 713 1670 acerbiffimo
747 1622 887 1658 concidat
914 1619 1050 1655 incendio
1067 1642 1071 1645 -
1088 1619 1199 1664 consta·

526 1683 653 1724 grata:
681 1673 779 1721 quise
807 1682 866 1706 non
890 1676 1024 1716 putant,
1051 1667 1097 1710 id,
1123 1667 1204 1715 quod

528 1724 700 1765 voluerint,
725 1720 770 1756 ad
795 1721 912 1755 exitum
934 1716 1118 1764 perduxiffe,
1148 1717 1206 1761 nist

521 1771 716 1821 sanBiffimae
735 1770 858 1818 patriae
884 1765 1089 1813 miserandum
1102 1765 1198 1812 scele-

529 1824 596 1857 rati
613 1820 754 1856 viderint
769 1820 910 1854 cinerem.
952 1815 1078 1862 Nequeo
1093 1814 1201 1849 verbis

529 1871 676 1918 consequi,
701 1867 843 1915 Judices,
877 1864 1099 1912 indignitatem
1127 1864 1176 1897 rei
1188 1877 1200 1898 .-

520 1919 581 1966 sed
595 1919 794 1965 negligentius
809 1915 936 1961 idfero,
961 1917 1036 1961 quia
1059 1924 1117 1947 vos
1143 1914 1202 1947 mei

530 1981 591 2004 non
605 1967 757 2012 indigetis.
794 1964 898 2008 Vester
912 1964 992 1998 enim
1008 1973 1065 1996 vos
1081 1962 1204 1996 animus

531 2015 750 2060 amantiffimus
768 2011 946 2059 reipublicae
963 2010 1063 2058 facile
1088 2009 1202 2052 edocet,

533 2075 569 2101 ut
596 2077 676 2106 euru,
703 2065 754 2112 qui
773 2062 926 2109 fortunas
953 2060 1084 2094 omnium
1101 2057 1203 2093 volite.

533 2118 579 2150 rit
609 2112 752 2160 prodere,
790 2111 983 2157 praecipitem
1013 2107 1203 2154 perturbetis

533 2177 571 2200 ex
587 2175 624 2199 ea
647 2164 789 2202 civitate,
813 2170 905 2207 quam
921 2157 983 2204 ipse
998 2155 1201 2203 spurtg'ffinno-

533 2225 605 2250 rum
619 2211 749 2256 bostium
760 2208 922 2244 dominatu
935 2206 1053 2251 nefario
1068 2204 1203 2240 voluerit

533 2264 668 2298 obruere.

585 2311 652 2346 lx.
679 2308 718 2344 ln
746 2304 910 2342 mediocri
928 2304 1040 2352 figura
1055 2300 1203 2337 versabi-

536 2371 593 2396 tur
621 2357 743 2399 oratio,
771 2355 795 2391 sn
830 2355 918 2395 haec,
945 2363 984 2388 ut
1013 2361 1090 2387 anoe
1118 2349 1205 2394 dixi,

535 2406 792 2456 aliquantulum
822 2401 1069 2443 demiserimus,
1095 2411 1206 2447 neque

536 2468 651 2494 nmen
668 2455 711 2490 ad
739 2453 899 2490 infimum
923 2448 1206 2492 descenderimus,

535 2508 582 2543 fic
599 2520 607 2542 z
636 2502 824 2552 Qibuscaen
844 2500 954 2538 heum
964 2501 1115 2550 gerimus,
1139 2498 1205 2545 Ju-

831 255 1610 296 RHETORICORUM

1241 351 1333 394 dices,
1358 352 1499 394 videtis·,
1537 363 1605 387 cum
1625 351 1731 398 sociis,
1769 351 1823 397 qus·
1851 359 1913 396 pro

1242 401 1327 436 nobis
1350 411 1506 448 pugnare,
1533 409 1564 435 et
1591 401 1754 445 imperium
1780 400 1913 444 nostrum

1241 450 1393 494 nobiscum
1414 449 1514 493 simul
1538 452 1662 484 virtute
1699 456 1728 483 et
1761 448 1914 492 industria

1243 500 1420 543 conservare
1428 498 1610 545 fhlitisttnt.
1663 497 1711 532 Hi
1731 509 1799 532 cum
1808 497 1858 542 se,
1883 504 1913 531 et

1244 557 1314 593 opes
1335 547 1426 592 suas,
1457 554 1488 581 et
1522 549 1638 592 copiam
1668 545 1912 592 neceffariorum,

1242 604 1378 636 norunt;
1399 604 1463 630 tum
1481 606 1557 630 vero
1574 594 1772 629 nibilominus
1783 602 1917 640 propter

1236 647 1515 692 propinquitatem,
1541 651 1570 678 et
1601 645 1732 677 omnium
1748 654 1852 677 rerum
1863 641 1915 687 so-

1245 695 1399 735 cietatem,
1425 692 1500 739 quid
1527 695 1560 726 in
1582 691 1721 726 omnibus
1750 691 1838 726 rebus
1861 700 1917 736 po-

1238 741 1332 788 pulus
1350 743 1511 776 Romanus
1522 739 1625 787 peſjet,
1634 741 1718 785 scire
1736 748 1766 774 et
1784 741 1914 780 aeliima-

1245 802 1280 825 re
1309 798 1466 836 poterant.
1511 790 1572 832 Hi,
1611 801 1677 824 cum
1706 787 1916 834 deliberafflnt

1245 838 1396 884 nobiscum
1425 838 1537 873 bellum
1561 850 1685 885 gerere,
1708 838 1814 885 quaeso,
1848 848 1917 884 quae

1246 899 1294 923 res
1323 895 1408 930 erat,
1434 899 1496 935 qua
1521 887 1605 930 freti
1635 886 1744 921 bellum
1763 887 1917 933 suspicere

1246 945 1445 979 conarentur,
1463 948 1532 971 cum
1549 936 1643 971 multo
1658 937 1825 970 maximam
1834 931 1917 980 soci-

1245 997 1333 1020 orum
1353 993 1477 1031 partem
1499 988 1531 1019 in
1548 983 1640 1029 officio
1656 994 1779 1019 manere
1801 982 1916 1017 intelli-

1240 1035 1382 1081 gerent?
1417 1045 1485 1068 cum
1502 1033 1569 1076 fibi
1599 1043 1659 1066 non
1690 1030 1917 1067 multitudinem

1245 1082 1392 1124 militum,
1415 1093 1475 1116 non
1492 1081 1612 1116 idoneos
1628 1083 1840 1126 imperatores,
1858 1091 1919 1114 non

1240 1133 1406 1176 pecuniam
1425 1129 1596 1176 publicam,
1617 1128 1731 1174 praesto
1752 1127 1805 1176 effe
1829 1127 1918 1163 vide-

1246 1182 1345 1215 rent?
1371 1191 1430 1214 non
1456 1178 1582 1226 denique
1611 1177 1708 1213 ullam
1737 1188 1813 1220 rem,
1851 1189 1919 1224 quae

1244 1230 1403 1275 pertineat
1420 1227 1464 1262 ad
1478 1227 1588 1262 bellum
1605 1225 1884 1270 administrandum
1899 1226 1918 1259 ?

1247 1278 1281 1312 Si
1294 1289 1362 1312 cum
1368 1276 1518 1320 finitimis
1529 1275 1566 1311 de
1572 1275 1692 1318 finibus
1706 1274 1817 1310 bellum
1828 1285 1920 1321 gere-

1246 1333 1316 1360 rent
1328 1342 1339 1367 ·,
1353 1326 1390 1370 st
1403 1333 1504 1360 totum
1521 1333 1672 1360 certamen
1689 1325 1723 1358 in
1739 1336 1800 1358 uno
1811 1322 1920 1369 praelio

1242 1374 1376 1420 posttum
1389 1382 1540 1420 putarent
1554 1386 1565 1407 :
1592 1380 1696 1408 tamen
1711 1372 1848 1408 omnibus
1871 1383 1919 1406 re·

1247 1423 1304 1458 bus
1329 1423 1535 1468 instruc't'iores
1561 1434 1599 1456 ac
1619 1423 1801 1468 paratiores
1830 1421 1920 1456 veni-

1248 1479 1347 1514 rent·,
1389 1471 1498 1506 nedum
1531 1469 1613 1505 illud
1642 1472 1804 1516 imperium
1837 1468 1921 1504 orbis

1249 1528 1356 1563 terrae,
1407 1522 1458 1554 cui
1499 1520 1626 1566 imperio
1665 1530 1765 1554 omnes
1798 1525 1920 1564 gentes,

1248 1581 1344 1616 reges,
1382 1571 1534 1610 naticnes,
1567 1569 1688 1614 partim
1715 1569 1765 1610 vi,
1797 1567 1922 1613 partim

1249 1618 1424 1660 voluntate,
1451 1617 1670 1664 consenserunt,
1695 1629 1763 1652 cum
1785 1623 1843 1650 aut
1865 1626 1922 1649 ar-

1251 1669 1320 1709 mis,
1345 1675 1402 1701 aut
1431 1666 1637 1706 liberalitate,
1663 1677 1684 1699 a
1712 1664 1824 1711 populo
1853 1664 1921 1699 Ro-

1253 1727 1343 1751 mano
1350 1716 1496 1760 superati
1513 1714 1612 1761 effe-nt,
1638 1713 1684 1748 ad
1696 1714 1731 1759 se
1746 1713 1923 1759 transferre

1249 1764 1385 1799 tantulis
1402 1763 1527 1798 viribus
1545 1770 1743 1797 conarentur.
1788 1760 1922 1806 Quaeret

1249 1813 1373 1861 aliquis.
1421 1811 1514 1859 Qid
1544 1810 1737 1858 Fregellani,
1775 1822 1833 1845 non
1858 1810 1922 1856 sua

1242 1863 1350 1909 sponte
1366 1862 1467 1896 conati
1474 1861 1552 1906 sunt
1564 1862 1580 1895 ?
1608 1862 1656 1896 Eo
1683 1858 1803 1907 quidem
1821 1862 1921 1893 minus

1251 1911 1300 1955 isti
1308 1910 1410 1956 facile
1426 1918 1624 1952 conarentur,
1651 1920 1722 1956 quo,
1746 1907 1794 1942 illi
1820 1919 1920 1954 quem-

1251 1959 1412 1995 admodum
1431 1958 1590 2006 desciffent,
1616 1956 1778 1992 videbant.
1830 1956 1923 1992 Nam

1252 2021 1356 2044 rerum
1372 2009 1524 2054 imperiti,
1550 2008 1600 2054 qui
1626 2004 1852 2052 utiiustiy'usque
1875 2007 1923 2038 rei

1252 2057 1289 2092 de
1318 2057 1410 2092 rebus
1441 2064 1515 2091 ante
1538 2055 1632 2102 gestis
1660 2054 1795 2100 exempla
1818 2062 1924 2099 petere

1254 2118 1312 2141 non
1326 2105 1457 2152 pffcnt,
1482 2106 1506 2140 ii
1529 2114 1589 2151 per
1611 2102 1853 2149 inprudentiam
1861 2103 1923 2148 sa-

1252 2154 1364 2190 cillinte
1391 2153 1585 2189 deducuntur
1612 2154 1647 2187 in
1665 2151 1823 2193 fraudem.
1876 2153 1924 2187 At

1251 2206 1289 2245 ii,
1315 2205 1368 2251 qui
1376 2203 1492 2249 sciunt,
1509 2200 1584 2249 quid
1598 2201 1670 2236 aliis
1692 2199 1852 2241 acciderit,
1861 2199 1922 2246 fa-

1253 2252 1308 2287 tile
1332 2263 1369 2287 ex
1393 2251 1526 2286 aliorum
1553 2259 1677 2290 eventu,
1695 2250 1766 2294 ‚titis
1788 2251 1922 2283 rationi-

1253 2301 1309 2336 lm
1333 2300 1451 2348 poffimt
1467 2298 1645 2346 providere.
1699 2297 1802 2334 Nulla
1826 2299 1925 2344 igitur

1253 2360 1289 2384 re
1304 2349 1436 2391 indubii.
1463 2347 1549 2384 nulla
1557 2349 1613 2396 spe
1622 2347 1719 2393 sreti.
1746 2358 1838 2382 arna
1854 2345 1925 2391 sus·

1253 2397 1394 2434 tulerunt
1408 2400 1425 2431 ι’
1460 2397 1544 2444 Qis
1569 2397 1622 2431 boc
1647 2394 1767 2438 credat,
1798 2402 1925 2430 tantun

1254 2450 1423 2483 amentiam
1449 2457 1628 2494 quemquam
1658 2443 1790 2491 tenutffe,
1816 2452 1850 2478 ut
1866 2445 1924 2478 in-

1252 2498 1375 2544 pertun
1382 2496 1491 2544 populi
1504 2495 1642 2532 Ronmm‘
1650 2500 1774 2532 tentare
1786 2491 1925 2534 auderet,
