2241 2994
653 217 1500 262 PHILOSOPHORUM.

391 320 481 353 nem,
500 322 541 345 ne
564 307 719 345 interitus
733 319 767 345 et
783 310 954 358 diffipatio
973 323 1055 346 con-

389 358 596 406 sequeretur.
621 355 660 390 de
677 359 761 394 Nat.
781 361 919 394 Deorum
934 360 960 394 Ι.
979 371 1036 404 25.

437 409 530 443 Deos
550 408 666 442 beatos
683 407 758 449 effe,
784 418 817 443 et
837 418 994 443 aeternos.
1020 409 1056 443 de

387 456 492 491 Finib.
511 456 554 490 11.
575 467 632 502 27.

436 505 593 539 Deorum
626 517 731 553 opera
774 505 944 540 mundum
986 517 1054 540 non

386 553 451 587 esse
467 552 674 589 fabricatum
688 571 698 595 ·‚
716 554 770 589 sed
783 566 825 588 ex
844 564 1053 596 atomorum,

387 601 421 636 id
438 601 497 642 est,
527 602 787 638 individuorum
811 613 844 637 et
867 602 1054 638 solidorum

385 662 587 698 corporum,
611 664 694 699 quae
713 651 773 687 suo
790 651 946 686 deorsum
967 664 1053 699 pon-

385 699 464 734 dere
491 700 534 734 ad
563 701 688 735 lineam
711 701 879 735 ferrentur
903 701 982 747 (qui
1007 701 1055 736 est

385 749 549 783 naturalis
574 749 732 784 omnium
760 760 948 795 corporum
981 761 1052 784 mo-

385 797 458 839 tus)
485 797 800 844 complexionibus,
825 807 859 831 et
886 798 1054 845 copulati-

383 845 525 888 onibus,
558 856 593 881 et
621 845 939 881 adhaefitationibus
969 847 1055 882 inter

383 893 428 936 se,
437 895 621 937 mundum,
632 895 818 942 omnesque
830 905 941 941 partes
953 907 1053 930 mun-

383 943 431 984 di,
458 955 610 990 quaque
634 944 668 978 in
692 956 733 979 eo
749 944 865 987 essent,
890 944 991 980 effici.
1017 944 1054 979 de

385 992 517 1027 Finibus
535 993 561 1028 1.
583 993 616 1028 6.

433 1041 549 1076 Solem
567 1041 663 1088 quasi
681 1041 850 1089 pedalem,
877 1051 937 1076 aut
955 1041 1051 1090 bipe-

382 1089 508 1133 dalem,
534 1091 628 1137 poffe
652 1092 754 1125 etiam
781 1090 949 1126 minorem
975 1092 1051 1135 esse,

382 1150 490 1185 quam
510 1139 677 1181 videatur,
705 1149 765 1173 aut
793 1138 970 1186 majorem,
997 1140 1052 1175 sed

382 1199 452 1222 non
471 1188 604 1223 multo:
635 1198 674 1223 ut
687 1188 780 1223 oculi
799 1198 858 1223 aut
876 1189 974 1232 nihil,
993 1199 1053 1225 aut

382 1248 452 1271 non
470 1237 622 1271 multum
637 1237 856 1272 mentiantur.
895 1238 974 1274 Luc.
992 1239 1050 1275 26.

380 1295 415 1320 et
430 1285 467 1320 de
482 1285 588 1321 finib.
610 1287 636 1320 Ι.
657 1288 688 1320 6.

431 1335 629 1381 Nunquam
663 1333 774 1369 sensus
807 1335 956 1377 mentiri,
996 1335 1051 1371 sed

380 1394 500 1418 omnes
517 1395 616 1418 veros
636 1383 712 1425 effe,
739 1384 773 1418 in
795 1383 902 1431 iisque
918 1383 1052 1430 judicia

381 1444 495 1468 rerum
513 1432 634 1480 posita.
675 1433 842 1479 Quorum
857 1433 881 1468 fi
899 1445 990 1468 unus
998 1433 1050 1478 se-

380 1481 442 1515 mel
457 1481 491 1516 in
511 1481 584 1517 vita
605 1481 769 1516 mentitus
792 1481 846 1521 fit,
876 1481 1050 1517 sublatum

379 1530 444 1564 effe
461 1541 564 1565 omne
575 1529 750 1576 judicium
768 1530 840 1565 veri
855 1541 890 1566 et
902 1530 987 1566 falfi.
1013 1531 1050 1566 de

379 1579 484 1614 Finib.
504 1579 531 1614 Ι.
552 1589 583 1623 7.
611 1588 645 1613 et
666 1580 741 1614 Luc.
764 1591 782 1614 2
790 1592 823 1624 5.

429 1627 578 1663 Nullam
597 1627 631 1662 in
649 1636 771 1662 natura
785 1640 898 1664 rerum
911 1631 1046 1664 neceffi-

379 1685 494 1711 tatem.
521 1678 603 1712 Luc.
625 1688 682 1722 30.

427 1725 636 1772 Opinionem
651 1737 669 1760 a
683 1725 923 1773 perspicuitate
937 1725 1044 1773 sejun-

378 1774 539 1821 gendam,
566 1786 648 1821 quae
665 1774 738 1809 veri
756 1775 942 1810 conturbat
961 1787 1042 1822 cog-

377 1822 554 1858 nitionem.
582 1824 661 1858 Luc.
687 1836 740 1867 14.

427 1872 616 1920 Qudquid
641 1882 699 1906 aut
727 1871 778 1913 fit,
806 1881 866 1906 aut
889 1872 960 1914 fiat,
988 1885 1044 1909 na-

377 1922 547 1956 turalibus
566 1921 637 1956 fieri
652 1930 711 1955 aut
728 1920 859 1955 faetum
877 1922 941 1956 effe
959 1934 1046 1969 pon-

376 1969 515 2005 deribus
528 1980 561 2005 et
581 1970 746 2004 motibus,
773 1969 808 2004 de
825 1970 929 2005 Finib.
952 1971 978 2006 1.

425 2019 574 2054 Pecudis
586 2029 620 2054 et
630 2018 778 2054 hominis
793 2018 883 2053 idem
900 2020 1043 2055 bonum.

375 2067 476 2103 Acad.
497 2069 525 2103 Ι.
551 2080 583 2103 2.

426 2117 487 2151 Ad
515 2118 730 2164 voluptatem
756 2125 790 2150 et
816 2115 984 2159 dolorem,
1011 2127 1046 2153 et

376 2177 458 2212 quae
477 2165 666 2213 fugiamus,
691 2178 724 2202 et
747 2177 830 2211 quae
849 2166 1044 2213 sequamur,

376 2213 490 2248 referri
509 2215 636 2249 omnia.
667 2215 704 2249 de
721 2215 824 2252 Fr'm'b.
849 2216 875 2250 I.
897 2228 918 2262 9
949 2227 983 2250 et
998 2217 1040 2252 ΙΙ.

377 2275 435 2309 33.
464 2275 582 2298 omnes
612 2264 714 2299 animi
742 2275 776 2300 et
794 2264 992 2311 voluptates
1009 2275 1043 2300 et

375 2313 510 2347 dolores
538 2313 580 2346 ad
610 2315 763 2360 corporis
789 2315 986 2361 voluptates
1009 2324 1043 2349 et

375 2360 510 2395 dolores
529 2364 703 2408 pertinere.

424 2410 602 2444 Ultimum
618 2411 789 2446 bonorum
805 2411 838 2446 in
850 2411 1043 2458 voluptate,

376 2457 481 2504 idque
499 2458 645 2493 sensibus·
658 2459 821 2506 judicari,
843 2471 876 2494 et
891 2472 1042 2495 tommo.

375 2508 458 2551 veri,
490 2517 530 2543 ut
552 2520 593 2543 ne
623 2510 934 2556 argumentandum
965 2510 1042 2556 qui-

1695 229 1773 283 383

1105 311 1183 345 dem
1199 312 1241 346 de
1257 324 1298 347 eo
1318 314 1366 348 fit.
1384 314 1422 349 de
1436 315 1540 351 Finib.
1561 317 1587 353 Ι.
1606 330 1640 364 9.
1657 319 1701 354 11.
1721 332 1775 356 12.

1104 369 1138 393 et
1158 361 1220 395 111.
1246 373 1272 395 1.
1314 363 1515 410 Voluptatis
1534 375 1648 401 autem
1669 369 1776 405 verbo

1105 408 1286 454 significari
1324 411 1487 458 saporem,
1522 424 1556 449 et
1586 427 1774 462 corporum

1104 457 1341 504 complexum,
1359 470 1392 494 et
1407 461 1505 496 ludos
1521 472 1624 510 atque
1640 475 1773 508 cantus,

1103 514 1137 539 et
1150 504 1278 540 formas
1292 518 1359 549 eas,
1373 509 1502 554 quibus
1516 511 1774 558 oculijucunde

1105 565 1320 590 moveantur.
1359 557 1445 600 Tusc.
1466 559 1530 593 111.
1553 570 1608 594 20.
1783 589 1786 591 >

1154 603 1340 639 Summum
1373 606 1502 640 malum
1532 607 1698 644 dolorem.
1736 610 1773 645 de

1103 651 1207 686 finib.
1227 653 1253 687 1.
1273 665 1306 700 9.
1333 663 1368 688 et
1384 653 1472 699 Tufi.
1493 655 1536 689 ΙΙ.
1562 669 1616 702 19.

1154 699 1247 735 Inter
1263 702 1481 749 voluptatem
1497 714 1532 738 et
1549 705 1704 740 dolorem
1721 708 1771 742 ni-

1104 748 1153 783 hil
1168 750 1330 785 medium.
1362 752 1455 786 Nam
1469 753 1565 788 omni
1579 755 1699 789 dolore
1716 768 1771 790 ca-

1104 809 1187 839 rere,
1222 811 1291 834 non
1318 800 1423 835 modo
1453 802 1669 850 voluptatem
1694 805 1772 848 effe,

1103 858 1224 881 verum
1237 848 1339 883 etiam
1353 849 1522 885 summam
1536 852 1770 899 voluptatem3

1103 906 1178 929 eam
1212 896 1303 931 enim
1334 899 1463 945 augeri,
1498 900 1773 949 amplificarique

1104 955 1173 978 non
1191 945 1294 991 poffe.
1320 946 1357 981 de
1373 947 1480 982 Finib.
1506 948 1534 984 Ι.
1557 961 1604 984 11.
1632 960 1665 985 et
1681 951 1770 997 Tusc.

1103 992 1166 1028 111.
1194 1005 1252 1029 20.

1153 1042 1239 1077 Non
1261 1043 1428 1079 minorem
1454 1046 1586 1093 percipi
1609 1047 1770 1095 volupta-

1102 1099 1171 1125 tem
1189 1100 1232 1126 εκ
1250 1093 1548 1140 contemptissimis
1561 1094 1642 1130 escis
1659 1106 1693 1131 et
1706 1109 1770 1144 po-

1102 1139 1268 1184 tionibus,
1294 1153 1401 1188 quam
1429 1143 1530 1179 rebus
1556 1145 1770 1191 exquisitissi-

1102 1187 1166 1223 mis
1185 1189 1226 1224 ad
1239 1191 1464 1237 epulandum.
1480 1191 1516 1227 de
1531 1194 1635 1228 Finib.
1649 1194 1695 1229 11.
1710 1197 1767 1231 28.

1151 1237 1396 1285 Cupiditatum
1416 1240 1479 1274 tria
1496 1254 1631 1288 genera,
1658 1255 1771 1279 unum

1101 1297 1231 1329 earum,
1239 1299 1320 1335 quae
1330 1289 1433 1324 essent
1444 1299 1478 1324 et
1489 1292 1657 1326 naturales
1666 1302 1700 1326 et
1712 1305 1768 1328 ne-

1101 1336 1269 1372 ceffariae:
1306 1337 1464 1379 alterum,
1492 1351 1572 1385 quae
1599 1342 1769 1377 naturales

1100 1383 1216 1428 essent,
1235 1397 1296 1420 nec
1311 1396 1423 1421 tamen
1438 1388 1647 1424 neceffariae:
1672 1390 1768 1425 terti·

1102 1444 1175 1475 um,
1198 1445 1280 1480 quae
1299 1446 1360 1469 nec
1379 1436 1561 1479 naturales,
1579 1449 1640 1472 nec
1659 1439 1768 1474 neces-

1100 1481 1215 1517 sariae:
1244 1495 1395 1530 quarum
1421 1495 1483 1519 nec
1510 1486 1635 1522 modus
1662 1487 1768 1531 ullus,

1101 1542 1162 1565 nec
1183 1531 1261 1566 finis
1287 1532 1431 1567 inveniri
1455 1534 1577 1581 potest.
1604 1534 1641 1571 de
1661 1536 1767 1573 Finib.

1098 1579 1145 1614 ΙΙ.
1160 1591 1193 1626 9.
1213 1580 1274 1614 ubi
1292 1581 1563 1628 reprehenditur,
1578 1585 1675 1629 quod
1689 1597 1768 1632 par-

1099 1637 1167 1662 tem
1187 1629 1219 1663 in
1238 1641 1360 1676 genere
1376 1641 1542 1666 numeret.
1585 1633 1768 1680 Cupidita-

1098 1686 1174 1711 tum
1191 1679 1283 1712 enim
1297 1679 1360 1713 esse
1374 1680 1445 1714 duo
1463 1692 1597 1726 genera,
1630 1693 1767 1718 natura-

1098 1725 1144 1760 les
1167 1735 1202 1760 et
1226 1726 1359 1762 inanes:
1389 1730 1598 1764 naturalium
1624 1742 1767 1779 quoque

1098 1773 1178 1809 item
1196 1775 1280 1818 duo,
1306 1777 1500 1812 neceffarias
1516 1787 1550 1813 et
1569 1790 1637 1813 non
1656 1781 1766 1816 neces-

1097 1822 1207 1859 sarias.

1148 1874 1232 1907 Non
1250 1874 1341 1920 poffe
1353 1872 1509 1920 jucunde
1526 1876 1611 1919 vivi,
1636 1878 1696 1913 nifi
1715 1878 1766 1913 sa-

1096 1921 1239 1968 pienter,
1260 1922 1407 1965 honeste,
1427 1923 1588 1972 justeque
1604 1927 1763 1970 vivatur,

1095 1982 1157 2005 nec
1188 1970 1363 2018 sapienter,
1393 1973 1541 2015 honeste,
1571 1973 1673 2021 juste,
1703 1978 1764 2012 nisi

1089 2017 1256 2065 jucunde.
1284 2021 1320 2055 de
1342 2022 1447 2057 Finib.
1467 2023 1493 2058 Ι.
1519 2028 1572 2059 18.
1591 2035 1625 2059 et
1644 2025 1688 2060 lI.
1712 2027 1762 2062 16.

1147 2069 1236 2103 Rem
1254 2070 1387 2105 definiri
1406 2083 1473 2106 non
1492 2072 1634 2120 placere.
1654 2074 1690 2108 de
1706 2075 1761 2109 Fi-

1095 2117 1184 2151 nibus
1206 2119 1247 2153 ΙΙ.
1271 2130 1302 2153 2.

1144 2167 1339 2214 Sapientem
1363 2167 1491 2214 semper
1516 2169 1581 2203 effe
1609 2169 1766 2213 beatum,

1094 2215 1206 2250 finitas
1226 2216 1347 2251 habere
1365 2217 1582 2263 cupiditates,
1610 2219 1762 2265 neglige-

1094 2276 1127 2299 re
1146 2276 1301 2300 mortem.
1329 2268 1366 2299 de
1384 2266 1488 2300 hinib.
1509 2266 1536 2300 1.
1558 2277 1607 2313 19.

1141 2314 1339 2348 Honestum
1353 2313 1466 2360 expeti
1480 2323 1621 2361 propter
1633 2316 1760 2364 volup·

1093 2371 1217 2397 tatem:
1247 2363 1308 2409 qui
1327 2373 1463 2409 negant,
1489 2375 1546 2397 eos
1566 2364 1656 2398 inani
1675 2377 1760 2400 voce

1093 2411 1230 2452 sonare·,
1256 2412 1293 2446 de
1310 2412 1413 2446 I-i'mb.
1434 2411 1478 2446 11.
1501 2424 1548 2457 15·
1577 2412 1644 2454 vel,
1661 2413 1760 2449 utest

1093 2460 1126 2494 in
1156 2460 1244 2505 Tusc.
1270 2460 1333 2495 111.
1356 2462 1403 2495 18.
1431 2472 1533 2495 voces
1551 2460 1664 2499 inanes
1678 2462 1760 2498 fun-

1092 2509 1180 2547 dere.
1221 2508 1277 2544 Sic
1298 2510 1389 2545 enim
1403 2509 1623 2557 loquebatur.
