2335 3009
751 222 1349 264 FRAGMENTA.

361 320 406 358 Si
416 320 484 372 jus
496 321 630 375 fizstque
642 321 789 372 sinunt,
818 322 959 374 longum
986 321 1143 361 deducite
1174 337 1329 363 carmen.

363 386 512 423 Caetera
539 386 727 424 labuntur
755 386 872 424 celeri
902 386 1065 424 caelestia
1094 396 1223 432 motu,

361 450 467 487 Cum
487 450 662 503 caeloque
681 451 796 489 fimul
817 451 1025 504 no&esque
1045 451 1203 504 diesque
1222 451 1403 491 feruntur
1420 472 1431 498 ς

358 516 456 553 Axis
472 525 514 553 at
533 516 694 555 immotus
712 531 894 570 nunquam
912 516 1061 570 vestigia
1077 525 1211 562 mutat,

361 580 432 619 Sed
446 590 543 621 tenet
560 583 695 636 aequoli
707 583 861 622 libratas
871 582 1026 636 pondere
1042 592 1164 621 terras
1180 601 1193 628 ς

359 647 471 699 Quem
489 647 623 687 circum
641 663 768 703 magno
771 649 818 700 se
836 649 955 688 volvit
974 648 1118 687 turbine
1136 647 1272 687 caelum.

360 713 651 766 Extremusque
671 715 764 753 adeo
785 715 936 767 duplici
961 714 1008 752 de
1027 714 1183 753 cardine
1203 722 1335 753 vertex

358 777 523 817 Dicitur
542 779 614 817 effe
636 780 771 825 Polus,
801 793 949 833 quorum
968 779 1027 818 hic
1044 793 1112 818 non
1131 779 1308 825 cernitur,
1337 778 1393 817 ille

359 842 429 881 Ad
443 844 610 890 Boream,
642 845 780 884 Oceani
781 847 921 898 Jt'tpera
939 845 1089 897 confinia
1107 844 1221 883 tendit
1236 860 1250 882 :

358 909 472 959 Qem
490 910 640 963 cingunt
660 911 763 964 Utsae
780 911 927 950 celebres
945 910 1142 963 cognomine
1162 909 1336 963 Plaustri,

360 975 469 1026 Qas
491 976 610 1014 nostri
630 976 779 1029 septem
800 976 904 1014 soliti
925 976 1094 1014 vocitare
1114 975 1299 1014 Triones.

360 1040 529 1079 Alterius
547 1050 670 1094 caput,
699 1041 849 1080 alterius
853 1041 1088 1094 flammantia
1105 1050 1225 1092 terga,

360 1105 519 1158 Aspicit,
549 1107 652 1160 inque
669 1107 781 1145 vicem
792 1115 930 1160 pronas
947 1107 1049 1159 rapit
1068 1105 1161 1144 orbis
1180 1107 1217 1144 in
1235 1106 1321 1158 ipsos

362 1171 560 1224 Converfizs
576 1172 747 1211 humeros.
781 1173 908 1216 Creta,
923 1172 967 1223 fi
981 1171 1120 1210 credere
1124 1171 1196 1224 fas
1214 1171 1272 1223 est,

360 1235 430 1274 Ad
444 1237 525 1275 caeli
538 1237 671 1276 nitidas
689 1251 788 1276 arces
806 1251 934 1276 venere
951 1236 1077 1275 reIiHa
1091 1252 1106 1275 .·

359 1301 518 1353 Jupiter
535 1302 599 1340 hoc
618 1302 746 1347 voluit,
777 1316 876 1355 quem
881 1301 956 1352 sttb
975 1299 1057 1339 bene
1075 1300 1246 1339 olentibus
1263 1300 1379 1339 herbis

360 1364 561 1405 Ludentem
579 1367 692 1406 Diffi
703 1376 816 1420 grato
827 1366 972 1420 pcfiiere
975 1365 1052 1418 sub
1069 1374 1192 1410 antro,

359 1430 496 1470 Jdaeum
515 1431 567 1470 ad
581 1441 744 1478 montem,
774 1441 954 1485 totumque
972 1431 1090 1470 aluere
1101 1439 1171 1484 per
1188 1444 1336 1476 annum,

360 1498 563 1536 Saturnum
563 1498 715 1550 fallunt
733 1497 815 1537 dum
832 1497 978 1537 Diaaei
994 1497 1226 1551 Corybantes.

361 1563 425 1600 Ex
445 1561 507 1600 his
528 1563 648 1601 altera
666 1564 769 1615 apud
791 1563 932 1602 Graios
955 1562 1156 1615 Cynosura
1175 1569 1351 1607 vocatur,

361 1627 499 1665 Altera
516 1627 664 1666 dicitur
683 1628 755 1666 effe
777 1627 935 1672 Helice,
965 1641 1046 1681 quae
1064 1626 1236 1681 monstrat
1254 1626 1413 1666 Achivis

361 1693 408 1730 In
420 1692 547 1745 pelago
563 1692 671 1732 navis
690 1707 755 1745 quo
759 1693 817 1744 stt
836 1692 1024 1738 vertenda,
1043 1691 1112 1745 sed
1128 1692 1191 1730 illa

360 1758 408 1797 Se
426 1758 555 1796 fidunt
575 1758 673 1797 duce
694 1761 883 1797 nocturna
904 1757 1111 1797 Phoenices
1134 1758 1174 1794 in
1195 1756 1290 1795 alto.

364 1823 436 1862 Sed
456 1825 563 1876 prior
582 1824 651 1861 illa
670 1825 794 1876 magis
816 1823 935 1861 stellis
954 1817 1339 1873 distincia'refulgess

362 1890 416 1927 Et
436 1889 512 1927 late
532 1890 659 1942 prima
678 1889 885 1928 confestim
906 1890 1019 1927 noete
1039 1887 1206 1926 videtur.

362 1955 461 1993 Haec
480 1969 571 1993 vero
592 1968 706 2008 parva
724 1955 792 2001 est,
823 1955 886 1993 sed
906 1956 1034 1993 nautis
1056 1954 1144 1992 usus
1165 1954 1207 1991 in
1226 1951 1300 1991 hac
1321 1952 1398 1991 est:

363 2021 470 2059 Nam
490 2021 602 2059 cursu
625 2022 809 2060 interiore
829 2020 936 2059 brevi
956 2020 1199 2058 convertitur
1218 2018 1328 2064 orbe,

364 2085 541 2140 Signaque
561 2085 709 2125 Sidoniis
727 2086 897 2138 monstrat
915 2085 1100 2137 certg’ffi'ma
1118 2084 1253 2123 nautis.

363 2150 447 2189 Has
468 2152 583 2198 inter,
613 2153 736 2191 veluti
757 2152 892 2205 rapido
912 2165 1004 2190 curn
1025 2151 1181 2203 gurgite
1202 2150 1364 2195 flumen,

364 2217 514 2255 Torvu‘
535 2219 666 2256 Draco
685 2218 817 2271 serpit,
849 2218 980 2256 subter
1000 2217 1213 2270 superaque
1233 2215 1432 2254 revolvens

365 2282 464 2327 Sese,
492 2283 780 2336 conficiensque
800 2284 902 2322 finus
923 2297 944 2321 e
963 2296 1125 2335 corpore
1146 2282 1282 2326 flexos,

364 2350 460 2400 Quos
479 2349 562 2387 cani
575 2358 732 2401 tangunt
751 2351 917 2389 immunes
931 2349 1093 2402 gurgitis
1110 2346 1255 2386 Ara‘loi.

366 2416 497 2453 Verum
516 2414 592 2453 haec
610 2424 777 2454 extremae
794 2414 1040 2454 circumdatur
1057 2414 1195 2467 agmine
1213 2411 1348 2457 caudae,

365 2482 448 2533 Qu
453 2481 572 2535 spirae
575 2481 680 2533 finus
699 2481 743 2533 cst
762 2481 967 2521 involvitur
983 2481 1102 2520 altera
1120 2479 1216 2519 caelo.

1366 2542 1395 2581 P
1426 2554 1449 2582 2

1672 239 1744 279 115

1695 467 1744 492 20

1698 792 1748 832 25

1701 1119 1751 1158 30

1701 1445 1752 1485 35

1697 1770 1750 1806 40

1701 2422 1752 2464 50
