2335 3009
552 261 630 289 202

553 345 668 380 amari.
721 344 819 387 Item,
858 346 988 380 Veniam
1017 344 1061 380 ad
1094 357 1164 387 vos,
1188 345 1224 388 st

554 395 633 428 mihi
662 392 792 438 senatus
822 393 872 429 det
906 397 1044 429 veniam.
1097 396 1135 430 ln
1170 394 1221 430 his

555 451 707 488 quatuor
732 443 914 489 generibus
941 443 1220 485 exornationum,

556 502 639 537 quae
669 491 781 525 adhuc
810 491 996 539 propofitae
1025 492 1115 534 sunt,
1153 504 1221 527 non

558 538 674 585 inopia
699 539 885 575 verborum
912 541 964 582 fit,
991 550 1031 575 ut
1060 541 1102 574 ad
1132 541 1223 576 idem

556 589 704 623 verbum
723 588 877 623 redeatur
894 588 1017 637 saepius
1033 606 1042 630 ;
1069 589 1123 623 sed
1142 589 1224 623 inest

557 635 722 672 festivitas
758 637 935 690 quaedam,
975 649 1056 685 quae
1085 636 1222 672 facilius

558 685 699 720 auribus
739 685 931 732 dijudicari,
970 698 1076 733 quam
1110 686 1224 721 verbis

558 733 793 777 demonstrari,
820 734 939 782 potest.

608 782 692 818 XV.
743 782 929 818 Contentio
961 783 1022 826 est,
1067 794 1148 818 cum
1182 794 1224 818 ex

559 830 737 866 contrariis
754 831 867 866 verbis
896 841 956 866 aut
985 832 1087 866 rebus
1115 831 1226 867 oratio

559 880 755 921 conficitur,
774 880 839 915 hoc
857 880 981 928 paeto:
1009 881 1116 916 Habet
1133 879 1226 926 affin-

559 930 640 963 tatio
646 928 792 975 jucunda
807 931 976 975 principia,
1003 928 1107 963 eadem
1128 931 1228 964 exitus

559 976 757 1021 amarffmos
774 977 880 1024 affert.
925 979 1024 1020 ltem,
1043 978 1179 1012 Inimicis
1196 985 1228 1012 te

553 1026 753 1073 placabilem,
771 1028 877 1062 amicis
893 1028 1119 1068 inexorabilem,
1140 1037 1225 1072 prae-

559 1075 621 1110 bes.
674 1075 776 1118 Item,
802 1077 839 1111 In
858 1077 920 1110 otio
947 1075 1162 1116 tumultuaris,
1193 1077 1226 1109 in

559 1123 696 1158 tumultu
703 1123 788 1168 salus
804 1135 834 1158 es
856 1123 978 1170 otiosus.
1025 1124 1062 1158 In
1078 1135 1113 1158 re
1120 1123 1223 1169 frigi-

559 1171 675 1216 diffima
701 1172 794 1215 cales,
816 1174 851 1207 in
864 1171 1093 1217 ferventiffima
1109 1171 1223 1218 friges.

559 1222 673 1256 Tacito
701 1232 768 1255 cum
802 1230 876 1267 opus
909 1222 962 1265 cst,
1000 1221 1117 1255 clamas
1131 1233 1142 1255 :
1175 1220 1226 1255 ubi

558 1269 642 1317 loqui
680 1272 836 1313 convenit,
871 1269 1058 1315 obmutescis.
1109 1269 1191 1305 Ades
1207 1271 1225 1304 ἓ

559 1318 656 1365 abeffl·
679 1321 756 1353 vis.-
783 1319 854 1353 abes
867 1320 885 1354 ἒ
911 1321 1030 1354 reverti
1050 1320 1143 1365 cupis.
1187 1318 1227 1353 In

556 1376 635 1413 pace
649 1367 760 1403 bellum
778 1369 929 1416 quaeritas
943 1380 954 1401 .·
979 1368 1014 1401 in
1030 1366 1107 1402 bello
1116 1376 1226 1413 pacem

557 1416 718 1459 desideras.
764 1425 799 1452 tn
825 1419 964 1451 concione
977 1415 1015 1450 de
1039 1418 1162 1451 virtute
1182 1416 1224 1450 lo-

557 1467 671 1512 queris,
695 1467 728 1500 in
747 1465 860 1511 praelio
886 1474 956 1510 prae
981 1465 1116 1511 ignavia
1143 1464 1227 1499 tubae

550 1515 690 1560 sonitum
702 1514 843 1560 perferre
859 1525 918 1548 non
929 1522 1027 1559 potes.
1064 1514 1149 1548 Hoc
1166 1524 1224 1561 ge-

562 1575 641 1598 nere
658 1563 680 1598 li
698 1562 947 1610 distinguemus
963 1562 1166 1605 orationem,
1191 1571 1226 1597 et

561 1611 672 1647 ornati
681 1621 715 1647 et
725 1623 844 1660 graves
858 1611 1047 1659 poterimus
1059 1611 1133 1646 effe.
1154 1611 1226 1646 Ex-

561 1660 722 1696 clamatio
747 1660 806 1702 est,
833 1672 916 1708 quae
943 1660 1083 1696 conficit
1101 1659 1226 1706 fignifi-

561 1709 731 1744 cationem
758 1709 900 1752 doloris,
932 1719 993 1744 aut
1021 1708 1226 1756 indignatio-

563 1757 615 1792 nis
658 1757 815 1806 alicujus,
862 1769 924 1806 per
965 1757 1126 1799 hominis,
1169 1766 1230 1792 aut

562 1806 671 1849 urbis,
698 1817 758 1842 aut
778 1806 857 1849 loci,
885 1816 945 1841 aut
962 1805 1007 1841 rei
1025 1805 1228 1854 cujuspiam,

563 1855 874 1904 compellationem,
917 1855 983 1891 hoc
1017 1855 1146 1890 modo:
1185 1855 1230 1890 Te

564 1917 643 1939 nunc
669 1904 820 1952 alloquor,
846 1904 1010 1948 Africane,
1035 1905 1121 1950 cty'us
1146 1915 1227 1938 mor·

564 1955 614 1988 tui
630 1965 742 2001 quoque
758 1965 863 1989 nomen
883 1951 1040 2000 splendori
1065 1965 1103 1987 ac
1132 1952 1231 1988 decori

563 2003 602 2046 est
620 2004 760 2037 civitati.
804 2003 865 2037 Tui
883 2001 1033 2046 clariffimi
1049 2009 1165 2048 nepotes
1173 2001 1230 2047 fico

555 2054 708 2097 sanguine
724 2052 868 2085 asuerum
886 2053 1078 2085 inimicorum
1101 2050 1229 2084 crudeli.

565 2107 674 2134 tatem.
721 2101 817 2142 ltem,
844 2100 874 2133 0
888 2099 1053 2145 perfidiofie
1071 2099 1229 2145 Fregellae,

564 2162 655 2196 quam
664 2149 764 2196 facile
772 2149 884 2195 scelere
896 2149 996 2193 veltro
1013 2149 1229 2193 contabuistts!

565 2205 614 2240 ut,
639 2198 724 2245 cujus
751 2200 834 2232 nitor
865 2197 951 2232 urbis
980 2197 1107 2231 Italiam
1138 2207 1232 2243 nuper

564 2249 748 2291 iliitstravit.
775 2249 838 2295 ty'us
864 2259 942 2281 nunc
968 2249 1027 2281 vix
1046 2245 1229 2286 fundamen-

565 2306 667 2330 torum
686 2297 821 2344 reliqum-
837 2303 994 2329 maneant.
1046 2295 1142 2333 Item.
1171 2297 1229 2330 Bo-

564 2358 671 2380 norum
701 2345 892 2389 insidiatores
924 2344 1088 2378 latrocinio
1125 2345 1228 2377 vitam

564 2395 790 2438 annotenttffimi
816 2396 950 2440 cujusque
971 2394 1113 2439 petiltis:
1154 2401 1225 2426 tan-

566 2453 668 2476 tamne
685 2456 719 2477 cx
740 2445 904 2490 iniquitate
911 2441 1102 2487 judiciorum
1119 2443 1228 2485 vestris

563 2503 725 2527 cmummts
745 2493 890 2539 aſjumitis
900 2491 1089 2538 facultatcm
1102 2492 1120 2527 ,ἲ
1148 2490 1226 2526 Hac

861 249 1640 290 RHETORICORUM

1270 345 1518 382 exclamatione
1553 347 1576 382 st
1612 347 1690 383 loco
1720 355 1870 391 utemur,
1905 358 1941 384 et

1272 406 1359 437 raro,
1384 405 1419 430 et
1435 407 1516 430 cum
1536 395 1582 431 rei
1600 396 1804 444 magnitudo
1821 397 1939 445 postu-

1270 444 1338 478 lare
1364 443 1550 486 videbitur,
1575 445 1619 479 ad
1648 457 1754 492 quam
1780 446 1939 481 volemus

1271 492 1540 538 indignationem
1580 492 1734 528 animum
1773 495 1940 530 auditoris

1272 541 1494 575 adducemus.
1534 541 1762 589 Interrogatio
1779 555 1848 578 non
1865 555 1941 578 om·

1274 589 1325 623 nis
1342 589 1456 635 gravis
1473 588 1534 631 est,
1561 601 1672 636 neque
1688 590 1870 633 concinna,
1885 591 1941 626 sed

1272 637 1359 678 haec,
1395 649 1490 684 quae,
1528 648 1609 672 cum
1638 649 1836 674 enumerata
1864 639 1943 675 sunt

1272 697 1323 727 ea,
1349 697 1431 733 quae
1463 685 1591 721 obsunt
1607 687 1718 722 causae
1736 687 1942 723 adversario-

1275 745 1365 776 rum,
1391 734 1574 769 confirmat
1591 734 1798 783 superiorem
1815 736 1941 772 oratio-

1275 793 1366 824 nem,
1399 782 1464 817 hoc
1490 783 1616 830 paeto:
1651 784 1728 820 Cum
1749 787 1850 832 igitur
1878 785 1943 820 hoec

1275 834 1375 866 omnia
1391 832 1528 878 faceres,
1553 831 1676 876 diceres,
1699 832 1943 876 administram,

1276 889 1383 916 utrum
1399 882 1516 915 animos
1535 881 1691 927 fhciorum
1718 882 1760 917 ab
1786 881 1944 928 republica

1276 929 1454 964 removebas
1491 937 1522 963 et
1552 929 1710 965 alienabas
1724 957 1735 974 ,
1775 942 1819 965 an
1851 933 1941 966 non?

1278 978 1338 1020 Et,
1358 986 1464 1012 utrum
1477 978 1608 1025 aliquem
1626 982 1772 1014 exornari
1789 982 1941 1026 oportuit,

1275 1028 1330 1074 qui
1345 1028 1401 1072 ista
1417 1026 1607 1072 prohiberet,
1633 1038 1672 1061 ac
1689 1028 1764 1071 fieri
1791 1039 1850 1063 non
1855 1029 1940 1072 fine-

1274 1082 1338 1115 ret,
1363 1086 1405 1109 an
1422 1076 1511 1110 non?

1323 1123 1424 1158 XVI.
1442 1123 1676 1159 Ratiocinatio
1691 1124 1753 1167 est,
1766 1136 1944 1173 perquam

1275 1171 1338 1219 ipsi
1371 1183 1391 1206 a
1423 1171 1524 1207 nobis
1558 1172 1723 1208 rationem
1757 1173 1945 1221 poscimus,

1275 1232 1381 1268 quare
1398 1221 1556 1268 quidque
1572 1221 1741 1264 dicamus,
1767 1232 1801 1257 et
1822 1223 1944 1258 crebro

1277 1269 1406 1304 nosmet
1423 1281 1442 1304 a
1472 1269 1572 1305 nobis
1601 1270 1752 1318 petimus
1781 1271 1942 1308 uniuscu-

1269 1317 1396 1365 jusque
1443 1318 1685 1366 proposltionis
1730 1320 1942 1367 explanatio-

1276 1379 1365 1402 nem.
1403 1367 1457 1402 Ea
1472 1367 1519 1402 est
1538 1366 1745 1414 hujusmodi.
1796 1370 1942 1415 Majores

1274 1417 1369 1461 nostri
1382 1415 1507 1463 siquam
1532 1418 1624 1451 unius
1644 1420 1770 1463 peccati
1785 1418 1943 1454 mulierem

1273 1464 1481 1507 damnabant,
1496 1464 1632 1511 simplici
1637 1465 1760 1512 judicio
1777 1467 1944 1502 multorum

1273 1513 1491 1556 maleficiorum
1502 1516 1677 1549 convictam
1684 1515 1846 1560 putabant
1858 1530 1869 1552 .·
1886 1529 1945 1565 quo

1268 1567 1364 1610 pallo
1376 1564 1394 1598 ἓ
1411 1565 1565 1610 quoniam,
1589 1575 1681 1611 quam
1695 1564 1879 1610 impudicam
1885 1567 1943 1612 ju-

1273 1612 1433 1654 dicarant,
1457 1624 1524 1646 eam
1550 1612 1692 1656 veneficii
1715 1625 1829 1661 quoque
1855 1613 1944 1649 dam-

1275 1669 1383 1696 natam
1401 1661 1626 1705 existimabant.
1668 1661 1762 1707 Quid
1775 1664 1823 1696 ita
1836 1664 1855 1698 ?
1871 1665 1946 1710 quia

1276 1709 1381 1756 neceffe
1396 1711 1446 1755 est,
1473 1722 1551 1750 eam,
1573 1722 1640 1757 quae
1647 1711 1741 1756 suum
1759 1721 1869 1757 corpus
1885 1712 1944 1747 ad-

1277 1757 1395 1793 dixerit
1426 1758 1598 1805 turpiffimae
1629 1759 1810 1804 cupiditati,
1836 1762 1946 1797 timere

1273 1807 1457 1853 permultos.
1508 1807 1596 1854 Quos
1612 1808 1712 1853 istos?
1736 1811 1857 1851 virum,
1882 1819 1944 1856 pa-

1278 1864 1388 1898 rentes,
1413 1863 1547 1899 ceteros,
1572 1856 1617 1891 ad
1632 1869 1704 1905 quos
1719 1857 1806 1893 videt
1814 1858 1868 1903 sui
1891 1859 1945 1893 de-

1278 1905 1390 1941 decoris
1406 1905 1570 1949 infamiam
1583 1907 1750 1951 pertinere.
1768 1907 1859 1954 Quid
1866 1909 1944 1953 post·

1279 1955 1343 1988 ea?
1369 1966 1438 2001 quos
1457 1962 1617 2000 tantopere
1632 1957 1753 1996 timeat.
1778 1968 1825 1990 eos
1843 1957 1947 2005 necff

1280 2005 1331 2048 ‘ss’
1359 2010 1408 2044 ut,
1433 2015 1548 2050 quoquo
1577 2003 1662 2038 modo
1675 2003 1773 2050 pfft,
1802 2005 1946 2048 veneficio

1274 2059 1376 2097 petat.
1412 2053 1478 2087 Cur
1491 2054 1509 2086 ?
1525 2055 1598 2099 quia
1615 2052 1700 2088 nulla
1714 2055 1808 2099 potest
1824 2055 1947 2099 honesta

1280 2104 1365 2135 ratio
1389 2103 1520 2135 retinere
1545 2113 1624 2143 eam,
1651 2114 1743 2149 quam
1767 2105 1947 2149 magnitudo

1276 2151 1393 2195 pcccati
1412 2149 1501 2195 facit
1524 2149 1678 2191 timidam.
1704 2152 1946 2197 intemperantia

1279 2197 1436 2240 audacem,
1462 2207 1582 2233 natura
1611 2199 1768 2234 muliebris
1783 2202 1945 2245 inconfide-

1281 2256 1399 2281 ratam.
1451 2247 1540 2294 ‚Quid
1567 2248 1707 2291 veneficii
1732 2248 1946 2287 damnatam?

1280 2295 1382 2342 quid?
1420 2297 1575 2341 putabant
1607 2297 1795 2343 impudicam
1831 2311 1946 2347 quoque

1277 2343 1444 2391 neceffario.
1498 2344 1605 2391 ,Quare
1618 2347 1636 2379 ?
1661 2349 1735 2393 quia
1757 2347 1844 2382 nulla
1854 2349 1944 2394 saci-

1276 2394 1331 2428 lius
1362 2392 1404 2427 ad
1431 2391 1466 2427 id
1498 2393 1679 2436 maleficium
1712 2396 1817 2442 causa,
1871 2409 1943 2432 nan

1276 2443 1377 2488 turpis
1410 2455 1496 2476 amor
1539 2452 1568 2478 ct
1609 2446 1812 2490 intemperans
1847 2411 1943 2481 iibido

1277 2502 1461 2527 tcrnrnovcre
1472 2495 1577 2539 potuit
1593 2506 1602 2527 :
1622 2504 1700 2536 cum,
1719 2494 1805 2539 μείω
1823 2498 1943 2532 animus
