2335 3009
535 235 592 276 74
991 223 1476 267 EPISTOLAE

538 335 606 361 non
625 320 847 361 interierint.
881 324 941 362 At
960 322 1024 362 hoc
1041 322 1167 376 ipsum,
1187 322 1335 377 inquies,
1355 323 1473 378 inique
1477 322 1596 375 facis,
1616 323 1682 378 qui
1696 323 1825 378 hostilis
1840 324 1926 365 ani-

538 387 591 426 mi
606 387 644 426 in
671 386 922 440 rempublicam
946 387 1112 434 homines,
1141 388 1238 427 cives
1256 388 1419 442 appelles.
1464 389 1575 428 Immo
1591 389 1784 442 jullgffime.
1825 389 1934 444 Qod

534 453 626 492 enim
643 453 794 493 nondum
799 454 953 508 senatus
971 454 1118 508 censuit,
1147 468 1211 492 nec
1231 454 1384 508 populus
1408 455 1590 494 Romanus
1605 455 1723 508 jufflt,
1753 455 1795 495 id
1817 469 1926 495 arro-

535 527 674 570 ganter
692 533 761 558 non
774 518 984 572 praejudico,
1017 533 1126 572 neque
1143 533 1270 558 revoco
1288 517 1340 557 ad
1353 518 1550 557 arbitrium
1568 532 1693 558 meum.
1730 519 1834 559 Illud
1844 520 1926 574 qui-

539 583 617 623 dem
636 599 704 624 non
725 595 834 630 muto,
865 585 959 638 quod
972 585 1016 630 ei,
1038 599 1138 638 quem
1156 599 1209 624 me
1228 584 1382 624 occidere
1399 599 1458 623 res
1476 599 1544 624 non
1564 585 1691 638 coegit,
1712 600 1821 640 neque
1839 600 1927 625 cru-

539 650 668 690 deliter
694 651 884 705 quidquam
914 651 1043 704 eripui,
1073 665 1182 704 neque
1200 650 1355 704 dssolute
1373 651 1563 704 quidquam
1581 651 1699 703 remiſs
1710 669 1723 696 ς
1753 651 1929 705 habuique

540 717 579 756 in
597 731 674 756 mea
686 717 872 771 potestate,
903 716 1022 770 quoad
1035 716 1160 756 bellum
1164 717 1266 770 fuit.
1317 717 1442 756 Multo
1461 716 1598 770 quidem
1615 717 1785 768 honestius
1791 717 1928 770 judico,

538 784 718 837 magisque
736 782 830 837 quod
854 783 1037 822 concedere
1049 783 1152 837 poffit
1171 782 1381 836 respublica,
1412 784 1615 836 miserorum
1629 783 1830 836 fortunam
1860 798 1929 823 non

539 848 720 900 irficflari,
759 862 864 902 quam
898 848 1036 900 infinite
1068 848 1229 887 tribuere
1258 847 1478 901 potentibus,
1516 863 1595 902 quae
1628 849 1860 902 cupiditatem
1892 857 1929 888 et

539 915 793 968 arrogantiam
821 914 1003 954 incendere
1024 914 1165 968 possint.
1210 916 1295 966 Qa
1325 915 1362 953 in
1391 929 1443 960 re,
1476 915 1614 961 Cicero,
1644 915 1708 954 vir
1734 915 1862 969 optime
1885 928 1929 954 ac

525 980 734 1034 firtgfflme,
764 980 916 1034 mihique
949 981 1075 1020 merito
1109 990 1144 1020 et
1179 995 1251 1019 meo
1281 980 1417 1019 nomine
1447 989 1484 1019 et
1514 980 1718 1034 reipublicae
1745 981 1829 1020 cari
1862 994 1927 1024 me,

540 1047 645 1086 nimis
662 1045 804 1085 credere
822 1046 956 1085 videris
960 1047 1047 1099 spei
1075 1055 1176 1092 tuae;
1193 1046 1406 1099 statimque,
1436 1055 1480 1084 ut
1509 1046 1651 1100 quisque
1676 1045 1816 1098 aliquid
1836 1047 1931 1085 νεὶ-ῖς

525 1112 682 1165 ficerit,
712 1111 828 1150 omnia
846 1111 934 1150 dare
951 1125 995 1150 ac
1007 1111 1222 1165 permittere
1237 1126 1251 1149 :
1282 1111 1383 1164 quqfi
1397 1125 1466 1150 non
1483 1111 1589 1150 liceat
1609 1110 1758 1150 traduci
1771 1110 1824 1150 ad
1836 1111 1933 1150 mala

539 1177 678 1229 confilia
697 1185 908 1230 corruptum
926 1176 1177 1229 largitionibus
1204 1175 1374 1215 animum.
1419 1177 1512 1228 Qae
1539 1185 1606 1216 tua
1635 1175 1682 1228 est
1709 1176 1931 1223 humanitas,

538 1257 638 1297 aequo
657 1243 772 1282 animo
792 1251 829 1281 te
848 1242 984 1282 moneri
992 1241 1163 1295 patieris,
1177 1241 1384 1295 praestrtim
1402 1241 1445 1281 de
1462 1242 1765 1293 communifizlute
1778 1258 1792 1281 :
1808 1242 1932 1295 facies

539 1319 675 1353 tamen,
696 1307 791 1362 quod
804 1307 875 1347 tibi
889 1307 1138 1361 visumsuerit
1153 1322 1168 1345 .·
1198 1306 1306 1346 etiam
1326 1321 1401 1360 ego,
1431 1321 1510 1346 cum
1528 1322 1582 1346 me
1600 1307 1770 1346 docueris.
1802 1309 1930 1353 Nunc,

543 1375 681 1419 Cicero,
705 1387 799 1413 nunc
817 1372 992 1426 agendum
1012 1373 1073 1425 est,'
1091 1372 1291 1425 nefrustra
1309 1372 1500 1426 oppreffiaem
1519 1372 1580 1426 effi·
1597 1373 1799 1412 Antonium
1813 1373 1936 1426 gavffi

526 1442 657 1493 fimus,
687 1454 755 1479 neu
769 1440 915 1493 semper
939 1438 1058 1492 primi
1073 1439 1237 1492 cujusque
1255 1439 1343 1477 mali
1358 1439 1541 1478 excidendi
1556 1439 1662 1492 causa
1669 1439 1740 1490 stt,
1771 1449 1814 1478 ut
1833 1439 1936 1478 aliud

542 1507 756 1560 renascatur
773 1505 831 1544 illo
856 1505 970 1559 ῥᾴω.
1017 1505 1130 1545 Nihil
1141 1504 1224 1557 jam
1255 1519 1364 1558 neque
1382 1504 1608 1558 opinantibus
1626 1513 1694 1543 aut
1705 1505 1932 1558 patientibus

542 1573 639 1613 nobis
670 1572 816 1624 adversi
837 1571 980 1611 evenire
1003 1571 1130 1625 potss‚
1159 1571 1196 1610 in
1227 1585 1293 1624 quo
1320 1586 1388 1610 non
1418 1586 1497 1610 cum
1522 1571 1674 1610 omnium
1705 1571 1824 1624 culpa,
1855 1579 1933 1610 tum

535 1641 721 1695 praec1pue
741 1648 821 1684 tua,
835 1639 983 1691 sutura
986 1639 1043 1690 sit
1059 1655 1071 1683 ς
1093 1637 1191 1690 cujus
1211 1646 1355 1677 tantam
1372 1638 1626 1677 auctoritatem
1631 1637 1786 1691 senatus
1805 1652 1848 1676 ac
1862 1646 1932 1691 po-

535 1707 644 1761 pulus
674 1707 854 1745 Romanus
884 1719 953 1743 non
972 1705 1092 1756 solum
1125 1703 1185 1757 ff'
1209 1705 1373 1758 patitur,
1392 1703 1466 1758 ſsd
1492 1704 1600 1742 etiam
1637 1703 1751 1757 cupit,
1796 1713 1936 1756 quanta

543 1773 699 1812 maxima
718 1771 755 1811 in
775 1771 888 1811 libera
907 1771 1062 1810 civitate
1081 1771 1185 1810 unius
1207 1770 1268 1823 effi
1280 1771 1394 1824 potaest
1411 1789 1424 1816 ς
1456 1785 1561 1824 quam
1581 1779 1622 1809 tu
1640 1784 1709 1808 non
1714 1770 1833 1822 solum
1852 1770 1935 1809 bene

529 1837 730 1893 fintiendo,
745 1837 819 1889 ſs‘d
833 1838 940 1876 etiam
952 1837 1168 1891 prudenter,
1200 1837 1300 1876 tueri
1315 1837 1427 1876 debes.
1475 1835 1682 1876 Prudentia
1698 1845 1822 1888 porro,
1854 1851 1933 1889 quse

544 1905 614 1945 tibi
614 1903 791 1958 superest,
821 1904 920 1943 nulla
943 1904 1006 1942 abs
1035 1913 1070 1942 te
1098 1903 1332 1955 defidcratur,
1362 1903 1428 1955 nili
1457 1903 1574 1941 modus
1594 1903 1630 1941 in
1651 1901 1846 1940 tribuendis
1867 1902 1930 1940 bo-

543 1970 699 2009 noribus.
736 1969 828 2008 Alia
846 1968 1025 2019 omniastc
1043 1968 1181 2008 abunde
1199 1969 1342 2022 adstent,
1373 1978 1414 2007 ut
1434 1983 1512 2008 cum
1531 1968 1682 2021 quolibet
1702 1967 1932 2020 antiquorum

543 2035 749 2090 comparari
763 2035 904 2089 poſjint.
951 2036 1069 2074 Unum
1099 2035 1175 2080 boc,
1203 2045 1315 2087 grato
1341 2035 1456 2073 animo
1488 2034 1693 2088 liberalique
1715 2036 1932 2087 profatum,

543 2103 735 2142 cautiorem
754 2115 798 2140 ac
816 2100 1084 2140 moderatiorem
1112 2100 1366 2139 liberalitatem
1396 2101 1579 2152 desiderat.
1626 2100 1738 2140 Nihil
1763 2100 1852 2138 enim
1864 2101 1932 2151 ſs·-

543 2179 652 2210 natus
671 2168 835 2222 cuiquam
853 2167 940 2207 dare
959 2167 1073 2213 debet,
1103 2167 1196 2221 quod
1210 2167 1299 2206 male
1318 2167 1557 2220 cogitantibus
1576 2167 1726 2219 exemplo
1746 2175 1810 2205 aut
1827 2177 1930 2219 prce-

527 2236 621 2289 Jidio
630 2235 701 2288 stt.
747 2235 879 2288 Itaque
909 2234 1012 2274 timeo
1030 2234 1072 2274 de
1090 2235 1287 2285 consulatu,
1318 2249 1360 2272 ne
1381 2236 1506 2287 (ἲς-[ὲν
1525 2242 1609 2271 tuus
1628 2234 1788 2286 altinsse
1807 2235 1929 2284 ‹fien-

541 2301 619 2355 diffe
633 2309 741 2355 putet
760 2300 910 2340 decretis
928 2301 1015 2347 tuis,
1037 2315 1142 2354 quam
1162 2299 1254 2344 inde,
1269 2301 1312 2351 si
1328 2299 1655 2351 corficlfactusstt,
1677 2299 1928 2350 ‹lyce-iglurum.

543 2367 649 2421 Qtod
662 2368 705 2419 si
732 2367 929 2413 Antonius,
963 2367 1010 2406 ab
1038 2367 1107 2405 alio
1139 2367 1300 2405 relidunt
1335 2366 1441 2419 regni
1471 2366 1753 2413 instrumentum,
1784 2365 1931 2416 occqfio-

539 2449 618 2473 nem
641 2433 818 2486 regnandi
834 2433 960 2473 babuit
979 2452 990 2478 ς
1021 2446 1171 2486 quonam
1195 2432 1312 2471 animo
1325 2434 1416 2484 ‘sore
1442 2442 1566 2485 putas,
1583 2433 1625 2482 si
1652 2431 1741 2485 quis,
1772 2433 1931 2476 amore,

541 2515 609 2540 mn
631 2508 784 2553 tyranno
812 2499 1013 2552 intersitio,
1030 2498 1103 2553 fid
1128 2499 1196 2554 ipso
1211 2499 1363 2552 finatu,
1390 2507 1497 2552 putet
1515 2501 1560 2553 Ji·
1590 2497 1740 2552 imperia
1768 2496 1932 2551 qualibtt
