<?xml version="1.0" encoding="UTF-8"?>
<!DOCTYPE html PUBLIC "-//W3C//DTD XHTML 1.0 Transitional//EN"
    "http://www.w3.org/TR/xhtml1/DTD/xhtml1-transitional.dtd">
<html xmlns="http://www.w3.org/1999/xhtml" xml:lang="en" lang="en">
 <head>
  <title>
</title>
<meta http-equiv="Content-Type" content="text/html;charset=utf-8" />
  <meta name='ocr-system' content='tesseract 3.04.00' />
  <meta name='ocr-capabilities' content='ocr_page ocr_carea ocr_par ocr_line ocrx_word'/>
</head>
<body>
  <div class='ocr_page' id='page_1' title='image "./operacumindicibu09ciceuoft_0199.png"; bbox 0 0 2335 3009; ppageno 0'>
   <div class='ocr_carea' id='block_1_1' title="bbox 568 245 1431 288">
    <p class='ocr_par' dir='ltr' id='par_1_1' title="bbox 568 245 1431 288">
     <span class='ocr_line' id='line_1_1' title="bbox 568 245 1431 288; baseline 0.001 -1"><span class='ocrx_word' id='word_1_1' title='bbox 568 248 665 287; x_wconf 96' lang='lat' dir='ltr'>AD</span> <span class='ocrx_word' id='word_1_2' title='bbox 725 245 1240 285; x_wconf 85' lang='lat' dir='ltr'>HERENNIUM</span> <span class='ocrx_word' id='word_1_3' title='bbox 1298 247 1431 288; x_wconf 89' lang='lat' dir='ltr'>LIB.</span> 
     </span>
    </p>
   </div>
   <div class='ocr_carea' id='block_1_2' title="bbox 378 339 1064 2540">
    <p class='ocr_par' dir='ltr' id='par_1_2' title="bbox 378 339 1058 1757">
     <span class='ocr_line' id='line_1_2' title="bbox 378 339 1049 390; baseline -0.009 -11"><span class='ocrx_word' id='word_1_4' title='bbox 378 343 557 390; x_wconf 88' lang='lat' dir='ltr'>primum:</span> <span class='ocrx_word' id='word_1_5' title='bbox 585 342 639 377; x_wconf 91' lang='lat' dir='ltr'>sed</span> <span class='ocrx_word' id='word_1_6' title='bbox 671 352 785 377; x_wconf 86' lang='lat' dir='ltr'>rerum</span> <span class='ocrx_word' id='word_1_7' title='bbox 812 339 981 387; x_wconf 87' lang='lat' dir='ltr'>principia</span> <span class='ocrx_word' id='word_1_8' title='bbox 1006 339 1049 374; x_wconf 90' lang='lat' dir='ltr'>ab</span> 
     </span>
     <span class='ocr_line' id='line_1_3' title="bbox 379 389 1049 439; baseline -0.007 -12"><span class='ocrx_word' id='word_1_9' title='bbox 379 393 518 439; x_wconf 82' lang='lat' dir='ltr'>ingenio</span> <span class='ocrx_word' id='word_1_10' title='bbox 551 389 705 438; x_wconf 66' lang='lat' dir='ltr'>profecta</span> <span class='ocrx_word' id='word_1_11' title='bbox 738 389 828 431; x_wconf 84' lang='lat' dir='ltr'>sunt,</span> <span class='ocrx_word' id='word_1_12' title='bbox 870 398 905 423; x_wconf 88' lang='lat' dir='ltr'>et</span> <span class='ocrx_word' id='word_1_13' title='bbox 937 389 1049 423; x_wconf 85' lang='lat' dir='ltr'>exitus</span> 
     </span>
     <span class='ocr_line' id='line_1_4' title="bbox 379 438 1049 487; baseline -0.007 -11"><span class='ocrx_word' id='word_1_14' title='bbox 379 441 552 487; x_wconf 74' lang='lat' dir='ltr'>disciplina</span> <span class='ocrx_word' id='word_1_15' title='bbox 575 448 829 485; x_wconf 81' lang='lat' dir='ltr'>comparantur.</span> <span class='ocrx_word' id='word_1_16' title='bbox 876 438 1049 484; x_wconf 83' lang='lat' dir='ltr'>Imagines</span> 
     </span>
     <span class='ocr_line' id='line_1_5' title="bbox 380 486 1050 536; baseline -0.006 -12"><span class='ocrx_word' id='word_1_17' title='bbox 380 489 487 536; x_wconf 85' lang='lat' dir='ltr'>igitur</span> <span class='ocrx_word' id='word_1_18' title='bbox 506 500 567 523; x_wconf 90' lang='lat' dir='ltr'>nos</span> <span class='ocrx_word' id='word_1_19' title='bbox 585 489 618 523; x_wconf 92' lang='lat' dir='ltr'>in</span> <span class='ocrx_word' id='word_1_20' title='bbox 636 499 678 523; x_wconf 87' lang='lat' dir='ltr'>eo</span> <span class='ocrx_word' id='word_1_21' title='bbox 696 498 822 535; x_wconf 86' lang='lat' dir='ltr'>genere</span> <span class='ocrx_word' id='word_1_22' title='bbox 844 486 1050 521; x_wconf 77' lang='lat' dir='ltr'>constituere</span> 
     </span>
     <span class='ocr_line' id='line_1_6' title="bbox 378 537 1049 584; baseline -0.006 -11"><span class='ocrx_word' id='word_1_23' title='bbox 378 538 566 584; x_wconf 85' lang='lat' dir='ltr'>oportebit,</span> <span class='ocrx_word' id='word_1_24' title='bbox 593 537 689 584; x_wconf 91' lang='lat' dir='ltr'>quod</span> <span class='ocrx_word' id='word_1_25' title='bbox 707 547 819 583; x_wconf 86' lang='lat' dir='ltr'>genus</span> <span class='ocrx_word' id='word_1_26' title='bbox 848 546 987 570; x_wconf 86' lang='lat' dir='ltr'>manere</span> <span class='ocrx_word' id='word_1_27' title='bbox 1015 537 1049 570; x_wconf 94' lang='lat' dir='ltr'>in</span> 
     </span>
     <span class='ocr_line' id='line_1_7' title="bbox 380 583 1051 632; baseline -0.006 -11"><span class='ocrx_word' id='word_1_28' title='bbox 380 587 548 622; x_wconf 87' lang='lat' dir='ltr'>memoria</span> <span class='ocrx_word' id='word_1_29' title='bbox 565 586 747 621; x_wconf 83' lang='lat' dir='ltr'>diutissime</span> <span class='ocrx_word' id='word_1_30' title='bbox 765 583 885 632; x_wconf 87' lang='lat' dir='ltr'>potest.</span> <span class='ocrx_word' id='word_1_31' title='bbox 938 583 977 618; x_wconf 92' lang='lat' dir='ltr'>Id</span> <span class='ocrx_word' id='word_1_32' title='bbox 996 595 1051 618; x_wconf 86' lang='lat' dir='ltr'>ac-</span> 
     </span>
     <span class='ocr_line' id='line_1_8' title="bbox 380 633 1049 682; baseline -0.006 -12"><span class='ocrx_word' id='word_1_33' title='bbox 380 636 484 677; x_wconf 89' lang='lat' dir='ltr'>cidet,</span> <span class='ocrx_word' id='word_1_34' title='bbox 512 636 533 670; x_wconf 77' lang='lat' dir='ltr'>si</span> <span class='ocrx_word' id='word_1_35' title='bbox 552 647 658 682; x_wconf 85' lang='lat' dir='ltr'>quarn</span> <span class='ocrx_word' id='word_1_36' title='bbox 678 635 827 669; x_wconf 86' lang='lat' dir='ltr'>maxime</span> <span class='ocrx_word' id='word_1_37' title='bbox 845 642 942 667; x_wconf 86' lang='lat' dir='ltr'>notas</span> <span class='ocrx_word' id='word_1_38' title='bbox 960 633 1049 668; x_wconf 86' lang='lat' dir='ltr'>fimi-</span> 
     </span>
     <span class='ocr_line' id='line_1_9' title="bbox 380 682 1050 719; baseline -0.003 -1"><span class='ocrx_word' id='word_1_39' title='bbox 380 685 543 719; x_wconf 79' lang='lat' dir='ltr'>litudines</span> <span class='ocrx_word' id='word_1_40' title='bbox 585 683 859 719; x_wconf 88' lang='lat' dir='ltr'>constituemus:</span> <span class='ocrx_word' id='word_1_41' title='bbox 917 682 938 716; x_wconf 85' lang='lat' dir='ltr'>fi</span> <span class='ocrx_word' id='word_1_42' title='bbox 982 693 1050 717; x_wconf 88' lang='lat' dir='ltr'>non</span> 
     </span>
     <span class='ocr_line' id='line_1_10' title="bbox 382 731 1050 780; baseline -0.006 -12"><span class='ocrx_word' id='word_1_43' title='bbox 382 744 508 775; x_wconf 88' lang='lat' dir='ltr'>mutas,</span> <span class='ocrx_word' id='word_1_44' title='bbox 538 744 600 768; x_wconf 87' lang='lat' dir='ltr'>nec</span> <span class='ocrx_word' id='word_1_45' title='bbox 618 744 734 780; x_wconf 76' lang='lat' dir='ltr'>vagaS,</span> <span class='ocrx_word' id='word_1_46' title='bbox 762 731 814 766; x_wconf 87' lang='lat' dir='ltr'>sed</span> <span class='ocrx_word' id='word_1_47' title='bbox 833 731 962 777; x_wconf 87' lang='lat' dir='ltr'>aliquid</span> <span class='ocrx_word' id='word_1_48' title='bbox 989 742 1050 765; x_wconf 93' lang='lat' dir='ltr'>no-</span> 
     </span>
     <span class='ocr_line' id='line_1_11' title="bbox 381 779 1048 829; baseline -0.001 -13"><span class='ocrx_word' id='word_1_49' title='bbox 381 792 458 816; x_wconf 89' lang='lat' dir='ltr'>tum</span> <span class='ocrx_word' id='word_1_50' title='bbox 477 793 631 829; x_wconf 86' lang='lat' dir='ltr'>agentes,</span> <span class='ocrx_word' id='word_1_51' title='bbox 657 779 826 828; x_wconf 88' lang='lat' dir='ltr'>imagines</span> <span class='ocrx_word' id='word_1_52' title='bbox 857 790 1048 826; x_wconf 87' lang='lat' dir='ltr'>ponemus:</span> 
     </span>
     <span class='ocr_line' id='line_1_12' title="bbox 381 828 1052 878; baseline -0.004 -13"><span class='ocrx_word' id='word_1_53' title='bbox 381 831 405 865; x_wconf 82' lang='lat' dir='ltr'>si</span> <span class='ocrx_word' id='word_1_54' title='bbox 431 832 608 878; x_wconf 79' lang='lat' dir='ltr'>egregiam</span> <span class='ocrx_word' id='word_1_55' title='bbox 644 828 954 877; x_wconf 76' lang='lat' dir='ltr'>pulchritudinem,</span> <span class='ocrx_word' id='word_1_56' title='bbox 992 838 1052 863; x_wconf 90' lang='lat' dir='ltr'>aut</span> 
     </span>
     <span class='ocr_line' id='line_1_13' title="bbox 382 877 1051 926; baseline -0.004 -12"><span class='ocrx_word' id='word_1_57' title='bbox 382 880 519 914; x_wconf 86' lang='lat' dir='ltr'>unicam</span> <span class='ocrx_word' id='word_1_58' title='bbox 540 879 805 926; x_wconf 82' lang='lat' dir='ltr'>turpitudinem,</span> <span class='ocrx_word' id='word_1_59' title='bbox 821 878 870 913; x_wconf 88' lang='lat' dir='ltr'>eis</span> <span class='ocrx_word' id='word_1_60' title='bbox 886 877 1051 912; x_wconf 86' lang='lat' dir='ltr'>attribue-</span> 
     </span>
     <span class='ocr_line' id='line_1_14' title="bbox 383 927 1053 976; baseline -0.003 -12"><span class='ocrx_word' id='word_1_61' title='bbox 383 940 460 963; x_wconf 87' lang='lat' dir='ltr'>mus</span> <span class='ocrx_word' id='word_1_62' title='bbox 476 942 484 964; x_wconf 91' lang='lat'>:</span> <span class='ocrx_word' id='word_1_63' title='bbox 513 929 536 964; x_wconf 89' lang='lat' dir='ltr'>s1</span> <span class='ocrx_word' id='word_1_64' title='bbox 555 930 670 976; x_wconf 83' lang='lat' dir='ltr'>aliqua</span> <span class='ocrx_word' id='word_1_65' title='bbox 687 940 721 964; x_wconf 90' lang='lat' dir='ltr'>re</span> <span class='ocrx_word' id='word_1_66' title='bbox 739 927 994 967; x_wconf 89' lang='lat' dir='ltr'>exornabimus,</span> <span class='ocrx_word' id='word_1_67' title='bbox 1014 936 1053 962; x_wconf 88' lang='lat' dir='ltr'>ut</span> 
     </span>
     <span class='ocr_line' id='line_1_15' title="bbox 383 978 1054 1024; baseline -0.004 -12"><span class='ocrx_word' id='word_1_68' title='bbox 383 978 406 1012; x_wconf 83' lang='lat' dir='ltr'>si</span> <span class='ocrx_word' id='word_1_69' title='bbox 424 979 571 1019; x_wconf 89' lang='lat' dir='ltr'>coronis,</span> <span class='ocrx_word' id='word_1_70' title='bbox 589 988 649 1013; x_wconf 86' lang='lat' dir='ltr'>aut</span> <span class='ocrx_word' id='word_1_71' title='bbox 666 978 758 1014; x_wconf 91' lang='lat' dir='ltr'>veste</span> <span class='ocrx_word' id='word_1_72' title='bbox 776 986 963 1024; x_wconf 84' lang='lat' dir='ltr'>purpurea,</span> <span class='ocrx_word' id='word_1_73' title='bbox 983 987 1054 1022; x_wconf 91' lang='lat' dir='ltr'>quo</span> 
     </span>
     <span class='ocr_line' id='line_1_16' title="bbox 384 1025 1055 1062; baseline -0.004 -1"><span class='ocrx_word' id='word_1_74' title='bbox 384 1027 486 1062; x_wconf 90' lang='lat' dir='ltr'>nobis</span> <span class='ocrx_word' id='word_1_75' title='bbox 511 1027 661 1062; x_wconf 88' lang='lat' dir='ltr'>notatior</span> <span class='ocrx_word' id='word_1_76' title='bbox 689 1027 729 1062; x_wconf 80' lang='lat' dir='ltr'>sit</span> <span class='ocrx_word' id='word_1_77' title='bbox 758 1025 968 1061; x_wconf 78' lang='lat' dir='ltr'>similitudo:</span> <span class='ocrx_word' id='word_1_78' title='bbox 995 1034 1055 1059; x_wconf 85' lang='lat' dir='ltr'>aut</span> 
     </span>
     <span class='ocr_line' id='line_1_17' title="bbox 384 1073 1054 1122; baseline -0.004 -12"><span class='ocrx_word' id='word_1_79' title='bbox 384 1076 406 1110; x_wconf 84' lang='lat' dir='ltr'>si</span> <span class='ocrx_word' id='word_1_80' title='bbox 425 1087 494 1122; x_wconf 91' lang='lat' dir='ltr'>qua</span> <span class='ocrx_word' id='word_1_81' title='bbox 512 1089 546 1111; x_wconf 86' lang='lat' dir='ltr'>re</span> <span class='ocrx_word' id='word_1_82' title='bbox 562 1076 850 1115; x_wconf 89' lang='lat' dir='ltr'>deformabimus,</span> <span class='ocrx_word' id='word_1_83' title='bbox 877 1081 916 1107; x_wconf 92' lang='lat' dir='ltr'>ut</span> <span class='ocrx_word' id='word_1_84' title='bbox 932 1073 955 1108; x_wconf 85' lang='lat' dir='ltr'>fi</span> <span class='ocrx_word' id='word_1_85' title='bbox 977 1084 1054 1107; x_wconf 91' lang='lat' dir='ltr'>cru-</span> 
     </span>
     <span class='ocr_line' id='line_1_18' title="bbox 384 1123 1057 1167; baseline -0.004 -8"><span class='ocrx_word' id='word_1_86' title='bbox 384 1134 515 1167; x_wconf 88' lang='lat' dir='ltr'>entam,</span> <span class='ocrx_word' id='word_1_87' title='bbox 553 1136 613 1160; x_wconf 88' lang='lat' dir='ltr'>aut</span> <span class='ocrx_word' id='word_1_88' title='bbox 656 1136 760 1160; x_wconf 88' lang='lat' dir='ltr'>coeno</span> <span class='ocrx_word' id='word_1_89' title='bbox 799 1123 957 1163; x_wconf 88' lang='lat' dir='ltr'>oblitam,</span> <span class='ocrx_word' id='word_1_90' title='bbox 996 1132 1057 1156; x_wconf 90' lang='lat' dir='ltr'>aut</span> 
     </span>
     <span class='ocr_line' id='line_1_19' title="bbox 385 1172 1056 1214; baseline -0.004 -7"><span class='ocrx_word' id='word_1_91' title='bbox 385 1174 520 1208; x_wconf 87' lang='lat' dir='ltr'>rubrica</span> <span class='ocrx_word' id='word_1_92' title='bbox 561 1174 776 1214; x_wconf 85' lang='lat' dir='ltr'>delibutam,</span> <span class='ocrx_word' id='word_1_93' title='bbox 828 1172 1056 1213; x_wconf 85' lang='lat' dir='ltr'>inducemus,</span> 
     </span>
     <span class='ocr_line' id='line_1_20' title="bbox 385 1219 1057 1270; baseline -0.004 -14"><span class='ocrx_word' id='word_1_94' title='bbox 385 1235 457 1269; x_wconf 89' lang='lat' dir='ltr'>quo</span> <span class='ocrx_word' id='word_1_95' title='bbox 478 1224 587 1269; x_wconf 79' lang='lat' dir='ltr'>magis</span> <span class='ocrx_word' id='word_1_96' title='bbox 605 1222 764 1270; x_wconf 85' lang='lat' dir='ltr'>insignita</span> <span class='ocrx_word' id='word_1_97' title='bbox 783 1221 821 1255; x_wconf 82' lang='lat' dir='ltr'>sit</span> <span class='ocrx_word' id='word_1_98' title='bbox 837 1219 970 1255; x_wconf 89' lang='lat' dir='ltr'>forma:</span> <span class='ocrx_word' id='word_1_99' title='bbox 999 1229 1057 1254; x_wconf 84' lang='lat' dir='ltr'>aut</span> 
     </span>
     <span class='ocr_line' id='line_1_21' title="bbox 387 1269 1056 1319; baseline -0.006 -13"><span class='ocrx_word' id='word_1_100' title='bbox 387 1273 408 1305; x_wconf 88' lang='lat' dir='ltr'>sl</span> <span class='ocrx_word' id='word_1_101' title='bbox 436 1272 593 1306; x_wconf 88' lang='lat' dir='ltr'>ridiculas</span> <span class='ocrx_word' id='word_1_102' title='bbox 620 1284 670 1306; x_wconf 84' lang='lat' dir='ltr'>res</span> <span class='ocrx_word' id='word_1_103' title='bbox 695 1272 827 1319; x_wconf 87' lang='lat' dir='ltr'>aliquas</span> <span class='ocrx_word' id='word_1_104' title='bbox 846 1269 1056 1315; x_wconf 84' lang='lat' dir='ltr'>imaginibus</span> 
     </span>
     <span class='ocr_line' id='line_1_22' title="bbox 386 1321 1055 1364; baseline -0.004 -9"><span class='ocrx_word' id='word_1_105' title='bbox 386 1321 629 1356; x_wconf 79' lang='lat' dir='ltr'>attribuemus.</span> <span class='ocrx_word' id='word_1_106' title='bbox 675 1321 768 1354; x_wconf 89' lang='lat' dir='ltr'>Nam</span> <span class='ocrx_word' id='word_1_107' title='bbox 788 1330 827 1352; x_wconf 83' lang='lat' dir='ltr'>ea</span> <span class='ocrx_word' id='word_1_108' title='bbox 845 1329 896 1352; x_wconf 91' lang='lat' dir='ltr'>res</span> <span class='ocrx_word' id='word_1_109' title='bbox 913 1329 1055 1364; x_wconf 90' lang='lat' dir='ltr'>quoque</span> 
     </span>
     <span class='ocr_line' id='line_1_23' title="bbox 384 1367 1056 1419; baseline -0.006 -16"><span class='ocrx_word' id='word_1_110' title='bbox 384 1368 500 1410; x_wconf 87' lang='lat' dir='ltr'>faciet,</span> <span class='ocrx_word' id='word_1_111' title='bbox 529 1378 567 1403; x_wconf 89' lang='lat' dir='ltr'>ut</span> <span class='ocrx_word' id='word_1_112' title='bbox 586 1368 719 1403; x_wconf 88' lang='lat' dir='ltr'>facilius</span> <span class='ocrx_word' id='word_1_113' title='bbox 739 1367 929 1403; x_wconf 76' lang='lat' dir='ltr'>meminisse</span> <span class='ocrx_word' id='word_1_114' title='bbox 957 1367 1056 1419; x_wconf 68' lang='lat' dir='ltr'>possi-</span> 
     </span>
     <span class='ocr_line' id='line_1_24' title="bbox 387 1413 1057 1464; baseline -0.004 -12"><span class='ocrx_word' id='word_1_115' title='bbox 387 1429 476 1452; x_wconf 90' lang='lat' dir='ltr'>mus.</span> <span class='ocrx_word' id='word_1_116' title='bbox 527 1417 636 1459; x_wconf 91' lang='lat' dir='ltr'>Nam,</span> <span class='ocrx_word' id='word_1_117' title='bbox 662 1429 746 1464; x_wconf 86' lang='lat' dir='ltr'>quas</span> <span class='ocrx_word' id='word_1_118' title='bbox 766 1427 817 1451; x_wconf 88' lang='lat' dir='ltr'>res</span> <span class='ocrx_word' id='word_1_119' title='bbox 836 1427 930 1450; x_wconf 82' lang='lat' dir='ltr'>veras</span> <span class='ocrx_word' id='word_1_120' title='bbox 956 1413 1057 1450; x_wconf 85' lang='lat' dir='ltr'>facile</span> 
     </span>
     <span class='ocr_line' id='line_1_25' title="bbox 386 1464 1057 1509; baseline -0.004 -8"><span class='ocrx_word' id='word_1_121' title='bbox 386 1465 626 1509; x_wconf 84' lang='lat' dir='ltr'>meminimus,</span> <span class='ocrx_word' id='word_1_122' title='bbox 651 1465 783 1502; x_wconf 89' lang='lat' dir='ltr'>easdem</span> <span class='ocrx_word' id='word_1_123' title='bbox 802 1465 899 1500; x_wconf 66' lang='lat' dir='ltr'>fiftas</span> <span class='ocrx_word' id='word_1_124' title='bbox 915 1473 951 1499; x_wconf 88' lang='lat' dir='ltr'>et</span> <span class='ocrx_word' id='word_1_125' title='bbox 980 1464 1057 1498; x_wconf 87' lang='lat' dir='ltr'>dili-</span> 
     </span>
     <span class='ocr_line' id='line_1_26' title="bbox 386 1512 1058 1562; baseline -0.004 -12"><span class='ocrx_word' id='word_1_126' title='bbox 386 1526 511 1562; x_wconf 87' lang='lat' dir='ltr'>genter</span> <span class='ocrx_word' id='word_1_127' title='bbox 529 1525 661 1551; x_wconf 85' lang='lat' dir='ltr'>notatas</span> <span class='ocrx_word' id='word_1_128' title='bbox 693 1513 883 1550; x_wconf 80' lang='lat' dir='ltr'>meminisse</span> <span class='ocrx_word' id='word_1_129' title='bbox 914 1524 980 1547; x_wconf 88' lang='lat' dir='ltr'>non</span> <span class='ocrx_word' id='word_1_130' title='bbox 1010 1512 1058 1548; x_wconf 89' lang='lat' dir='ltr'>est</span> 
     </span>
     <span class='ocr_line' id='line_1_27' title="bbox 386 1562 1057 1609; baseline -0.003 -10"><span class='ocrx_word' id='word_1_131' title='bbox 386 1565 536 1600; x_wconf 88' lang='lat' dir='ltr'>difficile.</span> <span class='ocrx_word' id='word_1_132' title='bbox 590 1565 657 1599; x_wconf 89' lang='lat' dir='ltr'>Sed</span> <span class='ocrx_word' id='word_1_133' title='bbox 683 1565 766 1599; x_wconf 87' lang='lat' dir='ltr'>illud</span> <span class='ocrx_word' id='word_1_134' title='bbox 791 1562 901 1597; x_wconf 84' lang='lat' dir='ltr'>facere</span> <span class='ocrx_word' id='word_1_135' title='bbox 918 1572 1057 1609; x_wconf 85' lang='lat' dir='ltr'>oporte·</span> 
     </span>
     <span class='ocr_line' id='line_1_28' title="bbox 387 1610 1058 1660; baseline -0.004 -12"><span class='ocrx_word' id='word_1_136' title='bbox 387 1614 452 1656; x_wconf 87' lang='lat' dir='ltr'>bit,</span> <span class='ocrx_word' id='word_1_137' title='bbox 481 1623 519 1649; x_wconf 90' lang='lat' dir='ltr'>ut</span> <span class='ocrx_word' id='word_1_138' title='bbox 549 1613 736 1648; x_wconf 87' lang='lat' dir='ltr'>identidem</span> <span class='ocrx_word' id='word_1_139' title='bbox 755 1612 886 1660; x_wconf 89' lang='lat' dir='ltr'>primos</span> <span class='ocrx_word' id='word_1_140' title='bbox 904 1610 1058 1659; x_wconf 89' lang='lat' dir='ltr'>quosque</span> 
     </span>
     <span class='ocr_line' id='line_1_29' title="bbox 387 1661 1058 1710; baseline -0.003 -12"><span class='ocrx_word' id='word_1_141' title='bbox 387 1663 481 1698; x_wconf 86' lang='lat' dir='ltr'>locos</span> <span class='ocrx_word' id='word_1_142' title='bbox 536 1662 728 1710; x_wconf 83' lang='lat' dir='ltr'>imaginum</span> <span class='ocrx_word' id='word_1_143' title='bbox 782 1661 1058 1696; x_wconf 84' lang='lat' dir='ltr'>renovandaium</span> 
     </span>
     <span class='ocr_line' id='line_1_30' title="bbox 388 1711 1058 1757; baseline -0.001 -10"><span class='ocrx_word' id='word_1_144' title='bbox 388 1711 484 1747; x_wconf 88' lang='lat' dir='ltr'>causa</span> <span class='ocrx_word' id='word_1_145' title='bbox 502 1711 657 1747; x_wconf 87' lang='lat' dir='ltr'>celeriter</span> <span class='ocrx_word' id='word_1_146' title='bbox 674 1711 790 1746; x_wconf 86' lang='lat' dir='ltr'>animo</span> <span class='ocrx_word' id='word_1_147' title='bbox 807 1721 1058 1757; x_wconf 86' lang='lat' dir='ltr'>percurramus.</span> 
     </span>
    </p>

    <p class='ocr_par' dir='ltr' id='par_1_3' title="bbox 388 1758 1064 2540">
     <span class='ocr_line' id='line_1_31' title="bbox 437 1758 1058 1807; baseline -0.005 -12"><span class='ocrx_word' id='word_1_148' title='bbox 437 1760 578 1796; x_wconf 80' lang='lat' dir='ltr'>XXIII.</span> <span class='ocrx_word' id='word_1_149' title='bbox 614 1761 705 1802; x_wconf 87' lang='lat' dir='ltr'>Scio,</span> <span class='ocrx_word' id='word_1_150' title='bbox 745 1759 924 1807; x_wconf 85' lang='lat' dir='ltr'>plerosque</span> <span class='ocrx_word' id='word_1_151' title='bbox 959 1758 1058 1793; x_wconf 83' lang='lat' dir='ltr'>Grae-</span> 
     </span>
     <span class='ocr_line' id='line_1_32' title="bbox 388 1806 1058 1856; baseline -0.004 -12"><span class='ocrx_word' id='word_1_152' title='bbox 388 1821 460 1852; x_wconf 89' lang='lat' dir='ltr'>cos,</span> <span class='ocrx_word' id='word_1_153' title='bbox 487 1809 547 1856; x_wconf 86' lang='lat' dir='ltr'>qui</span> <span class='ocrx_word' id='word_1_154' title='bbox 578 1810 620 1844; x_wconf 90' lang='lat' dir='ltr'>de</span> <span class='ocrx_word' id='word_1_155' title='bbox 651 1810 817 1844; x_wconf 87' lang='lat' dir='ltr'>memoria</span> <span class='ocrx_word' id='word_1_156' title='bbox 843 1806 1058 1853; x_wconf 87' lang='lat' dir='ltr'>scripserunt,</span> 
     </span>
     <span class='ocr_line' id='line_1_33' title="bbox 389 1856 1058 1902; baseline -0.004 -9"><span class='ocrx_word' id='word_1_157' title='bbox 389 1858 514 1902; x_wconf 76' lang='lat' dir='ltr'>fecisse,</span> <span class='ocrx_word' id='word_1_158' title='bbox 555 1869 593 1894; x_wconf 91' lang='lat' dir='ltr'>ut</span> <span class='ocrx_word' id='word_1_159' title='bbox 637 1859 825 1893; x_wconf 87' lang='lat' dir='ltr'>multorum</span> <span class='ocrx_word' id='word_1_160' title='bbox 870 1856 1058 1891; x_wconf 88' lang='lat' dir='ltr'>verborum</span> 
     </span>
     <span class='ocr_line' id='line_1_34' title="bbox 391 1905 1059 1954; baseline -0.004 -12"><span class='ocrx_word' id='word_1_161' title='bbox 391 1907 558 1954; x_wconf 81' lang='lat' dir='ltr'>imagines</span> <span class='ocrx_word' id='word_1_162' title='bbox 589 1907 854 1948; x_wconf 83' lang='lat' dir='ltr'>conscriberent,</span> <span class='ocrx_word' id='word_1_163' title='bbox 895 1906 958 1947; x_wconf 91' lang='lat' dir='ltr'>uti,</span> <span class='ocrx_word' id='word_1_164' title='bbox 997 1905 1059 1951; x_wconf 89' lang='lat' dir='ltr'>qui</span> 
     </span>
     <span class='ocr_line' id='line_1_35' title="bbox 390 1955 1059 2002; baseline -0.004 -11"><span class='ocrx_word' id='word_1_165' title='bbox 390 1968 447 1992; x_wconf 90' lang='lat' dir='ltr'>eas</span> <span class='ocrx_word' id='word_1_166' title='bbox 471 1956 616 1991; x_wconf 87' lang='lat' dir='ltr'>ediscere</span> <span class='ocrx_word' id='word_1_167' title='bbox 635 1957 772 1997; x_wconf 88' lang='lat' dir='ltr'>vellent,</span> <span class='ocrx_word' id='word_1_168' title='bbox 798 1963 931 2002; x_wconf 87' lang='lat' dir='ltr'>paratas</span> <span class='ocrx_word' id='word_1_169' title='bbox 956 1955 1059 1989; x_wconf 89' lang='lat' dir='ltr'>habe-</span> 
     </span>
     <span class='ocr_line' id='line_1_36' title="bbox 392 2004 1060 2052; baseline -0.004 -12"><span class='ocrx_word' id='word_1_170' title='bbox 392 2015 480 2046; x_wconf 90' lang='lat' dir='ltr'>rent,</span> <span class='ocrx_word' id='word_1_171' title='bbox 508 2017 550 2040; x_wconf 89' lang='lat' dir='ltr'>ne</span> <span class='ocrx_word' id='word_1_172' title='bbox 569 2006 653 2052; x_wconf 91' lang='lat' dir='ltr'>quid</span> <span class='ocrx_word' id='word_1_173' title='bbox 681 2006 714 2040; x_wconf 92' lang='lat' dir='ltr'>in</span> <span class='ocrx_word' id='word_1_174' title='bbox 734 2004 922 2052; x_wconf 84' lang='lat' dir='ltr'>quaerendo</span> <span class='ocrx_word' id='word_1_175' title='bbox 944 2015 1060 2050; x_wconf 86' lang='lat' dir='ltr'>operae</span> 
     </span>
     <span class='ocr_line' id='line_1_37' title="bbox 390 2053 1060 2101; baseline -0.003 -13"><span class='ocrx_word' id='word_1_176' title='bbox 390 2054 642 2089; x_wconf 84' lang='lat' dir='ltr'>consumerent.</span> <span class='ocrx_word' id='word_1_177' title='bbox 694 2055 857 2101; x_wconf 83' lang='lat' dir='ltr'>Qiorum</span> <span class='ocrx_word' id='word_1_178' title='bbox 893 2053 1060 2087; x_wconf 88' lang='lat' dir='ltr'>rationem</span> 
     </span>
     <span class='ocr_line' id='line_1_38' title="bbox 392 2102 1059 2150; baseline -0.003 -13"><span class='ocrx_word' id='word_1_179' title='bbox 392 2102 524 2149; x_wconf 83' lang='lat' dir='ltr'>aliquot</span> <span class='ocrx_word' id='word_1_180' title='bbox 565 2103 608 2138; x_wconf 90' lang='lat' dir='ltr'>de</span> <span class='ocrx_word' id='word_1_181' title='bbox 649 2104 754 2138; x_wconf 85' lang='lat' dir='ltr'>caulis</span> <span class='ocrx_word' id='word_1_182' title='bbox 798 2102 1059 2150; x_wconf 84' lang='lat' dir='ltr'>improbamus:</span> 
     </span>
     <span class='ocr_line' id='line_1_39' title="bbox 392 2150 1058 2199; baseline -0.003 -13"><span class='ocrx_word' id='word_1_183' title='bbox 392 2151 558 2198; x_wconf 89' lang='lat' dir='ltr'>primum,</span> <span class='ocrx_word' id='word_1_184' title='bbox 585 2153 679 2199; x_wconf 90' lang='lat' dir='ltr'>quod</span> <span class='ocrx_word' id='word_1_185' title='bbox 704 2153 738 2186; x_wconf 91' lang='lat' dir='ltr'>in</span> <span class='ocrx_word' id='word_1_186' title='bbox 757 2152 941 2187; x_wconf 88' lang='lat' dir='ltr'>verborum</span> <span class='ocrx_word' id='word_1_187' title='bbox 962 2150 1058 2185; x_wconf 90' lang='lat' dir='ltr'>innu-</span> 
     </span>
     <span class='ocr_line' id='line_1_40' title="bbox 393 2199 1061 2236; baseline -0.001 -2"><span class='ocrx_word' id='word_1_188' title='bbox 393 2200 612 2235; x_wconf 87' lang='lat' dir='ltr'>merabilium</span> <span class='ocrx_word' id='word_1_189' title='bbox 633 2201 858 2236; x_wconf 89' lang='lat' dir='ltr'>multitudine</span> <span class='ocrx_word' id='word_1_190' title='bbox 877 2199 1061 2235; x_wconf 90' lang='lat' dir='ltr'>ridiculum</span> 
     </span>
     <span class='ocr_line' id='line_1_41' title="bbox 393 2249 1061 2296; baseline 0 -13"><span class='ocrx_word' id='word_1_191' title='bbox 393 2249 434 2283; x_wconf 85' lang='lat' dir='ltr'>sit</span> <span class='ocrx_word' id='word_1_192' title='bbox 452 2249 544 2284; x_wconf 91' lang='lat' dir='ltr'>mille</span> <span class='ocrx_word' id='word_1_193' title='bbox 560 2249 746 2285; x_wconf 89' lang='lat' dir='ltr'>verborum</span> <span class='ocrx_word' id='word_1_194' title='bbox 769 2249 937 2296; x_wconf 86' lang='lat' dir='ltr'>imagines</span> <span class='ocrx_word' id='word_1_195' title='bbox 966 2260 1061 2284; x_wconf 91' lang='lat' dir='ltr'>com-</span> 
     </span>
     <span class='ocr_line' id='line_1_42' title="bbox 395 2298 1062 2346; baseline 0.003 -15"><span class='ocrx_word' id='word_1_196' title='bbox 395 2309 524 2344; x_wconf 88' lang='lat' dir='ltr'>parare.</span> <span class='ocrx_word' id='word_1_197' title='bbox 575 2298 796 2346; x_wconf 82' lang='lat' dir='ltr'>Qantulum</span> <span class='ocrx_word' id='word_1_198' title='bbox 828 2300 921 2333; x_wconf 87' lang='lat' dir='ltr'>enim</span> <span class='ocrx_word' id='word_1_199' title='bbox 965 2307 1062 2343; x_wconf 91' lang='lat' dir='ltr'>pote·</span> 
     </span>
     <span class='ocr_line' id='line_1_43' title="bbox 395 2346 1063 2388; baseline 0.001 -7"><span class='ocrx_word' id='word_1_200' title='bbox 395 2356 475 2381; x_wconf 91' lang='lat' dir='ltr'>runt</span> <span class='ocrx_word' id='word_1_201' title='bbox 493 2346 567 2381; x_wconf 87' lang='lat' dir='ltr'>haec</span> <span class='ocrx_word' id='word_1_202' title='bbox 596 2347 720 2388; x_wconf 87' lang='lat' dir='ltr'>valere,</span> <span class='ocrx_word' id='word_1_203' title='bbox 746 2359 826 2382; x_wconf 91' lang='lat' dir='ltr'>cum</span> <span class='ocrx_word' id='word_1_204' title='bbox 857 2359 899 2382; x_wconf 87' lang='lat' dir='ltr'>ex</span> <span class='ocrx_word' id='word_1_205' title='bbox 930 2346 1063 2382; x_wconf 86' lang='lat' dir='ltr'>infinita</span> 
     </span>
     <span class='ocr_line' id='line_1_44' title="bbox 395 2395 1062 2442; baseline 0 -13"><span class='ocrx_word' id='word_1_206' title='bbox 395 2395 581 2430; x_wconf 89' lang='lat' dir='ltr'>verborum</span> <span class='ocrx_word' id='word_1_207' title='bbox 601 2397 711 2442; x_wconf 87' lang='lat' dir='ltr'>copia,</span> <span class='ocrx_word' id='word_1_208' title='bbox 741 2395 846 2431; x_wconf 90' lang='lat' dir='ltr'>modo</span> <span class='ocrx_word' id='word_1_209' title='bbox 863 2396 970 2439; x_wconf 89' lang='lat' dir='ltr'>aliud,</span> <span class='ocrx_word' id='word_1_210' title='bbox 989 2407 1062 2429; x_wconf 90' lang='lat' dir='ltr'>mo-</span> 
     </span>
     <span class='ocr_line' id='line_1_45' title="bbox 395 2443 1063 2486; baseline 0 -8"><span class='ocrx_word' id='word_1_211' title='bbox 395 2444 441 2479; x_wconf 92' lang='lat' dir='ltr'>do</span> <span class='ocrx_word' id='word_1_212' title='bbox 471 2444 577 2486; x_wconf 89' lang='lat' dir='ltr'>aliud,</span> <span class='ocrx_word' id='word_1_213' title='bbox 610 2455 670 2478; x_wconf 84' lang='lat' dir='ltr'>nos</span> <span class='ocrx_word' id='word_1_214' title='bbox 698 2445 844 2479; x_wconf 87' lang='lat' dir='ltr'>verbum</span> <span class='ocrx_word' id='word_1_215' title='bbox 875 2443 1063 2479; x_wconf 69' lang='lat' dir='ltr'>meminisse</span> 
     </span>
     <span class='ocr_line' id='line_1_46' title="bbox 394 2493 1064 2540; baseline 0.001 -12"><span class='ocrx_word' id='word_1_216' title='bbox 394 2493 600 2540; x_wconf 85' lang='lat' dir='ltr'>oportebit?</span> <span class='ocrx_word' id='word_1_217' title='bbox 644 2493 782 2529; x_wconf 88' lang='lat' dir='ltr'>Deinde</span> <span class='ocrx_word' id='word_1_218' title='bbox 812 2504 872 2527; x_wconf 90' lang='lat' dir='ltr'>cur</span> <span class='ocrx_word' id='word_1_219' title='bbox 902 2493 1064 2529; x_wconf 90' lang='lat' dir='ltr'>volumus</span> 
     </span>
    </p>
   </div>
   <div class='ocr_carea' id='block_1_3' title="bbox 1100 251 1785 2540">
    <p class='ocr_par' dir='ltr' id='par_1_4' title="bbox 1100 251 1777 1549">
     <span class='ocr_line' id='line_1_47' title="bbox 1485 251 1760 303; baseline 0.015 -15"><span class='ocrx_word' id='word_1_220' title='bbox 1485 251 1560 289; x_wconf 88' lang='lat'>111.</span> <span class='ocrx_word' id='word_1_221' title='bbox 1692 264 1760 303; x_wconf 74' lang='lat'>191</span> 
     </span>
     <span class='ocr_line' id='line_1_48' title="bbox 1100 339 1769 392; baseline 0.016 -19"><span class='ocrx_word' id='word_1_222' title='bbox 1100 340 1144 374; x_wconf 86' lang='lat' dir='ltr'>ab</span> <span class='ocrx_word' id='word_1_223' title='bbox 1164 339 1327 377; x_wconf 87' lang='lat' dir='ltr'>industria</span> <span class='ocrx_word' id='word_1_224' title='bbox 1344 355 1558 392; x_wconf 80' lang='lat' dir='ltr'>quemquam</span> <span class='ocrx_word' id='word_1_225' title='bbox 1580 359 1769 388; x_wconf 71' lang='lat' dir='ltr'>removere.</span> 
     </span>
     <span class='ocr_line' id='line_1_49' title="bbox 1102 391 1768 441; baseline 0.015 -19"><span class='ocrx_word' id='word_1_226' title='bbox 1102 398 1141 423; x_wconf 93' lang='lat' dir='ltr'>ut</span> <span class='ocrx_word' id='word_1_227' title='bbox 1167 391 1295 437; x_wconf 86' lang='lat' dir='ltr'>nequid</span> <span class='ocrx_word' id='word_1_228' title='bbox 1328 392 1395 438; x_wconf 88' lang='lat' dir='ltr'>ipse</span> <span class='ocrx_word' id='word_1_229' title='bbox 1425 406 1570 441; x_wconf 61' lang='lat' dir='ltr'>quaerat,</span> <span class='ocrx_word' id='word_1_230' title='bbox 1611 409 1690 432; x_wconf 77' lang='lat' dir='ltr'>cum</span> <span class='ocrx_word' id='word_1_231' title='bbox 1723 398 1768 432; x_wconf 91' lang='lat' dir='ltr'>illi</span> 
     </span>
     <span class='ocr_line' id='line_1_50' title="bbox 1100 438 1769 492; baseline 0.016 -21"><span class='ocrx_word' id='word_1_232' title='bbox 1100 438 1218 472; x_wconf 89' lang='lat' dir='ltr'>omnia</span> <span class='ocrx_word' id='word_1_233' title='bbox 1257 450 1373 484; x_wconf 86' lang='lat' dir='ltr'>parata</span> <span class='ocrx_word' id='word_1_234' title='bbox 1407 444 1615 492; x_wconf 56' lang='lat' dir='ltr'>quaesitaque</span> <span class='ocrx_word' id='word_1_235' title='bbox 1659 448 1769 482; x_wconf 90' lang='lat' dir='ltr'>trada-</span> 
     </span>
     <span class='ocr_line' id='line_1_51' title="bbox 1101 487 1771 530; baseline 0.018 -11"><span class='ocrx_word' id='word_1_236' title='bbox 1101 487 1212 521; x_wconf 89' lang='lat' dir='ltr'>mus?</span> <span class='ocrx_word' id='word_1_237' title='bbox 1252 488 1424 525; x_wconf 80' lang='lat' dir='ltr'>Praeterea</span> <span class='ocrx_word' id='word_1_238' title='bbox 1453 491 1675 530; x_wconf 73' lang='lat' dir='ltr'>similitudine</span> <span class='ocrx_word' id='word_1_239' title='bbox 1708 496 1771 530; x_wconf 81' lang='lat' dir='ltr'>alia</span> 
     </span>
     <span class='ocr_line' id='line_1_52' title="bbox 1101 535 1772 583; baseline 0.016 -15"><span class='ocrx_word' id='word_1_240' title='bbox 1101 535 1186 569; x_wconf 87' lang='lat' dir='ltr'>alius</span> <span class='ocrx_word' id='word_1_241' title='bbox 1202 536 1316 583; x_wconf 88' lang='lat' dir='ltr'>magis</span> <span class='ocrx_word' id='word_1_242' title='bbox 1336 548 1588 577; x_wconf 80' lang='lat' dir='ltr'>commovetur.</span> <span class='ocrx_word' id='word_1_243' title='bbox 1624 543 1716 578; x_wconf 88' lang='lat' dir='ltr'>Nam</span> <span class='ocrx_word' id='word_1_244' title='bbox 1732 555 1772 578; x_wconf 89' lang='lat' dir='ltr'>ut</span> 
     </span>
     <span class='ocr_line' id='line_1_53' title="bbox 1101 582 1771 634; baseline 0.015 -16"><span class='ocrx_word' id='word_1_245' title='bbox 1101 582 1190 631; x_wconf 84' lang='lat' dir='ltr'>saepe</span> <span class='ocrx_word' id='word_1_246' title='bbox 1207 584 1356 620; x_wconf 83' lang='lat' dir='ltr'>formam</span> <span class='ocrx_word' id='word_1_247' title='bbox 1372 586 1396 621; x_wconf 88' lang='lat' dir='ltr'><strong>fi</strong></span> <span class='ocrx_word' id='word_1_248' title='bbox 1411 599 1516 634; x_wconf 89' lang='lat' dir='ltr'>quam</span> <span class='ocrx_word' id='word_1_249' title='bbox 1536 589 1679 626; x_wconf 79' lang='lat' dir='ltr'>similem</span> <span class='ocrx_word' id='word_1_250' title='bbox 1699 593 1771 627; x_wconf 92' lang='lat' dir='ltr'>cui-</span> 
     </span>
     <span class='ocr_line' id='line_1_54' title="bbox 1101 633 1771 679; baseline 0.015 -13"><span class='ocrx_word' id='word_1_251' title='bbox 1101 633 1195 678; x_wconf 88' lang='lat' dir='ltr'>piam</span> <span class='ocrx_word' id='word_1_252' title='bbox 1223 634 1412 671; x_wconf 87' lang='lat' dir='ltr'>dixerimus</span> <span class='ocrx_word' id='word_1_253' title='bbox 1442 638 1517 679; x_wconf 78' lang='lat' dir='ltr'>efl&#39;e,</span> <span class='ocrx_word' id='word_1_254' title='bbox 1554 651 1621 674; x_wconf 90' lang='lat' dir='ltr'>non</span> <span class='ocrx_word' id='word_1_255' title='bbox 1650 652 1771 676; x_wconf 78' lang='lat' dir='ltr'>omnes</span> 
     </span>
     <span class='ocr_line' id='line_1_55' title="bbox 1102 681 1772 733; baseline 0.013 -18"><span class='ocrx_word' id='word_1_256' title='bbox 1102 681 1271 717; x_wconf 86' lang='lat' dir='ltr'>habemus</span> <span class='ocrx_word' id='word_1_257' title='bbox 1289 684 1482 728; x_wconf 77' lang='lat' dir='ltr'>assensores,</span> <span class='ocrx_word' id='word_1_258' title='bbox 1496 688 1590 733; x_wconf 91' lang='lat' dir='ltr'>quod</span> <span class='ocrx_word' id='word_1_259' title='bbox 1610 688 1663 723; x_wconf 89' lang='lat' dir='ltr'>alii</span> <span class='ocrx_word' id='word_1_260' title='bbox 1679 690 1772 724; x_wconf 81' lang='lat' dir='ltr'>vide·</span> 
     </span>
     <span class='ocr_line' id='line_1_56' title="bbox 1102 731 1772 784; baseline 0.015 -20"><span class='ocrx_word' id='word_1_261' title='bbox 1102 740 1159 765; x_wconf 86' lang='lat' dir='ltr'>tur</span> <span class='ocrx_word' id='word_1_262' title='bbox 1176 731 1288 772; x_wconf 90' lang='lat' dir='ltr'>aliud·,</span> <span class='ocrx_word' id='word_1_263' title='bbox 1308 732 1355 767; x_wconf 88' lang='lat' dir='ltr'>ita</span> <span class='ocrx_word' id='word_1_264' title='bbox 1372 734 1411 768; x_wconf 86' lang='lat' dir='ltr'>fit</span> <span class='ocrx_word' id='word_1_265' title='bbox 1430 734 1462 769; x_wconf 93' lang='lat' dir='ltr'>in</span> <span class='ocrx_word' id='word_1_266' title='bbox 1478 736 1700 784; x_wconf 81' lang='lat' dir='ltr'>imaginibus,</span> <span class='ocrx_word' id='word_1_267' title='bbox 1721 748 1772 778; x_wconf 87' lang='lat' dir='ltr'>ut,</span> 
     </span>
     <span class='ocr_line' id='line_1_57' title="bbox 1100 780 1775 829; baseline 0.012 -16"><span class='ocrx_word' id='word_1_268' title='bbox 1100 791 1183 826; x_wconf 83' lang='lat' dir='ltr'>quae</span> <span class='ocrx_word' id='word_1_269' title='bbox 1201 780 1300 815; x_wconf 88' lang='lat' dir='ltr'>nobis</span> <span class='ocrx_word' id='word_1_270' title='bbox 1317 782 1505 829; x_wconf 86' lang='lat' dir='ltr'>diligenter</span> <span class='ocrx_word' id='word_1_271' title='bbox 1522 795 1613 820; x_wconf 83' lang='lat' dir='ltr'>notae</span> <span class='ocrx_word' id='word_1_272' title='bbox 1631 786 1708 828; x_wconf 86' lang='lat' dir='ltr'>sint,</span> <span class='ocrx_word' id='word_1_273' title='bbox 1723 796 1775 821; x_wconf 82' lang='lat' dir='ltr'>eae</span> 
     </span>
     <span class='ocr_line' id='line_1_58' title="bbox 1101 829 1772 881; baseline 0.013 -19"><span class='ocrx_word' id='word_1_274' title='bbox 1101 840 1224 874; x_wconf 87' lang='lat' dir='ltr'>parum</span> <span class='ocrx_word' id='word_1_275' title='bbox 1267 829 1451 866; x_wconf 88' lang='lat' dir='ltr'>videantur</span> <span class='ocrx_word' id='word_1_276' title='bbox 1493 834 1640 881; x_wconf 82' lang='lat' dir='ltr'>insignes</span> <span class='ocrx_word' id='word_1_277' title='bbox 1689 836 1772 871; x_wconf 87' lang='lat' dir='ltr'>aliis.</span> 
     </span>
     <span class='ocr_line' id='line_1_59' title="bbox 1102 877 1773 928; baseline 0.015 -18"><span class='ocrx_word' id='word_1_278' title='bbox 1102 877 1222 925; x_wconf 82' lang='lat' dir='ltr'>Qare</span> <span class='ocrx_word' id='word_1_279' title='bbox 1240 877 1300 913; x_wconf 86' lang='lat' dir='ltr'>fibi</span> <span class='ocrx_word' id='word_1_280' title='bbox 1326 891 1506 928; x_wconf 87' lang='lat' dir='ltr'>quemque</span> <span class='ocrx_word' id='word_1_281' title='bbox 1533 884 1591 918; x_wconf 86' lang='lat' dir='ltr'>suo</span> <span class='ocrx_word' id='word_1_282' title='bbox 1618 895 1773 919; x_wconf 67' lang='lat' dir='ltr'>commo-</span> 
     </span>
     <span class='ocr_line' id='line_1_60' title="bbox 1102 926 1771 979; baseline 0.012 -19"><span class='ocrx_word' id='word_1_283' title='bbox 1102 926 1150 961; x_wconf 92' lang='lat' dir='ltr'>do</span> <span class='ocrx_word' id='word_1_284' title='bbox 1173 927 1337 962; x_wconf 88' lang='lat' dir='ltr'>convenit</span> <span class='ocrx_word' id='word_1_285' title='bbox 1364 929 1532 977; x_wconf 85' lang='lat' dir='ltr'>imagines</span> <span class='ocrx_word' id='word_1_286' title='bbox 1563 944 1771 979; x_wconf 82' lang='lat' dir='ltr'>comparare.</span> 
     </span>
     <span class='ocr_line' id='line_1_61' title="bbox 1103 975 1773 1026; baseline 0.013 -17"><span class='ocrx_word' id='word_1_287' title='bbox 1103 975 1283 1011; x_wconf 82' lang='lat' dir='ltr'>Postremo</span> <span class='ocrx_word' id='word_1_288' title='bbox 1312 981 1536 1026; x_wconf 85' lang='lat' dir='ltr'>praeceptoris</span> <span class='ocrx_word' id='word_1_289' title='bbox 1564 981 1611 1016; x_wconf 87' lang='lat' dir='ltr'>est</span> <span class='ocrx_word' id='word_1_290' title='bbox 1636 983 1773 1024; x_wconf 81' lang='lat' dir='ltr'>docere,</span> 
     </span>
     <span class='ocr_line' id='line_1_62' title="bbox 1104 1026 1774 1078; baseline 0.013 -20"><span class='ocrx_word' id='word_1_291' title='bbox 1104 1026 1405 1071; x_wconf 86' lang='lat' dir='ltr'>quemadmodum</span> <span class='ocrx_word' id='word_1_292' title='bbox 1458 1030 1568 1075; x_wconf 79' lang='lat' dir='ltr'>quaeri</span> <span class='ocrx_word' id='word_1_293' title='bbox 1619 1029 1774 1078; x_wconf 86' lang='lat' dir='ltr'>quidque</span> 
     </span>
     <span class='ocr_line' id='line_1_63' title="bbox 1104 1076 1774 1126; baseline 0.013 -20"><span class='ocrx_word' id='word_1_294' title='bbox 1104 1076 1300 1117; x_wconf 77' lang='lat' dir='ltr'>conveniat,</span> <span class='ocrx_word' id='word_1_295' title='bbox 1327 1086 1362 1110; x_wconf 89' lang='lat' dir='ltr'>et</span> <span class='ocrx_word' id='word_1_296' title='bbox 1389 1088 1499 1113; x_wconf 91' lang='lat' dir='ltr'>unum</span> <span class='ocrx_word' id='word_1_297' title='bbox 1530 1078 1684 1126; x_wconf 86' lang='lat' dir='ltr'>aliquod,</span> <span class='ocrx_word' id='word_1_298' title='bbox 1715 1091 1774 1115; x_wconf 91' lang='lat' dir='ltr'>aut</span> 
     </span>
     <span class='ocr_line' id='line_1_64' title="bbox 1105 1122 1774 1175; baseline 0.013 -20"><span class='ocrx_word' id='word_1_299' title='bbox 1105 1122 1266 1164; x_wconf 83' lang='lat' dir='ltr'>alterum,</span> <span class='ocrx_word' id='word_1_300' title='bbox 1309 1136 1379 1160; x_wconf 91' lang='lat' dir='ltr'>non</span> <span class='ocrx_word' id='word_1_301' title='bbox 1420 1127 1551 1168; x_wconf 89' lang='lat' dir='ltr'>omnia,</span> <span class='ocrx_word' id='word_1_302' title='bbox 1587 1140 1668 1175; x_wconf 86' lang='lat' dir='ltr'>quae</span> <span class='ocrx_word' id='word_1_303' title='bbox 1702 1128 1774 1174; x_wconf 82' lang='lat' dir='ltr'>ejus</span> 
     </span>
     <span class='ocr_line' id='line_1_65' title="bbox 1105 1171 1774 1222; baseline 0.013 -18"><span class='ocrx_word' id='word_1_304' title='bbox 1105 1171 1242 1217; x_wconf 83' lang='lat' dir='ltr'>generis</span> <span class='ocrx_word' id='word_1_305' title='bbox 1270 1184 1384 1216; x_wconf 84' lang='lat' dir='ltr'>erunt,</span> <span class='ocrx_word' id='word_1_306' title='bbox 1409 1176 1564 1222; x_wconf 87' lang='lat' dir='ltr'>exempli</span> <span class='ocrx_word' id='word_1_307' title='bbox 1582 1177 1680 1212; x_wconf 85' lang='lat' dir='ltr'>causa</span> <span class='ocrx_word' id='word_1_308' title='bbox 1697 1177 1774 1212; x_wconf 88' lang='lat' dir='ltr'>sub-</span> 
     </span>
     <span class='ocr_line' id='line_1_66' title="bbox 1100 1220 1774 1269; baseline 0.013 -16"><span class='ocrx_word' id='word_1_309' title='bbox 1100 1220 1218 1265; x_wconf 81' lang='lat' dir='ltr'>jicere,</span> <span class='ocrx_word' id='word_1_310' title='bbox 1254 1232 1326 1267; x_wconf 89' lang='lat' dir='ltr'>quo</span> <span class='ocrx_word' id='word_1_311' title='bbox 1356 1234 1408 1257; x_wconf 89' lang='lat' dir='ltr'>res</span> <span class='ocrx_word' id='word_1_312' title='bbox 1437 1226 1535 1269; x_wconf 85' lang='lat' dir='ltr'>poffit</span> <span class='ocrx_word' id='word_1_313' title='bbox 1561 1226 1626 1261; x_wconf 81' lang='lat' dir='ltr'>efle</span> <span class='ocrx_word' id='word_1_314' title='bbox 1654 1226 1774 1262; x_wconf 85' lang='lat' dir='ltr'>diluci-</span> 
     </span>
     <span class='ocr_line' id='line_1_67' title="bbox 1106 1269 1775 1322; baseline 0.012 -20"><span class='ocrx_word' id='word_1_315' title='bbox 1106 1269 1192 1303; x_wconf 92' lang='lat' dir='ltr'>dior.</span> <span class='ocrx_word' id='word_1_316' title='bbox 1245 1270 1300 1305; x_wconf 93' lang='lat' dir='ltr'>Ut</span> <span class='ocrx_word' id='word_1_317' title='bbox 1317 1282 1397 1305; x_wconf 90' lang='lat' dir='ltr'>cum</span> <span class='ocrx_word' id='word_1_318' title='bbox 1418 1272 1462 1306; x_wconf 87' lang='lat' dir='ltr'>de</span> <span class='ocrx_word' id='word_1_319' title='bbox 1480 1276 1658 1320; x_wconf 88' lang='lat' dir='ltr'>prooemiis</span> <span class='ocrx_word' id='word_1_320' title='bbox 1676 1287 1775 1322; x_wconf 81' lang='lat' dir='ltr'>quae-</span> 
     </span>
     <span class='ocr_line' id='line_1_68' title="bbox 1107 1317 1776 1364; baseline 0.013 -14"><span class='ocrx_word' id='word_1_321' title='bbox 1107 1317 1219 1351; x_wconf 87' lang='lat' dir='ltr'>rendis</span> <span class='ocrx_word' id='word_1_322' title='bbox 1254 1319 1483 1364; x_wconf 82' lang='lat' dir='ltr'>disputamus,</span> <span class='ocrx_word' id='word_1_323' title='bbox 1519 1323 1686 1358; x_wconf 86' lang='lat' dir='ltr'>rationem</span> <span class='ocrx_word' id='word_1_324' title='bbox 1717 1325 1776 1358; x_wconf 80' lang='lat' dir='ltr'>da-</span> 
     </span>
     <span class='ocr_line' id='line_1_69' title="bbox 1108 1368 1777 1418; baseline 0.012 -19"><span class='ocrx_word' id='word_1_325' title='bbox 1108 1377 1187 1400; x_wconf 88' lang='lat' dir='ltr'>mus</span> <span class='ocrx_word' id='word_1_326' title='bbox 1221 1368 1413 1413; x_wconf 67' lang='lat' dir='ltr'>quaerendi,</span> <span class='ocrx_word' id='word_1_327' title='bbox 1441 1381 1508 1404; x_wconf 93' lang='lat' dir='ltr'>non</span> <span class='ocrx_word' id='word_1_328' title='bbox 1542 1371 1633 1406; x_wconf 90' lang='lat' dir='ltr'>mille</span> <span class='ocrx_word' id='word_1_329' title='bbox 1663 1384 1777 1418; x_wconf 79' lang='lat' dir='ltr'>prooe-</span> 
     </span>
     <span class='ocr_line' id='line_1_70' title="bbox 1107 1414 1777 1463; baseline 0.01 -14"><span class='ocrx_word' id='word_1_330' title='bbox 1107 1414 1260 1450; x_wconf 83' lang='lat' dir='ltr'>miorum</span> <span class='ocrx_word' id='word_1_331' title='bbox 1277 1428 1403 1463; x_wconf 89' lang='lat' dir='ltr'>genera</span> <span class='ocrx_word' id='word_1_332' title='bbox 1431 1418 1704 1462; x_wconf 71' lang='lat' dir='ltr'>conscribimus,</span> <span class='ocrx_word' id='word_1_333' title='bbox 1732 1421 1777 1456; x_wconf 84' lang='lat' dir='ltr'>ita</span> 
     </span>
     <span class='ocr_line' id='line_1_71' title="bbox 1107 1463 1777 1515; baseline 0.01 -17"><span class='ocrx_word' id='word_1_334' title='bbox 1107 1463 1315 1500; x_wconf 85' lang='lat' dir='ltr'>arbitramur</span> <span class='ocrx_word' id='word_1_335' title='bbox 1356 1466 1400 1501; x_wconf 90' lang='lat' dir='ltr'>de</span> <span class='ocrx_word' id='word_1_336' title='bbox 1442 1467 1653 1515; x_wconf 85' lang='lat' dir='ltr'>imaginibus</span> <span class='ocrx_word' id='word_1_337' title='bbox 1703 1470 1777 1505; x_wconf 86' lang='lat' dir='ltr'>fieri</span> 
     </span>
     <span class='ocr_line' id='line_1_72' title="bbox 1105 1523 1302 1549; baseline 0.01 -2"><span class='ocrx_word' id='word_1_338' title='bbox 1105 1523 1302 1549; x_wconf 86' lang='lat' dir='ltr'>convenire.</span> 
     </span>
    </p>

    <p class='ocr_par' dir='ltr' id='par_1_5' title="bbox 1108 1562 1785 2540">
     <span class='ocr_line' id='line_1_73' title="bbox 1157 1562 1777 1607; baseline 0.011 -11"><span class='ocrx_word' id='word_1_339' title='bbox 1157 1562 1294 1598; x_wconf 89' lang='lat' dir='ltr'>XXIV.</span> <span class='ocrx_word' id='word_1_340' title='bbox 1321 1562 1444 1607; x_wconf 89' lang='lat' dir='ltr'>Nunc,</span> <span class='ocrx_word' id='word_1_341' title='bbox 1471 1577 1514 1601; x_wconf 93' lang='lat' dir='ltr'>ne</span> <span class='ocrx_word' id='word_1_342' title='bbox 1538 1564 1627 1602; x_wconf 88' lang='lat' dir='ltr'>forte</span> <span class='ocrx_word' id='word_1_343' title='bbox 1652 1567 1777 1603; x_wconf 90' lang='lat' dir='ltr'>verbo-</span> 
     </span>
     <span class='ocr_line' id='line_1_74' title="bbox 1109 1613 1778 1655; baseline 0.01 -10"><span class='ocrx_word' id='word_1_344' title='bbox 1109 1622 1187 1646; x_wconf 91' lang='lat' dir='ltr'>rum</span> <span class='ocrx_word' id='word_1_345' title='bbox 1211 1613 1431 1655; x_wconf 88' lang='lat' dir='ltr'>memoriam,</span> <span class='ocrx_word' id='word_1_346' title='bbox 1458 1625 1517 1648; x_wconf 89' lang='lat' dir='ltr'>aut</span> <span class='ocrx_word' id='word_1_347' title='bbox 1537 1616 1638 1651; x_wconf 87' lang='lat' dir='ltr'>nimis</span> <span class='ocrx_word' id='word_1_348' title='bbox 1655 1617 1778 1652; x_wconf 87' lang='lat' dir='ltr'>diffici—</span> 
     </span>
     <span class='ocr_line' id='line_1_75' title="bbox 1108 1659 1778 1708; baseline 0.009 -13"><span class='ocrx_word' id='word_1_349' title='bbox 1108 1659 1193 1703; x_wconf 86' lang='lat' dir='ltr'>lem,</span> <span class='ocrx_word' id='word_1_350' title='bbox 1219 1670 1279 1696; x_wconf 89' lang='lat' dir='ltr'>aut</span> <span class='ocrx_word' id='word_1_351' title='bbox 1296 1673 1420 1707; x_wconf 88' lang='lat' dir='ltr'>parum</span> <span class='ocrx_word' id='word_1_352' title='bbox 1438 1664 1572 1706; x_wconf 90' lang='lat' dir='ltr'>utilem,</span> <span class='ocrx_word' id='word_1_353' title='bbox 1594 1665 1778 1708; x_wconf 79' lang='lat' dir='ltr'>arbitreris,</span> 
     </span>
     <span class='ocr_line' id='line_1_76' title="bbox 1109 1709 1779 1757; baseline 0.009 -13"><span class='ocrx_word' id='word_1_354' title='bbox 1109 1719 1143 1744; x_wconf 89' lang='lat' dir='ltr'>et</span> <span class='ocrx_word' id='word_1_355' title='bbox 1157 1709 1304 1757; x_wconf 90' lang='lat' dir='ltr'>ipsarum</span> <span class='ocrx_word' id='word_1_356' title='bbox 1320 1712 1488 1747; x_wconf 88' lang='lat' dir='ltr'>memoria</span> <span class='ocrx_word' id='word_1_357' title='bbox 1505 1724 1618 1748; x_wconf 90' lang='lat' dir='ltr'>rerum</span> <span class='ocrx_word' id='word_1_358' title='bbox 1637 1725 1779 1750; x_wconf 88' lang='lat' dir='ltr'>conten-</span> 
     </span>
     <span class='ocr_line' id='line_1_77' title="bbox 1109 1759 1778 1805; baseline 0.009 -13"><span class='ocrx_word' id='word_1_359' title='bbox 1109 1767 1165 1793; x_wconf 91' lang='lat' dir='ltr'>tus</span> <span class='ocrx_word' id='word_1_360' title='bbox 1192 1759 1245 1800; x_wconf 83' lang='lat' dir='ltr'>sis,</span> <span class='ocrx_word' id='word_1_361' title='bbox 1272 1759 1368 1805; x_wconf 92' lang='lat' dir='ltr'>quod</span> <span class='ocrx_word' id='word_1_362' title='bbox 1394 1770 1429 1795; x_wconf 90' lang='lat' dir='ltr'>et</span> <span class='ocrx_word' id='word_1_363' title='bbox 1461 1760 1611 1796; x_wconf 90' lang='lat' dir='ltr'>utiliores</span> <span class='ocrx_word' id='word_1_364' title='bbox 1641 1763 1718 1804; x_wconf 81' lang='lat' dir='ltr'>sint,</span> <span class='ocrx_word' id='word_1_365' title='bbox 1744 1775 1778 1798; x_wconf 90' lang='lat' dir='ltr'>et</span> 
     </span>
     <span class='ocr_line' id='line_1_78' title="bbox 1108 1807 1779 1853; baseline 0.01 -13"><span class='ocrx_word' id='word_1_366' title='bbox 1108 1807 1188 1853; x_wconf 87' lang='lat' dir='ltr'>plus</span> <span class='ocrx_word' id='word_1_367' title='bbox 1231 1807 1378 1842; x_wconf 84' lang='lat' dir='ltr'>habeant</span> <span class='ocrx_word' id='word_1_368' title='bbox 1422 1808 1618 1852; x_wconf 72' lang='lat' dir='ltr'>facilitatis-3</span> <span class='ocrx_word' id='word_1_369' title='bbox 1658 1812 1779 1847; x_wconf 90' lang='lat' dir='ltr'>admo-</span> 
     </span>
     <span class='ocr_line' id='line_1_79' title="bbox 1110 1856 1779 1903; baseline 0.01 -14"><span class='ocrx_word' id='word_1_370' title='bbox 1110 1856 1244 1891; x_wconf 80' lang='lat' dir='ltr'>nendus</span> <span class='ocrx_word' id='word_1_371' title='bbox 1274 1868 1323 1898; x_wconf 87' lang='lat' dir='ltr'>es,</span> <span class='ocrx_word' id='word_1_372' title='bbox 1352 1869 1459 1903; x_wconf 87' lang='lat' dir='ltr'>quare</span> <span class='ocrx_word' id='word_1_373' title='bbox 1489 1859 1675 1894; x_wconf 90' lang='lat' dir='ltr'>verborum</span> <span class='ocrx_word' id='word_1_374' title='bbox 1707 1872 1779 1896; x_wconf 89' lang='lat' dir='ltr'>me-</span> 
     </span>
     <span class='ocr_line' id='line_1_80' title="bbox 1111 1906 1779 1953; baseline 0.009 -15"><span class='ocrx_word' id='word_1_375' title='bbox 1111 1906 1256 1939; x_wconf 87' lang='lat' dir='ltr'>moriam</span> <span class='ocrx_word' id='word_1_376' title='bbox 1288 1917 1356 1940; x_wconf 88' lang='lat' dir='ltr'>non</span> <span class='ocrx_word' id='word_1_377' title='bbox 1382 1906 1632 1953; x_wconf 87' lang='lat' dir='ltr'>improbemus.</span> <span class='ocrx_word' id='word_1_378' title='bbox 1685 1909 1779 1944; x_wconf 87' lang='lat' dir='ltr'>Nam</span> 
     </span>
     <span class='ocr_line' id='line_1_81' title="bbox 1110 1957 1781 2004; baseline 0.01 -17"><span class='ocrx_word' id='word_1_379' title='bbox 1110 1964 1277 2001; x_wconf 87' lang='lat' dir='ltr'>putamus</span> <span class='ocrx_word' id='word_1_380' title='bbox 1298 1966 1469 2002; x_wconf 82' lang='lat' dir='ltr'>oportere,</span> <span class='ocrx_word' id='word_1_381' title='bbox 1497 1968 1568 1998; x_wconf 86' lang='lat' dir='ltr'>eos,</span> <span class='ocrx_word' id='word_1_382' title='bbox 1593 1957 1654 2004; x_wconf 88' lang='lat' dir='ltr'>qui</span> <span class='ocrx_word' id='word_1_383' title='bbox 1672 1958 1781 1994; x_wconf 89' lang='lat' dir='ltr'>velint</span> 
     </span>
     <span class='ocr_line' id='line_1_82' title="bbox 1112 2002 1781 2043; baseline 0.01 -7"><span class='ocrx_word' id='word_1_384' title='bbox 1112 2014 1165 2038; x_wconf 90' lang='lat' dir='ltr'>res</span> <span class='ocrx_word' id='word_1_385' title='bbox 1201 2002 1370 2039; x_wconf 86' lang='lat' dir='ltr'>faciliores</span> <span class='ocrx_word' id='word_1_386' title='bbox 1400 2004 1468 2039; x_wconf 80' lang='lat' dir='ltr'>fine</span> <span class='ocrx_word' id='word_1_387' title='bbox 1493 2006 1610 2041; x_wconf 85' lang='lat' dir='ltr'>labore</span> <span class='ocrx_word' id='word_1_388' title='bbox 1639 2016 1675 2042; x_wconf 91' lang='lat' dir='ltr'>et</span> <span class='ocrx_word' id='word_1_389' title='bbox 1707 2019 1781 2043; x_wconf 90' lang='lat' dir='ltr'>mo-</span> 
     </span>
     <span class='ocr_line' id='line_1_83' title="bbox 1111 2050 1783 2096; baseline 0.007 -10"><span class='ocrx_word' id='word_1_390' title='bbox 1111 2051 1205 2087; x_wconf 87' lang='lat' dir='ltr'>lestia</span> <span class='ocrx_word' id='word_1_391' title='bbox 1235 2050 1335 2088; x_wconf 90' lang='lat' dir='ltr'>facile</span> <span class='ocrx_word' id='word_1_392' title='bbox 1365 2054 1568 2096; x_wconf 83' lang='lat' dir='ltr'>meminiffe,</span> <span class='ocrx_word' id='word_1_393' title='bbox 1607 2055 1640 2089; x_wconf 92' lang='lat' dir='ltr'>in</span> <span class='ocrx_word' id='word_1_394' title='bbox 1679 2056 1783 2091; x_wconf 86' lang='lat' dir='ltr'>rebus</span> 
     </span>
     <span class='ocr_line' id='line_1_84' title="bbox 1112 2100 1780 2140; baseline 0.007 -5"><span class='ocrx_word' id='word_1_395' title='bbox 1112 2100 1360 2137; x_wconf 75' lang='lat' dir='ltr'>difficili.‚ribus</span> <span class='ocrx_word' id='word_1_396' title='bbox 1382 2103 1445 2137; x_wconf 81' lang='lat' dir='ltr'>effe</span> <span class='ocrx_word' id='word_1_397' title='bbox 1470 2113 1547 2138; x_wconf 86' lang='lat' dir='ltr'>ante</span> <span class='ocrx_word' id='word_1_398' title='bbox 1567 2105 1780 2140; x_wconf 88' lang='lat' dir='ltr'>exercitatos.</span> 
     </span>
     <span class='ocr_line' id='line_1_85' title="bbox 1111 2150 1785 2189; baseline 0.007 -5"><span class='ocrx_word' id='word_1_399' title='bbox 1111 2150 1190 2185; x_wconf 86' lang='lat' dir='ltr'>Nec</span> <span class='ocrx_word' id='word_1_400' title='bbox 1217 2162 1278 2185; x_wconf 91' lang='lat' dir='ltr'>nos</span> <span class='ocrx_word' id='word_1_401' title='bbox 1297 2150 1384 2185; x_wconf 90' lang='lat' dir='ltr'>hanc</span> <span class='ocrx_word' id='word_1_402' title='bbox 1406 2152 1592 2187; x_wconf 90' lang='lat' dir='ltr'>verborum</span> <span class='ocrx_word' id='word_1_403' title='bbox 1619 2154 1785 2189; x_wconf 86' lang='lat' dir='ltr'>memori·</span> 
     </span>
     <span class='ocr_line' id='line_1_86' title="bbox 1111 2198 1780 2242; baseline 0.004 -9"><span class='ocrx_word' id='word_1_404' title='bbox 1111 2211 1166 2233; x_wconf 87' lang='lat' dir='ltr'>am</span> <span class='ocrx_word' id='word_1_405' title='bbox 1203 2198 1413 2242; x_wconf 83' lang='lat' dir='ltr'>inducimus,</span> <span class='ocrx_word' id='word_1_406' title='bbox 1439 2211 1478 2235; x_wconf 90' lang='lat' dir='ltr'>ut</span> <span class='ocrx_word' id='word_1_407' title='bbox 1509 2200 1622 2235; x_wconf 90' lang='lat' dir='ltr'>versus</span> <span class='ocrx_word' id='word_1_408' title='bbox 1657 2203 1780 2236; x_wconf 89' lang='lat' dir='ltr'>memi-</span> 
     </span>
     <span class='ocr_line' id='line_1_87' title="bbox 1113 2248 1780 2295; baseline 0.004 -13"><span class='ocrx_word' id='word_1_409' title='bbox 1113 2248 1193 2283; x_wconf 81' lang='lat' dir='ltr'>nisse</span> <span class='ocrx_word' id='word_1_410' title='bbox 1217 2250 1393 2295; x_wconf 77' lang='lat' dir='ltr'>possimus,</span> <span class='ocrx_word' id='word_1_411' title='bbox 1419 2250 1474 2284; x_wconf 83' lang='lat' dir='ltr'>sed</span> <span class='ocrx_word' id='word_1_412' title='bbox 1493 2259 1532 2283; x_wconf 90' lang='lat' dir='ltr'>ut</span> <span class='ocrx_word' id='word_1_413' title='bbox 1563 2249 1625 2284; x_wconf 81' lang='lat' dir='ltr'>hac</span> <span class='ocrx_word' id='word_1_414' title='bbox 1647 2251 1780 2285; x_wconf 88' lang='lat' dir='ltr'>exerci-</span> 
     </span>
     <span class='ocr_line' id='line_1_88' title="bbox 1112 2296 1782 2345; baseline 0.006 -14"><span class='ocrx_word' id='word_1_415' title='bbox 1112 2296 1254 2340; x_wconf 84' lang='lat' dir='ltr'>tatione,</span> <span class='ocrx_word' id='word_1_416' title='bbox 1281 2298 1336 2332; x_wconf 90' lang='lat' dir='ltr'>illa</span> <span class='ocrx_word' id='word_1_417' title='bbox 1358 2309 1471 2332; x_wconf 84' lang='lat' dir='ltr'>rerum</span> <span class='ocrx_word' id='word_1_418' title='bbox 1497 2297 1674 2340; x_wconf 85' lang='lat' dir='ltr'>memoria,</span> <span class='ocrx_word' id='word_1_419' title='bbox 1699 2310 1782 2345; x_wconf 86' lang='lat' dir='ltr'>quae</span> 
     </span>
     <span class='ocr_line' id='line_1_89' title="bbox 1111 2346 1781 2392; baseline 0.003 -12"><span class='ocrx_word' id='word_1_420' title='bbox 1111 2347 1259 2392; x_wconf 91' lang='lat' dir='ltr'>pertinet</span> <span class='ocrx_word' id='word_1_421' title='bbox 1272 2347 1313 2381; x_wconf 87' lang='lat' dir='ltr'>ad</span> <span class='ocrx_word' id='word_1_422' title='bbox 1330 2346 1525 2386; x_wconf 83' lang='lat' dir='ltr'>utilitatem,</span> <span class='ocrx_word' id='word_1_423' title='bbox 1535 2346 1781 2390; x_wconf 85' lang='lat' dir='ltr'>confirmetur-,</span> 
     </span>
     <span class='ocr_line' id='line_1_90' title="bbox 1111 2394 1782 2432; baseline 0.003 -2"><span class='ocrx_word' id='word_1_424' title='bbox 1111 2404 1150 2430; x_wconf 92' lang='lat' dir='ltr'>ut</span> <span class='ocrx_word' id='word_1_425' title='bbox 1165 2395 1208 2430; x_wconf 91' lang='lat' dir='ltr'>ab</span> <span class='ocrx_word' id='word_1_426' title='bbox 1226 2395 1289 2429; x_wconf 91' lang='lat' dir='ltr'>hac</span> <span class='ocrx_word' id='word_1_427' title='bbox 1306 2394 1434 2429; x_wconf 87' lang='lat' dir='ltr'>difficili</span> <span class='ocrx_word' id='word_1_428' title='bbox 1450 2394 1695 2431; x_wconf 88' lang='lat' dir='ltr'>consuetudine</span> <span class='ocrx_word' id='word_1_429' title='bbox 1713 2396 1782 2432; x_wconf 84' lang='lat' dir='ltr'>sine</span> 
     </span>
     <span class='ocr_line' id='line_1_91' title="bbox 1112 2443 1783 2481; baseline 0.003 -2"><span class='ocrx_word' id='word_1_430' title='bbox 1112 2443 1228 2479; x_wconf 90' lang='lat' dir='ltr'>labore</span> <span class='ocrx_word' id='word_1_431' title='bbox 1247 2444 1290 2477; x_wconf 91' lang='lat' dir='ltr'>ad</span> <span class='ocrx_word' id='word_1_432' title='bbox 1309 2443 1401 2478; x_wconf 91' lang='lat' dir='ltr'>illam</span> <span class='ocrx_word' id='word_1_433' title='bbox 1422 2444 1623 2479; x_wconf 79' lang='lat' dir='ltr'>facilitatem</span> <span class='ocrx_word' id='word_1_434' title='bbox 1643 2446 1783 2481; x_wconf 81' lang='lat' dir='ltr'>transire</span> 
     </span>
     <span class='ocr_line' id='line_1_92' title="bbox 1112 2493 1782 2540; baseline 0.001 -13"><span class='ocrx_word' id='word_1_435' title='bbox 1112 2493 1286 2540; x_wconf 85' lang='lat' dir='ltr'>poffimus.</span> <span class='ocrx_word' id='word_1_436' title='bbox 1329 2493 1397 2529; x_wconf 91' lang='lat' dir='ltr'>Sed</span> <span class='ocrx_word' id='word_1_437' title='bbox 1421 2504 1501 2528; x_wconf 91' lang='lat' dir='ltr'>cum</span> <span class='ocrx_word' id='word_1_438' title='bbox 1522 2493 1554 2529; x_wconf 93' lang='lat' dir='ltr'>in</span> <span class='ocrx_word' id='word_1_439' title='bbox 1573 2494 1670 2530; x_wconf 88' lang='lat' dir='ltr'>omni</span> <span class='ocrx_word' id='word_1_440' title='bbox 1686 2494 1782 2531; x_wconf 86' lang='lat' dir='ltr'>disci-</span> 
     </span>
    </p>
   </div>
  </div>
 </body>
</html>
