2335 3009
788 211 1395 252 FRAGMENTA.
1715 228 1790 269 145

447 313 538 353 Lib.
561 325 690 351 xxvl.
703 319 819 365 prope
822 311 975 365 finem]
1009 311 1193 351 Infelices
1214 312 1301 358 effe,
1330 312 1401 365 qui
1422 312 1557 351 omnia
1578 312 1649 352 fibi
1670 312 1786 352 licere

391 379 672 418 existimarent.

445 443 536 484 Lib.
560 442 711 496 xxxr]
743 443 951 497 Erythraeo
984 444 1133 498 oppido
1168 442 1455 497 superpositum
1485 452 1667 486 montem
1696 445 1783 484 Mi-

390 519 538 548 manta.

447 573 591 627 Nom]
622 576 782 614 Arcera.

445 640 578 679 PL1N.
610 641 754 694 Praef]
786 640 833 679 In
854 639 967 679 libris
989 639 1036 678 de
1057 639 1274 692 republica,
1306 639 1482 677 Platonis
1504 653 1567 678 rne
1594 639 1785 679 comitem

387 706 596 759 profite0r;
621 707 661 745 in
683 706 950 746 consolatione
969 706 1075 753 filiae,
1095 707 1329 745 Crantorem
1349 706 1488 759 sequor
1499 725 1511 752 5
1533 706 1632 745 item
1647 706 1783 745 Panae-

389 772 493 811 tium
514 773 561 811 de
581 773 739 812 officiis.

443 837 533 877 Lib.
557 852 641 878 v11.
673 848 755 892 cap.
780 837 840 891 2.]
872 839 1074 879 Foeminas
1095 850 1232 877 omnes
1252 837 1338 877 visu
1358 850 1513 884 nocere,
1534 851 1620 891 quae
1645 837 1782 890 dupli-

388 916 452 943 ces
474 904 644 957 pupillas
664 904 827 944 habent.

442 969 532 1010 Lib.
550 983 633 1009 v11.
655 978 736 1023 cap.
754 970 842 1023 21.]
874 972 921 1010 In
942 983 1043 1010 nuce
1063 969 1256 1010 inclusam
1276 970 1413 1017 Iliada,
1434 969 1606 1008 Homeri
1626 981 1782 1008 carmen

387 1034 430 1073 in
452 1035 680 1077 membrana
700 1035 906 1087 scriptum.

444 1099 557 1146 Idem,
578 1100 686 1154 ibid]
719 1102 751 1140 F
755 1101 848 1140 uiffe
868 1101 937 1154 qui
958 1099 1176 1154 pervideret
1199 1112 1349 1139 cxxxv
1371 1100 1436 1139 M.
1459 1099 1652 1153 paffuum.

445 1165 535 1206 Lib.
570 1180 654 1206 V11.
703 1175 785 1219 cap.
819 1166 910 1221 43.]
955 1167 1002 1206 P.
1038 1165 1276 1205 Ventidium
1321 1165 1543 1205 mulionem
1587 1165 1782 1205 castrenfis

388 1230 650 1270 suffaraneum
675 1230 802 1270 fuiffe.

443 1296 533 1336 Lib.
558 1311 688 1336 xxm.
719 1305 800 1350 cap.
822 1296 885 1348 4.]
918 1297 1120 1335 Formicas
1141 1295 1353 1349 solipugas.

442 1361 559 1415 Ibid.]
605 1363 778 1402 Mustela
810 1362 963 1402 catulos
997 1362 1085 1402 suos
1118 1361 1298 1416 quotidie
1331 1360 1531 1408 transfert,
1575 1369 1784 1415 mutatque

387 1427 532 1477 sedem.

443 1493 532 1534 Lib.
568 1507 676 1534 xxx,
708 1502 789 1547 cap.
817 1492 901 1548 15²]
934 1492 1136 1533 Animalia
1167 1491 1302 1534 biuros
1321 1492 1468 1540 vocari,
1502 1492 1574 1547 qui
1605 1491 1705 1531 vites
1738 1490 1782 1532 in

388 1559 605 1612 Campania
624 1560 800 1599 erodant.

440 1624 531 1665 Lib.
556 1639 685 1664 xxxx.
716 1635 798 1679 cap.
822 1624 883 1678 2.]
917 1626 1058 1664 Cicero
1085 1623 1128 1663 in
1157 1623 1396 1663 admirandis
1423 1622 1570 1677 posuit,
1600 1622 1780 1663 Reatinis

386 1699 543 1730 tantum
563 1690 774 1744 paludibus
797 1691 963 1745 ungulas
981 1693 1257 1746 jumentorum
1277 1689 1467 1728 indurari.

442 1756 531 1797 Lib.
557 1771 687 1797 xxxl.
709 1766 789 1811 cap.
813 1757 875 1810 4.]
898 1757 1092 1811 Qaedam
1112 1765 1222 1796 terrae
1243 1755 1441 1795 imbribus
1461 1754 1639 1794 sicciores
1659 1753 1777 1801 fiunt,

388 1823 496 1863 velut
517 1824 558 1863 in
580 1824 789 1863 Narniensi
809 1837 903 1877 agro
920 1843 932 1870 ς
949 1823 1058 1877 quod
1077 1822 1316 1862 admirandis
1338 1821 1415 1861 suis
1437 1821 1600 1860 inseruit
1620 1821 1684 1860 M.
1704 1821 1777 1860 Ci-

383 1903 474 1929 cero
489 1909 502 1936 ;
534 1890 705 1930 siccitate
725 1891 858 1929 lutum
878 1890 963 1928 fieri
983 1889 1167 1944 prodens,
1198 1889 1327 1928 imbre
1345 1888 1565 1943 pulverem.

443 1957 622 2009 anr.
653 1955 716 1995 lib.
750 1969 856 1996 vin.
887 1964 968 2010 cap.
1003 1955 1065 2008 6.]
1097 1956 1190 1995 Hoc
1222 1955 1346 1994 miror
1376 1954 1499 2000 enim,
1540 1966 1776 2007 querorque,

387 2034 629 2075 quemquam
648 2021 855 2061 hominem
884 2022 940 2060 ita
969 2021 1197 2076 peffundare
1227 2021 1396 2060 alterum
1426 2019 1556 2059 verbis
1586 2019 1702 2065 velle,
1733 2027 1779 2060 ut

386 2087 505 2125 etiam
526 2101 663 2126 navem
683 2087 871 2141 perforet,
902 2087 945 2126 in
965 2101 1042 2140 qua
1062 2087 1142 2141 ipse
1163 2086 1335 2140 naviget.

441 2151 531 2191 Lib.
556 2167 619 2192 XI.
651 2162 732 2207 cap.
758 2153 811 2206 1.]
843 2155 940 2193 Non
966 2154 1002 2192 se
1021 2154 1063 2192 id
1083 2152 1213 2206 egifl‘e‚
1245 2162 1290 2192 ut
1309 2153 1364 2192 ita
1382 2151 1543 2199 diceret,
1575 2149 1778 2205 quomodo

387 2217 424 2255 se
443 2217 614 2270 quilibet
634 2219 738 2272 poss‘e
757 2218 987 2265 confideret,
1018 2219 1081 2258 sed
1103 2218 1305 2272 quomodo
1325 2231 1457 2257 nemo.

442 2284 604 2323 Smne.
635 2284 698 2324 lib.
734 2299 765 2325 1.
798 2282 1013 2339 Tranquil]
1052 2285 1299 2324 Gladiatores
1334 2283 1477 2323 invisos
1511 2282 1718 2328 habemus,
1749 2281 1777 2323 fi

385 2349 496 2387 omni
518 2349 637 2388 modo
656 2350 778 2390 vitam
798 2352 1008 2406 impetrare
1027 2351 1220 2405 cupiunt:
1242 2349 1434 2395 favemus,
1451 2348 1479 2388 fi
1499 2357 1778 2404 contemptum

386 2415 469 2468 ejus
491 2428 568 2468 prae
589 2415 625 2453 se
645 2414 793 2457 ferunt.

466 2482 534 2520 To
547 2493 599 2522 M.
631 2481 706 2521 IX.
1430 2477 1477 2521 T
