2335 3009
729 210 1342 253 FRAGMENTA.

341 312 424 351 Hic
444 311 569 365 press'u
589 310 742 363 duplici
762 311 983 363 palmarum
1002 311 1182 349 continet
1201 312 1405 365 Anguem,

342 379 441 430 Ejus
462 387 500 416 et
521 377 600 429 ipse
621 385 754 415 manet
773 376 959 428 religatus
980 389 1143 429 corpore
1164 386 1264 423 toto,

341 444 528 495 Namque
548 443 678 481 virum
698 441 876 480 medium
898 441 1051 494 serpens
1073 441 1144 480 sub
1164 445 1321 496 pectora
1341 445 1482 498 cingit.

340 509 414 547 Ille
444 517 572 546 tamen
603 508 771 560 graviter
800 507 929 546 nitens
959 507 1118 560 vestigia
1137 510 1267 560 ponit,

339 575 474 626 Atque
494 574 631 612 oculos
655 582 766 625 urget
785 572 951 625 pedibu-e
973 573 1183 626 pectusque
1204 575 1350 628 Nepai.

339 639 414 677 Hic
428 638 563 692 prffts
581 638 724 684 dextra,
741 639 872 692 stcrgit
885 656 898 683 ς
915 638 988 691 sed
994 648 1108 691 parte
1111 639 1263 693 stng'stra

338 705 514 756 Sertaque
518 705 701 756 fhpremae
719 713 879 756 tangunt
897 703 1040 742 Minoia
1059 705 1177 743 malae.

337 768 412 807 Sub
417 769 527 822 spira
545 783 682 822 quaeres
700 767 859 819 immenso
877 774 1022 821 corpore
1039 769 1168 814 chelas,

336 835 430 886 Qae
448 844 566 873 tamen
585 833 687 872 haud
699 847 866 886 magnum
872 834 1024 885 jadant
1034 843 1107 887 pro
1125 836 1210 874 mole
1227 836 1391 878 nitorem.

335 902 455 954 Ipstzm
474 901 622 940 Helicen
628 901 813 954 sequitur,
842 915 911 939 non
930 899 1184 954 dq'sparfirma
1202 902 1362 950 bubulco,

337 966 623 1020 Arstophylax,
654 967 774 1019 vulgo
794 967 865 1019 qui
885 966 1033 1005 dicitur
1051 966 1124 1005 effe
1144 968 1303 1015 Bootes,

338 1032 459 1084 Qod
479 1033 584 1085 quafi
607 1043 763 1071 temone
782 1033 1005 1085 adjunctam
1027 1047 1103 1085 prae
1123 1033 1160 1072 se
1180 1036 1308 1087 quatit
1328 1038 1494 1078 Arcton.

337 1099 471 1137 Clarus
489 1099 560 1144 hic,
590 1109 629 1137 et
649 1099 780 1137 subter
800 1099 1011 1151 praecordia
1026 1099 1107 1138 -fixa
1127 1109 1284 1140 tenetur

337 1165 456 1202 Stella
475 1166 624 1203 micans
646 1164 761 1202 radiis
783 1165 973 1202 Ar<fturus
995 1165 1156 1203 nomine
1175 1165 1294 1206 claro.

336 1230 463 1282 Hicse
483 1230 552 1267 sub
574 1229 740 1282 pedibus
761 1229 910 1281 profert
932 1229 1043 1267 finita
1063 1231 1180 1268 Booti

337 1296 500 1348 Spicum
520 1295 668 1334 illustre
689 1305 823 1333 tenens
845 1294 1065 1347 splendenti
1085 1308 1249 1348 corpore
1269 1298 1410 1351 Virgo.

336 1360 423 1399 Sive
443 1361 498 1399 illi
513 1360 677 1410 Astraeus
689 1368 802 1413 pater
819 1359 877 1412 ςβ,
908 1360 972 1413 qui
986 1359 1122 1398 dicitur
1140 1360 1229 1400 idem

336 1426 516 1465 Sideribus
522 1426 698 1481 stellffque
710 1434 836 1479 pater,
853 1428 923 1476 seu
940 1425 1085 1478 quilibet
1103 1427 1212 1473 alter,

335 1492 394 1531 Sit
407 1492 505 1545 felix
516 1508 529 1531 .-
546 1492 640 1546 stme
657 1493 735 1531 haec
751 1500 936 1531 narratur
938 1491 1078 1544 fizbula
1096 1493 1218 1546 vulgo.

333 1558 487 1596 Incoluit
514 1559 596 1596 caelo
624 1567 746 1596 terras
772 1558 920 1611 Astraea
947 1558 1081 1604 relicffo,

335 1624 604 1676 Conventzgsque
621 1623 797 1662 hominum
815 1637 883 1661 non
902 1622 1094 1676 dedignata
1105 1623 1288 1676 priorum,

336 1688 408 1728 Sed
421 1703 483 1727 nec
485 1690 673 1741 jiemineos
678 1690 855 1742 spernens
874 1689 1027 1743 invisere
1044 1698 1169 1734 caetus,

336 1754 429 1794 Leti
443 1763 566 1807 expers
579 1755 707 1808 generi
722 1755 871 1793 mortali
884 1755 1001 1793 mixta
1017 1753 1156 1807 rafidim

334 1820 486 1858 Nomine
505 1820 670 1874 Jzstitiae
683 1820 855 1872 gaudens,
871 1818 1081 1872 senibzgfque
1100 1819 1242 1864 coaHis,

336 1885 421 1924 Sive
424 1886 515 1938 foro
535 1886 571 1924 in
590 1900 730 1938 magno,
746 1887 816 1938 stu
835 1885 1049 1937 latipatente
1057 1884 1200 1937 platea,

335 1951 469 1990 Civiles
489 1951 629 2004 populis
656 1949 819 1989 Amabat
831 1949 960 2004 fidula
986 1950 1089 2003 leges,

334 2017 414 2056 Nec
431 2017 526 2055 mala
543 2017 586 2055 lis
589 2015 741 2069 suerat,
771 2030 834 2055 nec
851 2015 933 2055 dum
952 2014 1122 2070 discordia
1139 2022 1239 2060 nota,

334 2083 414 2121 Nec
418 2083 511 2135 fera
515 2082 645 2136 stditt'o
648 2082 828 2135 furiarat
845 2081 965 2121 mobile
982 2082 1127 2136 vulgus,

336 2149 446 2186 Saeva
464 2162 526 2188 nec
542 2148 691 2188 audaces
695 2148 858 2201 fuerant
862 2149 976 2202 freta
985 2148 1089 2202 pafflz
1107 2150 1252 2190 carinas
1265 2165 1280 2189 .-

337 2213 408 2252 Sed
421 2213 532 2253 bubus
550 2217 668 2254 tral't'o
672 2215 859 2268 sulcantes
878 2229 1018 2254 vomere
1036 2223 1170 2262 terras,

337 2279 542 2318 Malebant
562 2281 671 2319 tenui
691 2282 869 2320 contenti
888 2282 1016 2321 vivere
1035 2282 1164 2328 cultu,

336 2345 534 2398 Szgfficiente
553 2347 638 2385 Dea
645 2346 750 2399 justis
761 2347 865 2400 pleno
883 2347 998 2387 omnia
1016 2361 1141 2387 cornu.

336 2413 431 2450 Haec
446 2420 578 2456 manet,
608 2411 644 2449 in
649 2413 790 2464 fimetis
808 2413 890 2452 dum
904 2428 993 2466 gens
1009 2422 1129 2453 manet
1146 2426 1258 2453 aurea
1276 2410 1386 2452 terris
1400 2425 1417 2451 .-

337 2476 408 2515 Sed
421 2491 488 2516 non
507 2477 656 2530 argenti
670 2477 772 2516 nimis
790 2478 834 2530 5st
851 2479 980 2519 laetata
998 2479 1150 2525 metallo,

1664 231 1742 274 117

1675 593 1729 633 90

1673 920 1727 960 95

1650 1249 1726 1275 100

1649 1575 1725 1617 ¹03

1647 1901 1724 1930 110

1644 2229 1719 2270 115
