2335 3009
725 235 831 275 AD
909 233 1311 273 BRUTUM.
1662 252 1715 292 93

322 337 382 390 est,
403 345 536 382 tamen,
556 334 640 388 quia
658 333 716 373 ille
732 333 853 385 corfiel
865 332 962 371 hunc
978 331 1193 383 consularem
1212 332 1338 370 merito
1351 332 1530 386 praestare
1549 335 1710 382 videtur,

323 417 419 442 nemo
449 401 668 442 admiratur.
720 399 817 438 Idem
849 398 972 437 Cicero
990 398 1033 449 st
1049 397 1201 451 flexerit
1234 398 1406 450 adverfizs
1429 401 1513 438 alios
1535 401 1714 453 judicium

307 469 434 520 ficum,
464 465 559 520 quod
584 474 695 504 tanta
709 464 897 516 firmitate
922 477 967 502 ac
995 461 1240 515 magnitudine
1269 462 1401 501 direxit
1427 464 1464 503 in
1490 467 1710 507 exturbando

321 533 497 578 Antonio,
526 546 594 570 non
613 529 708 569 modo
727 529 857 582 reliqui
873 529 1038 581 temporis
1053 528 1206 580 gloriam
1225 528 1491 581 erzPueritstbi,
1507 533 1579 584 fid
1603 534 1710 573 etiam

315 599 515 652 praeterita
534 598 739 647 evanescere
755 604 867 648 coget,
887 595 1007 649 (nibil
1022 594 1111 632 enim
1125 603 1194 647 per
1197 595 1244 647 st
1262 595 1415 647 amplum
1431 596 1488 647 est,
1510 597 1551 634 ni
1559 613 1572 635 1
1591 598 1627 636 in
1643 614 1710 652 quo

310 663 442 717 judicii
470 663 567 703 ratio
585 660 715 715 extat)
735 662 819 715 quia
838 661 1006 700 neminem
1025 660 1136 713 magis
1163 659 1274 705 decet,
1305 675 1410 713 quam
1436 670 1485 707 te,
1515 664 1708 716 rempubli-

323 744 402 769 cam
420 744 554 774 amare,
575 727 819 781 libertatisque
837 727 1047 779 dcy‘ensorem
1067 725 1140 778 effi,
1171 727 1235 765 vel
1248 726 1398 778 ingenio,
1429 729 1493 766 vel
1508 729 1610 769 rebus
1625 733 1709 783 gef-

324 796 385 841 tis,
415 797 479 834 vel
480 794 612 846 studio,
641 803 750 847 atque
769 793 1021 846 efflagitatione
1039 792 1202 830 omnium.
1234 794 1359 844 Qare
1378 807 1446 831 non
1468 795 1645 834 OHavius
1664 796 1709 846 est

324 860 516 913 rogandus,
542 869 585 899 ut
603 860 693 898 velit
710 873 771 898 nos
775 860 905 911 salvos
925 857 986 910 effi
1003 873 1016 896 .·
1047 857 1160 910 magis
1180 866 1222 896 tu
1241 867 1277 896 te
1294 858 1479 909 exsuscita.
1500 869 1541 897 ut
1560 874 1636 899 eam
1655 862 1709 900 ci-

324 926 492 971 vitatem,
523 927 560 965 in
591 940 662 978 qua
681 925 835 963 maxima
851 923 987 977 geffi'sti,
1016 923 1164 962 liberam
1182 932 1290 976 atque
1308 924 1574 976 honestamfore
1586 935 1708 980 putes,

307 993 352 1044 st
367 992 460 1032 modo
466 993 546 1046 sint
561 992 690 1045 populo
708 991 810 1032 duces
828 989 879 1029 ad
893 989 1110 1042 resistendum
1129 989 1366 1043 improborum
1387 992 1544 1042 corfiliis.

698 1197 952 1234 BRUTus
998 1195 1253 1232 ATT1co
1302 1195 1339 1233 S.

329 1324 466 1363 XVII.
489 1322 556 1395 S
568 1322 602 1360 C
613 1322 649 1360 R
663 1323 692 1359 I
696 1322 732 1360 B
747 1321 811 1360 IS
838 1321 936 1365 mihi,
966 1319 1100 1358 mirari
1117 1319 1331 1364 Ciceronem,
1362 1319 1455 1372 quod
1469 1320 1709 1375 nihilsignjfi-

567 1400 639 1425 cem
658 1400 812 1439 unquam
831 1385 872 1424 de
875 1385 958 1439 suis
975 1384 1078 1423 attis.
1109 1385 1284 1436 Qoniam
1304 1384 1491 1437 efflagitas,
1509 1389 1630 1425 coam
1651 1398 1712 1427 tuo

313 1453 491 1508 stribam,
522 1467 602 1507 quae
615 1452 750 1504 sentio.
797 1452 929 1490 Omnia
943 1448 1069 1503 jecgffi‘
1094 1450 1296 1489 Ciceronem
1314 1451 1442 1503 optimo
1460 1451 1588 1497 anima,
1604 1454 1683 1504 scio
1697 1469 1710 1492 .-

329 1520 417 1573 quid
431 1520 521 1558 enim
539 1519 628 1557 mihi
644 1518 861 1571 exploratius
880 1517 941 1570 effi
954 1516 1078 1570 potest,
1096 1531 1202 1569 quam
1220 1517 1315 1555 illius
1334 1517 1472 1556 animus
1490 1517 1526 1555 in
1545 1520 1712 1572 rempub-

328 1585 431 1623 licam
448 1585 469 1624 ?
499 1585 570 1624 Sed
595 1584 754 1637 quaedam
787 1583 876 1622 mihi
892 1582 1052 1627 videtur,
1083 1582 1171 1635 quid
1185 1582 1298 1620 dicam
1316 1583 1336 1621 ,ἕ
1365 1582 1528 1636 imperite
1557 1584 1620 1622 vir
1638 1600 1712 1623 om-

327 1650 425 1689 nium
438 1649 736 1703 prudentgffimus,
766 1663 815 1687 an
834 1648 1023 1701 ambitioſs’,
1046 1647 1125 1700 feci
1148 1662 1178 1691 e,
1209 1648 1273 1700 qui
1300 1647 1568 1698 valentgffimum
1588 1651 1713 1690 Anto-

329 1715 426 1754 nium
441 1716 622 1769 suscipere
641 1724 712 1768 pro
731 1714 912 1767 republica
931 1728 998 1752 non
1025 1712 1204 1751 dubitarit
1233 1713 1411 1751 inimicum
1429 1714 1449 1751 ?
1479 1715 1602 1766 Nescio
1632 1715 1720 1768 quid

316 1781 479 1835 scribam
499 1781 579 1826 nbi,
601 1781 667 1831 nfi
683 1794 790 1818 unum
806 1798 818 1824 ;
843 1780 954 1833 pueri
968 1788 1004 1817 et
1023 1778 1252 1830 cupiditatem
1272 1787 1307 1815 et
1325 1778 1504 1817 licentiam
1516 1780 1637 1832 potius
1655 1781 1715 1833 ‘ffi'

331 1846 535 1893 irritatam,
564 1860 671 1900 quam
701 1845 901 1899 reprffzm,
931 1860 954 1883 a
986 1845 1152 1883 Cicerone
1169 1861 1180 1888 ;
1213 1852 1424 1896 tantumque
1450 1859 1526 1883 eum
1556 1846 1716 1886 tribuere

332 1912 412 1951 huic
431 1912 674 1966 indulgentia
705 1920 747 1950 ut
752 1914 797 1963 se
816 1910 1004 1949 malediHis
1025 1924 1093 1948 non
1112 1909 1298 1959 abstineat,
1329 1909 1371 1947 iis
1391 1909 1540 1962 quidem,
1570 1925 1649 1964 quae
1678 1912 1716 1952 in

332 1978 441 2031 ipsum
461 1978 648 2032 dupliciter
675 1977 867 2022 recidunt3
898 1975 991 2029 quod
1015 1984 1050 2014 et
1071 1975 1196 2027 plures
1220 1974 1345 2013 occidit
1378 1989 1459 2020 uno,
1475 1978 1587 2029 seque
1609 1978 1715 2030 prius

333 2052 470 2096 oportet
487 2045 670 2096 fateatur
686 2042 878 2093 ficarium,
909 2055 1014 2094 quam
1044 2040 1186 2091 objiciat
1219 2041 1359 2092 Cascae,
1384 2041 1478 2093 quod
1505 2041 1621 2094 objicit
1637 2060 1649 2087 3
1680 2053 1716 2082 et

332 2110 500 2153 imitatur
529 2111 566 2149 in
597 2110 710 2160 Casca
735 2108 901 2159 Bestiam.
946 2110 1026 2152 An,
1057 2107 1140 2160 quia
1170 2121 1237 2145 non
1257 2105 1412 2144 omnibus
1430 2107 1525 2145 horis
1532 2109 1718 2157 jac'lamus

334 2175 418 2215 Idus
437 2176 617 2221 Martias,
631 2175 804 2226 fimiltter
821 2184 930 2227 atque
948 2174 1004 2212 ille
1025 2175 1151 2212 Nonas
1172 2173 1387 2211 Decembres
1389 2175 1482 2225 suas
1512 2174 1549 2211 in
1569 2188 1628 2212 ore
1645 2175 1715 2213 ha-

333 2242 405 2286 bet,
435 2255 471 2279 eo
502 2242 639 2280 meliore
663 2240 856 2280 conditione
880 2240 1004 2279 Cicero
1018 2239 1300 2292 pulcherrimum
1304 2239 1456 2289 sactum
1475 2239 1714 2291 vituperabit,

334 2321 439 2361 quam
469 2307 586 2358 Bestia
617 2316 653 2346 et
684 2307 831 2346 Clodius.
856 2305 1110 2359 reprehendere
1139 2305 1234 2343 illius
1255 2305 1471 2355 confitlatum
1477 2305 1582 2358 soliti
1589 2306 1678 2355 fient
1697 2306 1721 2344 ?<

337 2370 536 2424 Sustinuiſje
554 2372 642 2409 mihi
652 2372 838 2424 gloriatur
855 2371 980 2410 bellum
995 2371 1155 2410 Antonii
1167 2379 1312 2422 togatus
1332 2369 1455 2407 Cicero
1474 2369 1597 2416 noster.
1621 2371 1725 2423 Qid

337 2439 399 2476 hoc
417 2437 506 2475 mihi
518 2436 715 2488 prodest,fi
731 2450 859 2475 merces
877 2437 1035 2476 Antonii
1050 2435 1196 2488 oppreffi'
1205 2435 1365 2487 poscitur
1383 2434 1420 2472 in
1436 2435 1594 2473 Antonii
1607 2436 1718 2474 locum

320 2502 484 2556 succeffio
496 2502 515 2539 ?
531 2512 579 2547 et,
584 2503 626 2553 st
638 2501 769 2541 vindex
783 2502 874 2541 illius
891 2503 978 2542 mali
990 2504 1115 2541 auc‘t‘or
1130 2501 1252 2541 extitit
1269 2501 1432 2545 alterius,
1436 2500 1738 2553 fundamentum=
