2335 3009
618 234 713 273 AD
772 233 841 284 Q
888 230 1255 270 FRATREM
1314 231 1448 272 LIB.
1494 235 1551 274 11.
1735 251 1781 290 31

387 333 516 373 adhuc
535 345 652 371 nemo
673 331 839 383 rogavit,
871 343 967 368 num
989 329 1087 381 quid
1107 329 1149 367 in
1172 329 1388 369 Sardiniam
1410 331 1582 379 vellem;
1619 341 1656 371 te
1686 343 1786 387 puto

387 399 484 451 saepe
509 397 666 441 habere,
697 396 783 448 qui,
815 409 912 433 num
945 393 1042 447 quid
1075 395 1248 432 Romam
1280 396 1392 441 velis,
1425 407 1616 448 quaerant.
1662 399 1783 450 Qod

385 463 432 501 ad
453 476 516 500 me
535 462 583 500 de
604 462 768 500 Lentuli
788 470 826 499 et
848 461 955 498 Sexti
977 461 1138 498 nomine
1158 460 1353 512 scripfisti‚
1385 461 1543 501 locutus
1573 463 1658 502 sum
1687 478 1781 502 cum

386 528 544 567 Cincio.
591 529 768 579 Qoquo
799 525 918 564 modo
948 539 1006 564 res
1038 526 1075 563 se
1104 525 1237 571 habet,
1269 539 1349 564 non
1379 526 1433 564 est
1463 527 1681 574 facillima;
1715 530 1778 568 sed

384 593 504 632 habet
534 592 711 647 profecto
742 592 933 645 quiddam
964 591 1138 630 Sardinia
1157 591 1379 644 appofitum
1399 592 1446 630 ad
1467 595 1779 633 recordationem

384 660 588 712 praeteritae
622 659 837 697 memoriae.
884 658 991 696 Nam
1023 666 1067 695 ut
1101 657 1170 696 ille
1205 657 1412 696 Gracchus
1447 672 1586 712 augur,
1626 660 1778 713 postea-

383 739 502 777 quam
533 726 575 764 in
600 725 710 763 istam
732 724 977 777 provinciam
997 724 1120 770 venit,
1151 723 1374 763 recordatus
1407 724 1474 770 est,
1506 726 1603 778 quid
1635 726 1707 764 fibi
1736 727 1780 765 in

384 804 525 844 campo
546 791 697 829 Martio
718 791 882 829 comitia
900 790 1110 828 consulum
1138 789 1316 836 habenti,
1348 799 1486 829 contra
1513 791 1684 845 auspicia
1711 805 1779 830 ac-

384 857 562 903 cidiffet;
594 858 646 895 fic
667 866 710 895 tu
731 855 833 895 mihi
854 856 996 894 videris
1026 856 1068 894 in
1090 856 1264 894 Sardinia
1293 856 1340 894 de
1371 855 1500 894 forma
1528 857 1784 903 Minuciana,

384 932 424 961 et
444 922 491 961 de
511 923 743 961 nominibus
765 922 1048 975 Pomponianis
1069 923 1109 960 in
1132 923 1215 960 otio
1235 923 1474 975 recogitasse.
1522 923 1594 961 Sed
1615 937 1688 976 ego
1709 924 1778 962 ad-

382 987 463 1026 huc
484 990 562 1027 emi
585 988 701 1028 nihil.
749 989 957 1027 Culleonis
978 988 1107 1026 auitio
1127 987 1227 1026 faeta
1250 987 1317 1027 est.
1362 989 1591 1027 Tusculano
1623 999 1780 1042 emptor

385 1067 502 1092 nemo
522 1054 616 1093 fuit.
663 1055 702 1092 Si
733 1055 911 1104 conditio
940 1053 1051 1092 valde
1082 1055 1184 1092 bona
1211 1054 1347 1099 fuerit,
1378 1053 1533 1093 fortaffe
1554 1069 1633 1093 non
1655 1057 1781 1094 omit-

385 1127 482 1157 tam.
515 1120 578 1157 De
598 1119 855 1158 aedificatione
875 1129 942 1157 tua
963 1121 1114 1170 Cyrum
1136 1133 1273 1171 urgere
1293 1133 1374 1157 non
1395 1119 1508 1158 ceffo.
1548 1121 1667 1172 Spero
1688 1136 1780 1161 eum

384 1184 428 1222 in
448 1184 580 1222 officio
600 1184 683 1222 fore
699 1203 712 1230 5
744 1184 808 1222 sed
829 1185 962 1222 omnia
983 1184 1072 1222 suut
1092 1185 1259 1222 tardiora
1278 1193 1439 1237 propter
1470 1184 1624 1224 furiosae
1652 1187 1780 1225 aedili-

385 1250 475 1287 tatis
497 1250 822 1302 expectationem.
870 1250 978 1287 Nam
1008 1250 1171 1286 comitia
1197 1249 1275 1286 fine
1295 1263 1405 1286 mora
1424 1249 1557 1288 futura
1578 1251 1776 1292 videntur.

385 1315 525 1353 Edicta
544 1314 634 1353 sunt
654 1328 687 1352 a.
711 1314 750 1353 d.
775 1327 822 1352 ΧΙ
846 1313 926 1352 kal.
950 1313 1048 1352 Feb.
1093 1315 1155 1351 Te
1184 1322 1314 1351 tamen
1335 1313 1554 1352 sollicitum
1575 1315 1648 1353 effe
1669 1318 1777 1356 nolo.

386 1381 520 1418 Omne
539 1392 663 1431 genus
684 1392 705 1417 a
725 1378 839 1417 nobis
867 1378 1061 1416 cautionis
1092 1377 1362 1417 adhibebitur.
1407 1379 1470 1417 De
1490 1392 1579 1431 rege
1600 1381 1778 1420 Alexan-

384 1444 499 1483 drino
518 1443 668 1483 faCtum
689 1444 742 1482 est
763 1443 1185 1489 senatus-consultum,
1208 1457 1301 1482 curn
1321 1444 1582 1483 multitudine
1603 1459 1693 1484 eum
1716 1461 1778 1486 re-

384 1510 491 1556 duci,
522 1510 788 1563 periculosum
810 1510 1038 1562 reipublicae
1058 1510 1197 1548 videri.
1239 1510 1410 1562 Reliqua
1430 1524 1524 1548 cum
1545 1510 1635 1549 effet
1657 1513 1697 1550 in
1719 1513 1779 1551 se-

383 1586 477 1615 natu
498 1576 718 1622 contentio,
749 1577 995 1614 Lentulusne
1026 1589 1074 1615 an
1107 1576 1320 1629 Pompeius
1352 1575 1568 1622 reduceret,
1600 1577 1779 1618 obtinere

383 1642 536 1680 causam
557 1641 755 1680 Lentulus
771 1641 991 1680 videbatur.
1026 1643 1072 1680 In
1089 1655 1132 1680 ea
1152 1656 1191 1680 re
1213 1655 1282 1679 nos
1304 1651 1343 1679 et
1363 1642 1496 1680 officio
1517 1656 1606 1695 erga
1622 1644 1779 1682 Lentu-

382 1709 467 1746 lum
489 1708 672 1753 mirifice,
695 1718 733 1746 et
753 1708 949 1746 voluntati
970 1708 1152 1761 Pompeii
1172 1708 1368 1760 praeclare,
1391 1707 1666 1748 satisfecimus.
1705 1711 1778 1749 Sed

383 1787 452 1826 per
471 1774 749 1811 obtrectatores
771 1773 936 1812 Lentuli
957 1787 1014 1811 res
1036 1773 1235 1811 calumnia
1255 1775 1423 1811 extracta
1449 1772 1516 1812 est.
1564 1774 1779 1814 Consecuti

383 1839 473 1878 sunt
493 1839 575 1877 dies
593 1840 827 1885 comitiales,
845 1853 914 1892 per
928 1853 1027 1891 quos
1049 1839 1200 1876 senatus
1223 1838 1358 1886 haberi
1380 1852 1458 1876 non
1475 1848 1641 1891 poterat.
1667 1841 1779 1892 Qid

381 1905 565 1944 futurum
587 1906 631 1944 fit
652 1906 861 1944 latrocinio
882 1907 1150 1950 tribunorum,
1173 1919 1253 1944 non
1274 1905 1434 1943 divino:
1458 1905 1522 1942 sed
1544 1915 1673 1943 tamen
1696 1908 1778 1946 sus-

382 1972 493 2024 picor
508 1985 577 2025 per
592 1972 674 2010 vim
691 1972 937 2024 rogationem
955 1972 1170 2010 Caninium
1188 1971 1444 2023 perlaturum.
1476 1973 1519 2009 In
1540 1986 1582 2009 ea
1598 1986 1637 2010 re
1655 1974 1777 2012 l'om-

383 2037 494 2090 peius
515 2038 613 2091 quid
634 2037 743 2082 velit,
775 2052 855 2076 non
876 2038 1056 2090 dispicio.
1104 2037 1333 2076 Familiares
1363 2038 1446 2089 ejus
1477 2038 1574 2090 quid
1599 2039 1776 2091 cupiant,

382 2115 518 2140 omnes
535 2102 684 2141 vident.
718 2103 943 2140 Creditores
958 2116 1048 2140 vero
1065 2102 1166 2154 regis
1183 2111 1312 2155 aperte
1327 2102 1513 2154 pecunias
1529 2102 1780 2155 suppeditant

384 2177 520 2206 contra
551 2168 786 2206 Lentulum.
833 2169 923 2206 Sine
955 2168 1078 2206 dubio
1110 2181 1168 2206 res
1199 2182 1220 2206 a
1249 2167 1424 2206 Lentulo
1453 2178 1602 2205 remota
1622 2169 1777 2207 videtur

384 2233 471 2279 effe,
493 2248 586 2273 cum
607 2248 751 2287 magno
773 2247 862 2273 meo
882 2234 1042 2280 dolore;
1064 2247 1289 2287 quanquam
1313 2234 1440 2272 multa
1459 2233 1570 2278 fecit,
1593 2248 1725 2286 quare,
1749 2236 1775 2273 fi

385 2298 442 2337 fas
463 2299 567 2344 esset,
584 2301 672 2352 jure
692 2301 728 2339 ei
749 2300 970 2339 succensere
990 2300 1200 2354 poffemUS.
1231 2302 1313 2345 Tu,
1337 2300 1362 2338 fi
1384 2300 1436 2337 ita
1457 2299 1631 2352 expedit,
1655 2301 1775 2339 velim

385 2378 504 2418 quarn
525 2365 700 2417 primum
721 2365 824 2404 bona
843 2375 882 2404 et
902 2375 1007 2404 certa
1036 2366 1262 2419 tempestate
1283 2365 1533 2410 conscendas,
1565 2364 1611 2402 ad
1633 2379 1776 2419 meque

385 2431 530 2469 venias.
572 2431 883 2471 Innumerabiles
904 2433 1011 2471 enim
1033 2446 1091 2471 res
1112 2432 1216 2477 sunt,
1247 2432 1288 2469 in
1310 2431 1455 2484 quibus
1478 2440 1515 2468 te
1536 2431 1713 2483 quotidie
1733 2433 1775 2470 in

385 2496 496 2536 omni
515 2508 655 2550 genere
675 2495 900 2538 defiderem.
931 2498 1015 2538 Tui
1037 2497 1235 2550 nostrique
1254 2497 1399 2537 valent.
1433 2510 1527 2537 xiV.
1550 2496 1629 2536 kal.
1655 2497 1785 2537 Febr-
