2241 2994
505 217 585 270 278

504 314 687 349 damnatus
703 323 786 355 erat,
802 322 837 348 et
853 325 964 349 errore
982 313 1172 350 multorum

506 363 540 398 in
558 360 643 396 falso
659 361 801 396 crimine
817 362 999 397 Cluentius
1025 361 1106 405 fuit,
1134 373 1174 398 ut

506 409 622 446 scribit
651 409 823 445 Asconius
851 413 884 445 in
908 412 998 447 Verr.
1026 411 1072 447 11.
1101 421 1171 458 cap.

510 471 563 495 10.

553 508 638 542 Hoc
657 517 810 554 tempore
838 507 1039 543 Ciceronem
1068 508 1170 543 etiam

503 568 568 604 pro
599 556 653 591 M.
689 555 872 591 Fundanio
906 566 941 590 et
974 557 1029 603 Q
1054 556 1172 592 Gallio

503 604 622 639 dixiss‘e
639 605 718 639 Car.
738 604 900 652 Sigonius
929 604 962 638 in
986 605 1171 651 Fragmen-

503 653 547 688 tis
584 652 760 688 Ciceronis
793 652 995 687 annotavit:
1040 652 1095 687 sed
1128 653 1172 687 de

501 701 655 737 oratione
672 713 734 747 pro
749 701 865 736 Gallio
882 701 1048 735 dissentio.

553 750 608 784 M.
629 750 830 785 Ciceronem
847 749 962 790 etiam,
979 760 1061 784 curn
1080 761 1170 797 prae-

501 808 579 833 tura
596 797 809 844 fungeretur,
837 797 986 832 scholam
1018 798 1072 831 M.
1093 798 1170 833 An-

501 847 587 882 tonii
601 846 799 893 Gniphonis
818 844 1170 893 frequentasse,Tran-

501 895 632 942 quillus
664 895 702 929 de
734 894 899 938 illustribus
935 894 1170 937 Grammaticis,

500 954 569 990 cap.
600 955 632 988 7.
660 943 780 978 auc'tor
807 942 866 978 est.
919 943 1012 978 Cum
1043 943 1083 978 Ρ.
1100 943 1168 978 Va-

500 993 619 1035 tinius,
645 1001 812 1039 patronus
830 991 924 1039 asper
941 1001 976 1026 et
994 991 1168 1039 magistra-

499 1051 602 1076 tuum
629 1050 860 1087 contemptor,
886 1039 1023 1074 strumis
1045 1040 1166 1087 opple-

500 1099 575 1124 tum
604 1089 735 1124 collum
765 1089 915 1130 haberet,
941 1100 979 1122 ac
1009 1100 1124 1123 coram
1152 1100 1171 1122 a

498 1138 665 1173 Cicerone
691 1147 840 1184 praetore
866 1136 998 1183 aliquid
1028 1147 1169 1184 peteret,

500 1186 606 1233 idque
635 1185 692 1220 ille
709 1197 778 1220 non
795 1185 1007 1226 concederet,
1034 1185 1089 1220 sed
1107 1185 1167 1220 diu

498 1235 724 1276 deliberaret·‚
750 1233 853 1276 dixit,
879 1245 918 1268 ea
942 1233 985 1268 de
1013 1245 1047 1268 re
1072 1234 1115 1276 se,
1142 1233 1166 1269 fi

498 1294 629 1331 praetor
662 1283 753 1326 esset,
792 1281 876 1317 nihil
911 1281 1165 1318 dubitaturum.

498 1333 569 1368 Cui
586 1332 732 1368 Cicero:
759 1332 806 1367 At
824 1343 876 1378 ego
901 1338 1007 1366 tantas
1033 1333 1167 1367 cervices

497 1393 557 1416 non
572 1381 678 1416 habeo.

549 1430 718 1465 Extremo
763 1428 873 1464 mense
914 1428 1018 1477 hujus
1072 1429 1166 1471 anni,

497 1490 579 1514 cum
597 1477 781 1514 Ciceroni
768 1491 841 1525 jam
861 1478 1008 1513 biduum
1026 1487 1086 1513 aut
1104 1478 1164 1513 tri-

496 1528 608 1563 duum
636 1536 800 1575 praeturae
830 1526 1021 1575 superesset,
1048 1526 1165 1562 Mani-

497 1577 585 1611 lium
619 1575 763 1623 quidam
798 1574 882 1611 furti
923 1575 1016 1623 apud
1053 1575 1164 1623 ipsum

496 1625 697 1673 postulavit.
746 1624 915 1659 studebat
933 1624 1084 1659 Manilio
1102 1637 1164 1672 po-

496 1674 616 1721 pulus,
643 1673 740 1721 quod
771 1683 914 1720 propter
943 1672 1164 1720 Pompeium,

496 1722 554 1757 cui
584 1722 715 1758 amicus
745 1731 831 1763 erat,
858 1721 1006 1756 accusari
1035 1721 1166 1757 videre-

496 1780 565 1806 tur.
617 1772 711 1806 Cum
742 1769 849 1818 igitur
866 1770 1036 1805 Manilius
1055 1782 1165 1806 unum

496 1820 586 1855 diem
615 1819 771 1868 petiiss'et,
807 1830 846 1854 ac
876 1819 1000 1854 Cicero
1030 1829 1165 1854 tantum

496 1868 727 1916 insequentem
753 1867 905 1909 dedisset,
932 1868 1086 1916 populus
1115 1868 1164 1904 in-

494 1917 599 1965 digne
627 1917 732 1953 tulit:
765 1917 863 1964 quod
892 1928 968 1952 mos
997 1917 1089 1959 effer,
1126 1927 1166 1952 ut

495 1966 613 2001 decem
657 1965 841 2001 minimum
886 1965 957 2000 dies
1000 1975 1165 2013 praetores

495 2015 558 2050 reis
584 2015 714 2050 darent.
765 2014 902 2096 (ζιζπε
910 2014 1102 2061 productus
1131 2014 1164 2049 in

492 2064 696 2099 concionem
725 2073 744 2097 a
773 2072 815 2097 tri
846 2074 921 2097 unis
948 2063 1072 2110 plebis,
1100 2062 1164 2097 ibi-

493 2125 564 2160 que
600 2111 790 2154 accusams,
821 2122 904 2146 cum
933 2111 1088 2166 rogasset,
1126 2121 1165 2146 ut

494 2161 664 2203 audirent,
706 2159 807 2201 dixit,
843 2160 898 2201 Se,
932 2160 993 2207 qui
1024 2159 1057 2195 in
1091 2171 1164 2195 reos

494 2210 634 2257 semper,
667 2218 839 2263 quantum
866 2208 957 2256 leges
988 2208 1162 2255 permitte-

495 2269 580 2300 rent,
624 2270 732 2293 conns
765 2267 799 2292 et
834 2256 1004 2292 humanus
1038 2255 1162 2299 fuisset,

495 2308 677 2361 indignum
701 2305 878 2353 judicasse,
915 2317 984 2341 non
1013 2306 1162 2341 eundem

494 2357 526 2392 se
564 2355 714 2390 Manilio
752 2355 931 2403 praestare.
973 2355 1090 2402 itaque
1130 2355 1160 2389 ei

492 2406 598 2447 diem,
625 2416 729 2452 quem
752 2415 862 2439 unum
889 2413 1019 2452 praetor
1045 2403 1078 2439 in
1106 2403 1162 2438 sua

491 2453 656 2502 potestate
706 2452 854 2495 haberet,
904 2452 1020 2489 dedita
1058 2463 1163 2501 opera

822 217 887 257 M.
939 218 1002 258 'T.
1063 217 1591 259 CICERONIS

1223 314 1464 362 praefinivisse:
1508 325 1590 349 cum
1628 324 1696 348 non
1733 312 1772 348 fit
1802 312 1888 361 ejus.

1222 363 1284 410 qui
1309 363 1356 398 rei
1380 362 1514 398 causam
1540 361 1702 409 adjuvare
1726 361 1819 404 velit,
1846 363 1890 397 ad

1223 412 1328 447 alium
1354 411 1589 466 magistratum
1608 410 1781 457 judicium
1813 409 1887 457 reji-

1221 471 1304 494 cere.
1357 460 1438 494 Hac
1464 460 1616 495 oratione
1642 459 1745 494 animi
1764 459 1888 506 populi

1224 508 1268 542 ita
1285 509 1490 543 commutati
1508 508 1596 549 sunt,
1623 518 1663 543 ut
1687 507 1888 543 Ciceronem

1222 556 1310 591 laetis
1353 557 1658 591 acclamationibus
1700 555 1887 603 prosecuti,

1222 614 1390 651 rogarent,
1419 614 1457 639 ut
1487 604 1626 639 Manilii
1656 604 1889 651 patrocinium

1221 652 1411 698 sulciperet‚
1437 653 1533 699 quod
1564 653 1620 687 ille
1637 651 1823 700 praesertim
1840 652 1888 688 ob

1220 701 1428 748 Pompeium
1446 700 1616 736 absentem
1643 701 1774 755 cupide
1799 712 1888 736 rece-

1219 749 1293 796 pit:
1322 761 1516 797 magnaque
1535 750 1568 784 vi
1585 750 1747 785 orationis
1766 748 1800 783 in
1819 749 1888 784 stu-

1219 797 1330 832 diosos
1371 798 1537 845 potentiae
1588 809 1802 845 paucorum,
1854 809 1888 833 et

1220 846 1375 892 Pompeii
1431 847 1567 882 invidos
1622 846 1778 881 inveEtus
1826 847 1884 881 est.

1220 894 1400 930 Haetenus
1418 895 1638 930 Plutarchus.

1269 943 1342 978 Dio
1358 953 1472 978 autem
1491 944 1533 978 de
1549 944 1667 978 eadem
1685 954 1720 978 re
1742 943 1775 978 in
1799 943 1886 979 hanc

1218 991 1416 1026 sententiam
1450 991 1590 1026 scribit:
1629 992 1707 1026 Cum
1751 992 1887 1027 homines

1217 1039 1330 1074 nobiles
1352 1039 1493 1075 Manilio
1521 1039 1741 1085 accusationem
1767 1049 1885 1086 compa-

1218 1087 1343 1135 raffent,
1378 1088 1457 1135 isque
1484 1089 1518 1122 in
1547 1089 1600 1123 hoc
1627 1088 1825 1130 incumberet,
1851 1097 1888 1124 ut

1217 1135 1282 1170 dies
1300 1136 1368 1179 fibi
1387 1145 1624 1183 prorogaretur,
1650 1138 1754 1173 Cicero
1765 1145 1889 1183 praetor

1217 1192 1248 1219 et
1269 1185 1436 1232 quaestionis
1445 1185 1560 1232 judex,
1580 1193 1701 1232 praeter
1716 1185 1795 1228 alia,
1821 1198 1888 1234 que

1217 1242 1325 1269 contra
1341 1235 1518 1270 Adanilium
1535 1235 1631 1280 fecit,
1656 1237 1714 1270 vix
1735 1236 1771 1269 in
1792 1235 1886 1282 poste-

1216 1293 1286 1317 rum
1310 1281 1388 1318 diem
1404 1283 1562 1329 judicium
1591 1282 1721 1328 distulit,
1757 1288 1832 1318 anni
1856 1292 1887 1319 et

1213 1338 1365 1377 praelurae
1377 1335 1492 1367 exitum
1498 1339 1685 1378 praetexens.
1713 1332 1808 1388 Qod
1819 1345 1886 1368 cum

1215 1379 1382 1415 multitudo
1410 1380 1536 1428 indigne
1554 1381 1677 1427 ferret,
1707 1383 1741 1415 in
1770 1385 1886 1416 concio-

1216 1440 1283 1464 nem
1301 1430 1404 1473 venit,
1430 1433 1550 1465 coactus
1579 1442 1600 1464 a
1626 1430 1762 1465 tribunis
1774 1429 1885 1476 plebis,

1205 1477 1408 1526 senatumque
1432 1479 1614 1522 insebtatus,
1645 1478 1783 1513 Manilii
1812 1491 1885 1514 cau-

1204 1527 1278 1572 sam
1294 1526 1484 1573 defensurum
1494 1528 1528 1572 se
1538 1527 1689 1573 promisit.
1729 1527 1796 1562 Sed
1813 1539 1887 1574 quo

1215 1575 1330 1610 minus
1362 1576 1427 1611 hoc
1456 1574 1630 1623 judicium
1664 1575 1770 1618 fieret,
1813 1576 1886 1611 Dio

1215 1625 1407 1660 tumultum
1460 1625 1493 1659 in
1537 1623 1635 1659 causa
1676 1623 1775 1660 fuisse
1825 1625 1884 1660 ait.

1216 1674 1334 1721 Qem
1354 1673 1448 1708 brevi
1466 1674 1658 1721 expediam.

1265 1722 1418 1757 Comitia
1457 1722 1646 1757 consularia
1688 1721 1754 1757 hoc
1795 1733 1886 1757 anno

1216 1770 1362 1806 habente
1378 1770 1591 1806 L.Volcatio
1610 1769 1735 1813 Tullo,
1761 1770 1883 1805 consu-

1217 1819 1264 1854 les
1297 1819 1461 1867 designati
1500 1818 1642 1854 fuerunt
1676 1819 1717 1854 P.
1750 1819 1884 1854 Autro-

1216 1867 1294 1903 nius
1313 1869 1431 1904 Paetus
1447 1878 1481 1903 et
1508 1868 1546 1903 P.
1571 1867 1754 1903 Cornelius
1776 1868 1882 1914 Sylla.

1215 1916 1420 1964 Defignatos
1443 1915 1516 1963 jam
1552 1917 1596 1952 L.
1631 1917 1736 1952 Cotta
1771 1881 1820 1951 ety
1835 1916 1882 1952 L.

1215 1966 1421 2013 Torquatus
1438 1965 1512 2014 lege
1527 1965 1717 2020 Calpurnia
1742 1965 1785 2000 de
1812 1976 1883 2000 am-

1216 2014 1305 2056 bitu,
1331 2015 1374 2050 de
1396 2025 1467 2062 qua
1492 2013 1658 2056 diximus,
1683 2013 1886 2050 accularunt

1213 2072 1248 2098 et
1265 2063 1485 2105 damnarunt,
1512 2072 1616 2110 atque
1641 2062 1683 2097 ad
1712 2067 1741 2097 le
1760 2063 1883 2110 magis-

1215 2120 1343 2147 tratum
1378 2111 1633 2151 transtulerunt.
1673 2120 1711 2145 ut
1740 2111 1814 2146 Cic.
1848 2114 1884 2146 in

1215 2168 1295 2196 orat.
1313 2163 1348 2195 in
1363 2163 1451 2206 ‘Toga
1470 2159 1630 2201 candidam
1660 2158 1830 2195 Alconius
1849 2162 1884 2195 in

1212 2220 1303 2250 eam·‚
1331 2208 1524 2251 Sallustius,
1560 2211 1634 2244 Cat.
1665 2218 1733 2254 cap.
1770 2211 1823 2244 ι8.
1848 2219 1884 2244 et

1213 2257 1283 2293 Dio
1301 2257 1475 2292 testantur.
1525 2258 1648 2292 Cicero
1665 2269 1808 2304 quoque
1825 2257 1881 2293 lib.

1216 2306 1260 2342 11.
1291 2306 1329 2341 de
1362 2306 1504 2347 Finibus,
1543 2315 1612 2352 cap.
1651 2319 1703 2353 ¹9·
1737 2306 1796 2348 ait,
1835 2306 1868 2341 L

1213 2355 1439 2402 Torquatum
1485 2355 1775 2390 adolescentulum
1815 2355 1881 2389 cri-

1212 2404 1320 2451 puiss‘e
1339 2405 1378 2439 P.
1399 2404 1504 2450 Sylla:
1526 2403 1755 2448 consulatum,
1779 2413 1812 2439 et
1837 2403 1882 2438 ad

1212 2462 1344 2500 patrem
1364 2452 1462 2488 suum
1481 2452 1636 2489 retulill'e.
