2335 3009
489 236 538 275 16
836 226 1523 270 EPISTOLARUM

488 345 684 385 quaerere余
716 330 823 385 quod
844 329 870 368 si
890 328 995 372 esset,
1018 336 1147 365 tamen
1172 339 1248 363 non
1271 325 1516 377 negligeres余
1548 323 1759 376 praesertim
1780 335 1876 360 cum

487 397 732 452 ampliffimis
753 394 1022 434 monumentis
1043 391 1265 430 consecrare
1285 389 1464 428 voluisses
1485 390 1717 427 memoriam
1742 389 1876 426 nomi-

488 465 549 503 nis
572 464 629 501 tui
648 478 657 501 :
690 462 753 500 sed
773 475 816 500 ea
836 460 911 498 tibi
931 459 984 497 est
1000 455 1334 496 communicanda
1354 469 1526 500 mecum,
1555 454 1751 507 prodenda
1771 454 1874 492 libe-

488 529 540 567 ris
563 527 715 566 nostris.
762 527 809 565 In
839 539 918 578 quo
948 523 1164 562 cavendum
1194 521 1262 566 est,
1295 535 1356 565 ne,
1389 521 1414 559 st
1446 519 1709 572 negligentior
1737 518 1874 564 fueris,

489 607 569 632 non
604 593 731 631 solum
764 592 838 630 tibi
868 603 1008 644 parum
1042 586 1289 632 consuluisse,
1321 586 1383 624 sed
1417 586 1535 623 etiam
1571 585 1648 623 tuis
1683 583 1875 630 invidiffe,

487 659 667 699 videaris.

517 725 632 763 XVI.
663 725 799 776 Atque
818 722 902 761 haec
924 735 1000 759 non
1023 734 1069 758 eo
1089 719 1291 763 dicuntur,
1309 726 1353 756 ut
1375 727 1411 756 te
1431 717 1555 756 oratio
1572 730 1657 755 mea
1675 715 1878 755 dormien-

487 798 570 829 tem
591 788 784 833 excitaffe,
816 787 878 826 sed
900 788 1032 840 potius
1054 795 1097 823 ut
1118 794 1340 822 currentem
1361 782 1549 827 incitasse,
1575 782 1766 820 videatur.
1799 782 1876 820 Fa-

489 857 568 895 cies
589 856 696 894 enim
728 863 930 907 perpetuo,
962 866 1049 905 quae
1079 850 1219 896 fecisti,
1253 859 1295 888 ut
1326 863 1462 888 omnes
1495 849 1720 901 aequitatem
1753 857 1877 893 tuam,

490 921 805 974 temperantiam,
837 918 1093 962 severitatem,
1125 916 1487 968 integritatemque,
1516 914 1690 952 laudent.
1724 913 1797 952 Sed
1817 927 1881 952 me

490 986 669 1038 quaedam
691 993 812 1029 tenet,
844 993 1002 1037 propter
1023 981 1257 1034 fingularem
1278 993 1468 1025 amorem,
1499 979 1656 1017 infinita
1675 979 1716 1016 in
1739 988 1776 1017 te
1796 978 1879 1017 avi-

489 1053 590 1089 ditas
611 1051 760 1103 gloriae.
807 1051 1048 1101 Qanquam
1079 1047 1181 1085 illud
1212 1046 1408 1090 existimo,
1439 1058 1532 1083 cum
1558 1046 1642 1097 jam
1670 1044 1745 1082 tibi
1775 1043 1879 1089 Afia,

490 1117 589 1155 ficut
611 1117 827 1168 unicuique
858 1115 924 1152 sua
954 1113 1111 1157 domus,
1143 1121 1236 1150 nota
1265 1111 1338 1149 esse
1369 1111 1535 1154 debeat,
1567 1123 1662 1148 cum
1692 1109 1739 1146 ad
1772 1118 1882 1147 tuam

489 1181 684 1220 summam
704 1179 955 1232 prudentiam
985 1186 1116 1215 tantus
1147 1175 1236 1214 usus
1267 1174 1490 1219 accefferit余
1522 1172 1626 1212 nihil
1655 1172 1743 1220 effe,
1774 1172 1883 1226 quod

488 1245 536 1284 ad
565 1245 721 1284 laudem
749 1243 927 1288 attineat,
958 1241 1066 1294 quod
1097 1254 1178 1279 non
1210 1249 1254 1279 tu
1283 1240 1436 1292 optime
1468 1238 1674 1291 perspicias
1690 1257 1703 1284 余
1735 1248 1774 1277 et
1807 1239 1883 1278 tibi

488 1325 586 1356 non,
617 1311 696 1348 fine
723 1307 958 1360 cujusquam
989 1306 1228 1351 hortatione,
1258 1305 1301 1343 in
1332 1314 1508 1342 mentem
1529 1304 1659 1342 veniat
1685 1305 1880 1357 quotidie.

490 1376 566 1415 Sed
599 1389 687 1428 ego,
719 1374 804 1427 qui,
843 1386 938 1411 cum
969 1381 1036 1410 tua
1063 1371 1168 1424 lego,
1200 1379 1239 1409 te
1267 1369 1415 1415 audire,
1445 1378 1484 1408 et
1518 1369 1604 1422 qui,
1634 1383 1729 1408 cum
1762 1369 1810 1408 ad
1845 1380 1883 1409 te

490 1441 633 1486 scribo,
665 1449 799 1478 tecum
828 1438 955 1490 loqui,
986 1437 1134 1483 videor,
1166 1435 1315 1474 idcirco
1341 1444 1380 1474 et
1402 1445 1467 1473 tua
1487 1435 1709 1488 longiffima
1728 1449 1883 1488 quaque

490 1506 652 1561 epistola
671 1505 845 1544 maxime
865 1503 1050 1548 delector,
1080 1511 1121 1540 et
1150 1501 1290 1555 ipsein
1314 1501 1518 1540 scribendo
1549 1501 1644 1554 saepe
1674 1501 1760 1540 sum
1789 1501 1881 1540 lon-

491 1573 593 1625 gior.
639 1569 747 1610 Illud
777 1579 815 1608 te
844 1569 890 1607 ad
918 1578 1142 1608 extremum
1172 1577 1211 1606 et
1245 1581 1313 1606 oro
1347 1576 1387 1604 et
1420 1566 1571 1611 hortor,
1603 1576 1662 1611 ut,
1695 1576 1883 1619 tanquam

490 1646 614 1691 poetae
635 1636 789 1674 boniet
808 1637 952 1674 actores
974 1633 1152 1672 industrii
1176 1632 1315 1678 solent,
1346 1632 1397 1670 fic
1430 1641 1472 1670 tu
1506 1633 1546 1670 in
1575 1641 1750 1670 extrema
1776 1642 1884 1685 parte

490 1711 531 1741 et
554 1701 805 1741 conclusione
835 1699 1010 1738 muneris
1042 1713 1085 1737 ac
1118 1699 1267 1751 negotii
1300 1698 1358 1736 tui
1390 1697 1710 1750 diligentiffimus
1732 1697 1806 1743 fis3
1840 1708 1884 1736 ut

490 1767 559 1807 hic
581 1768 719 1807 tertius
740 1779 864 1805 annus
895 1766 1051 1818 imperii
1083 1766 1156 1810 tui,
1189 1774 1376 1817 tanquam
1407 1765 1544 1802 tertius
1573 1766 1695 1809 aetus,
1726 1763 1882 1817 perfec-

493 1834 658 1873 tiffimus
693 1842 810 1885 atque
844 1831 1106 1870 ornatiffimus
1140 1830 1251 1869 fuisse
1285 1830 1475 1869 videatur.
1523 1830 1567 1868 Id
1599 1829 1790 1868 facillime
1823 1829 1882 1868 fa-

492 1900 587 1944 cies,
619 1899 644 1937 s1
678 1911 741 1936 me
773 1897 856 1949 (cui
891 1897 1040 1950 semper
1071 1897 1141 1935 uni
1173 1897 1313 1948 magis,
1345 1909 1464 1949 quam
1499 1897 1700 1941 univerfis,
1734 1896 1885 1949 placere

491 1964 669 2014 voluisti)
707 1973 839 2002 tecum
874 1963 1023 2016 semper
1057 1962 1128 2000 effe
1163 1962 1334 2015 putabis,
1372 1971 1411 2000 et
1445 1962 1632 2000 omnibus
1668 1963 1715 2000 iis
1750 1962 1882 2009 rebus,

494 2043 590 2083 quas
625 2029 730 2067 dices
766 2042 808 2067 ac
845 2027 977 2074 facies,
1016 2027 1206 2066 interesse.
1255 2027 1472 2079 Reliquum
1507 2027 1574 2073 est,
1608 2037 1652 2066 ut
1686 2037 1723 2065 te
1757 2041 1882 2073 orem,

494 2105 539 2134 ut
559 2095 774 2133 valetudini
797 2104 886 2141 tuae,
918 2094 944 2133 fi
966 2108 1029 2133 me
1049 2104 1088 2133 et
1111 2103 1198 2134 tuos
1219 2107 1355 2133 omnes
1384 2093 1508 2133 valere
1528 2094 1602 2140 vis,
1633 2093 1883 2147 diligentiffi-

492 2174 557 2202 me
578 2159 729 2200 servias.
