2241 2994
528 214 609 254 4¹0

577 297 727 334 Nativos
749 298 812 334 effe
837 299 932 341 deos,
959 299 1070 346 longis
1094 299 1194 335 inter-

528 346 628 381 vallis
645 347 802 390 orientes,
827 348 1099 396 occidentesque,
1125 348 1195 384 eos-

529 406 599 441 que
617 395 878 431 innumerabiles
895 397 959 431 effe
976 397 1136 432 mundos.
1160 397 1195 432 de

529 443 614 479 Nat.
633 444 730 479 Deor.
751 445 776 479 Ι.
800 456 849 480 10.

580 491 788 527 Infinitatem
819 503 950 528 naturae
977 494 1053 536 effe,
1078 506 1096 528 e
1125 506 1195 541 qua

529 540 646 575 omnia
664 541 895 588 gignerentur.
937 543 1018 578 Luc.
1038 553 1094 589 37.

611 687 648 722 A
666 687 702 721 N
722 689 757 723 A
776 690 811 723 X
830 688 845 722 1
864 688 908 722 M
926 687 958 722 E
975 687 1012 723 N
1029 687 1062 722 E
1079 687 1112 721 S.

630 783 990 825 NAXIMENES,
1016 782 1197 819 Euristrati

655 832 760 874 filius,
789 832 956 875 Milesius,
981 832 1194 867 Anaximan-

529 878 581 913 dri
617 880 764 923 auditor,
807 881 935 916 censuit
969 892 1043 915 aera
1076 881 1192 923 deum,

528 939 680 974 eumque
696 929 805 977 gigni,
826 929 960 977 esseque
978 930 1192 972 immensum,

528 985 563 1011 et
590 977 776 1019 infinitum,
801 988 835 1013 et
862 978 992 1026 semper
1018 978 1052 1012 in
1082 988 1192 1014 motu.

528 1025 565 1059 de
580 1026 663 1061 Nat.
689 1027 787 1061 Deor.
814 1027 840 1062 l.
865 1038 914 1062 10.
968 1028 1061 1062 Aera
1079 1027 1191 1062 infini-

528 1083 617 1116 tum,
645 1074 700 1108 sed
716 1087 766 1117 ea,
793 1087 875 1122 quae
894 1087 935 1110 ex
952 1087 993 1110 eo
1010 1075 1191 1118 orirentur,

527 1121 689 1158 definita:
730 1123 825 1171 gigni
853 1133 968 1158 autem
997 1134 1132 1165 terram,
1158 1136 1191 1158 a-

527 1182 647 1216 quam,
674 1172 802 1219 ignem,
829 1182 904 1207 tum
933 1185 976 1208 ex
1004 1172 1044 1208 iis
1065 1172 1191 1209 omnia.

527 1219 606 1255 Luc.
627 1231 684 1268 37.

598 1367 1076 1405 *ANTIPATER

626 1465 1010 1508 NTIPATER,
1048 1466 1193 1513 Tyrius,

650 1514 800 1555 Stoicus,
827 1514 1003 1550 Ciceronis
1032 1517 1194 1563 tempori-

529 1561 593 1596 bus
614 1561 742 1602 floruit‚
768 1572 802 1597 et·
831 1562 872 1597 de
896 1563 1019 1598 officiis
1039 1563 1195 1610 scripfiffe

526 1610 674 1645 videtur.
718 1611 865 1646 Athenis
882 1612 1018 1647 tandem
1038 1622 1195 1648 mortuus

527 1659 584 1694 est.
637 1659 776 1694 Censuit
799 1671 898 1702 vero,
923 1660 995 1696 duo
1022 1671 1197 1716 praecepta

528 1719 545 1740 a
566 1708 722 1743 Panaetio
739 1708 972 1756 praetermissa,
990 1710 1196 1746 valetudinis

529 1756 752 1799 curationem,
779 1768 812 1793 et
830 1758 999 1805 pecuniae.
1043 1758 1128 1805 Offic.
1149 1759 1194 1796 11.

531 1816 587 1849 24.

578 1854 774 1901 Antipater,
817 1854 1003 1899 Tarsenfis,
1045 1856 1195 1898 Stoicus,

529 1913 747 1939 memoratur.
786 1905 866 1940 Luc.
900 1905 932 1940 6.
959 1915 993 1940 et
1019 1905 1056 1940 de
1081 1905 1195 1941 Divin.

529 1951 554 1985 Ι.
577 1963 774 2048 3:³¹l9ritipater,
793 2001 1013 2048 Cyrenaicus.
1041 2002 1129 2048 Tusc.
1152 2004 1195 2038 V.

530 2058 586 2094 37·

612 2195 1104 2232 ANTISTHENES.

627 2293 972 2337 NTlS’l‘HENES,
985 2294 1194 2330 Antisthenis

653 2342 758 2383 filius,
785 2342 999 2378 Atheniensis
1027 2342 1107 2384 fuit,
1134 2344 1194 2379 ho-

528 2401 586 2423 mo
604 2400 726 2426 acutus
745 2390 865 2438 magis,
892 2403 999 2439 quam
1025 2393 1191 2428 eruditus.

529 2439 588 2473 Ab
604 2450 657 2481 eo,
683 2441 743 2487 qui
764 2439 961 2488 patientiam
979 2450 1012 2478 ct
1030 2441 1192 2478 duritiam

885 201 990 242 DE
1054 203 1556 243 DOCTRINA

1246 301 1279 335 in
1297 301 1472 336 Socratico
1489 301 1641 336 sermone
1666 301 1814 336 maxime
1831 301 1911 336 ada-

1245 360 1363 390 maret,
1374 350 1586 397 Cynicorum
1604 350 1771 397 primum,
1788 349 1912 384 deinde

1244 398 1454 439 Stoicorum,
1481 410 1565 446 pene
1581 398 1807 444 Cynicorum,
1825 397 1912 432 reeta

1246 446 1398 492 profefta
1425 447 1471 482 est
1533 449 1698 491 Quorum
1729 446 1814 481 ratio
1839 455 1911 480 tota

1244 495 1291 528 est
1308 494 1471 540 ejicienda
1487 508 1493 529 :
1521 495 1569 529 est
1585 495 1676 529 enim
1700 495 1836 530 inimica
1853 505 1911 528 ve·

1246 544 1431 581 recundiae,
1466 543 1532 577 sine
1565 555 1636 590 qua
1666 543 1751 578 nihil
1779 543 1911 578 refikum

1245 592 1308 625 else
1339 591 1461 637 potest,
1500 590 1584 625 nihil
1615 591 1820 626 honestum:
1862 603 1912 625 re-

1246 639 1463 686 prehendunt
1478 638 1569 674 enirn
1587 649 1620 673 et
1637 639 1790 682 irrident,
1815 639 1913 687 quod

1246 699 1297 729 ea,
1323 699 1404 735 quae
1425 687 1540 735 turpia
1558 700 1592 722 re
1609 699 1677 722 non
1695 688 1772 730 smt,
1798 687 1913 722 verbis

1249 735 1413 783 flagitiosa
1445 737 1617 771 ducantur
1631 755 1640 778 ς
1684 736 1742 771 illa
1783 746 1913 778 autern,

1248 796 1330 832 quae
1348 785 1462 832 turpia
1479 785 1554 827 sint,
1576 785 1775 820 nominibus
1793 785 1912 832 appel-

1245 833 1358 868 lentur
1386 833 1476 869 suis:
1504 843 1544 869 ut
1566 833 1626 876 est,
1653 832 1829 879 Officiorum
1855 833 1911 868 lib.

1245 881 1272 916 Ι.
1295 895 1354 928 35,
1385 894 1445 926 4¹·
1497 882 1588 917 Inter
1612 892 1733 924 cetera,
1761 882 1795 917 in
1811 894 1853 917 eo
1870 882 1911 917 li-

1245 931 1321 972 bro,
1347 931 1408 978 qui
1427 931 1591 978 Physicus
1608 930 1815 975 inscribitur,
1833 942 1912 966 cen-

1243 979 1308 1013 suit
1324 993 1332 1013 :

1292 1027 1481 1075 Populares
1497 1028 1579 1063 deos
1605 1027 1747 1070 multos,
1774 1037 1912 1063 natura-

1243 1076 1310 1111 lem
1341 1088 1450 1111 unum
1477 1076 1551 1111 effe.
1578 1076 1616 1111 de
1643 1075 1729 1112 Nat.
1754 1078 1851 1114 Deor.
1885 1077 1912 1112 l.

1244 1136 1296 1171 13.

1244 1271 1529 1307 ARCHYTAS
1555 1271 1913 1309 TARENTINUS.

1342 1369 1408 1404 RC
1418 1369 1598 1405 HYTAS
1632 1369 1912 1406 TARENTI-

1342 1417 1458 1461 NUS,
1486 1431 1631 1466 magnus
1658 1419 1692 1453 in
1719 1418 1852 1466 primis,
1878 1428 1914 1455 et

1244 1466 1430 1512 praeclarus
1449 1467 1502 1502 vir
1523 1466 1601 1503 fuit.
1654 1467 1761 1510 Eum,
1788 1467 1913 1503 Cicero

1245 1514 1303 1556 ait,
1330 1516 1417 1561 Tusc.
1436 1515 1498 1551 IV.
1520 1518 1578 1562 36.
1605 1528 1686 1551 cum
1706 1515 1824 1551 villico
1840 1518 1911 1552 rac-

1245 1573 1300 1597 tus
1329 1564 1409 1600 esset
1436 1564 1563 1607 iratior,
1601 1565 1742 1600 dixisse:
1780 1564 1855 1611 Quo
1883 1573 1915 1601 te

1245 1611 1329 1646 modo
1362 1613 1542 1659 accepifflm,
1581 1615 1638 1658 nist
1664 1616 1770 1648 iratus
1798 1615 1882 1661 effen
1895 1616 1913 1650 ,θ

1245 1660 1293 1695 Et
1321 1660 1357 1696 de
1383 1664 1540 1698 Amicitia.
1573 1675 1591 1698 2
1599 1675 1629 1707 3.
1672 1663 1798 1698 Verum
1825 1663 1914 1698 illud

1244 1709 1303 1751 est,
1318 1711 1414 1758 quod
1430 1723 1448 1745 a
1467 1712 1656 1746 Tarentino
1672 1711 1831 1758 Archyta
1848 1723 1912 1759 po·

1247 1758 1361 1802 suum,
1388 1759 1519 1795 nostros
1538 1760 1627 1795 senes
1645 1771 1914 1796 commemorare

1245 1807 1376 1850 audivi,
1404 1809 1447 1843 ab
1475 1808 1548 1844 aliis
1574 1808 1708 1843 senibus
1726 1809 1910 1845 auditum:

1246 1857 1278 1890 Si
1295 1860 1360 1904 quis
1376 1859 1409 1892 in
1427 1858 1528 1893 caelum
1545 1856 1730 1904 ascendiffh,
1745 1866 1911 1893 naturam-

1245 1917 1300 1951 que
1321 1906 1438 1949 mundt',
1463 1916 1492 1942 et
1504 1906 1767 1952 pulchritudinem
1771 1907 1913 1951 fiderunt

1239 1955 1445 2002 perspexrfflt,
1470 1956 1629 2001 insuavem
1658 1955 1746 1990 illam
1771 1955 1912 1991 admira-

1245 2005 1358 2037 tionem
1375 2006 1402 2038 ei
1410 2005 1495 2049 fore,
1521 2017 1588 2052 quae
1601 2003 1819 2051 jucundq'ffima
1828 2005 1912 2051 fuis-

1237 2052 1300 2097 set,
1315 2053 1349 2096 fi
1363 2054 1503 2101 aliqum,
1529 2056 1578 2088 cui
1599 2062 1763 2095 narraret,
1789 2054 1911 2099 habuis-

1235 2100 1297 2145 set.
1333 2101 1512 2137 Nearchus
1530 2102 1739 2138 Tarentinus
1758 2102 1787 2138 se
1805 2114 1824 2137 a
1840 2115 1912 2137 ma-

1239 2148 1375 2195 joribus
1400 2161 1480 2186 natu
1511 2151 1672 2198 accepisse
1696 2151 1845 2195 dicebat,
1872 2151 1911 2187 il-

1246 2198 1318 2232 lum
1337 2200 1501 2241 oratione,
1528 2211 1610 2246 quae
1641 2199 1688 2234 est
1717 2199 1750 2235 in
1771 2200 1860 2236 libro
1877 2200 1913 2236 de

1244 2249 1408 2282 Senectute.
1448 2260 1493 2282 iz.
1532 2248 1728 2296 persuadere
1757 2249 1912 2291 voluisse,

1243 2296 1360 2330 nullam
1377 2298 1588 2342 capitaliorem
1603 2296 1724 2343 pestem,
1738 2310 1828 2345 quam
1844 2310 1910 2333 tor-

1238 2347 1325 2390 poris
1341 2345 1547 2391 voluptatem,
1568 2346 1742 2381 hominihus
1758 2359 1779 2381 a
1796 2355 1913 2381 natura

1242 2397 1363 2429 datam.
1391 2395 1458 2429 Cui
1479 2394 1620 2429 sermoni
1639 2393 1792 2430 interfuit
1811 2395 1912 2430 Plato

1244 2442 1473 2486 Atheniensis,
1499 2456 1602 2491 quem
1632 2443 1824 2480 Tarentum
1852 2456 1907 2477 ve<
