2241 2994
549 221 628 276 380

548 328 808 365 prm-urrerem,
835 318 900 354 alia
917 318 951 354 in
975 318 1074 361 extis,
1102 318 1167 353 alia
1185 318 1219 354 in

549 367 685 409 avibus,
713 368 778 401 alia
801 367 834 402 in
854 367 1070 415 fulguribus,
1096 367 1161 402 alia
1185 367 1219 402 in

550 415 793 450 somniantium
812 415 904 458 vifis,
932 416 996 451 alia
1019 416 1052 451 in
1075 415 1219 452 furenti-

548 475 611 498 um
629 465 788 499 vocibus.
816 465 853 498 de
870 466 988 500 Divin.
1007 465 1035 500 1.
1053 477 1110 510 52.

600 513 672 547 Eos
690 513 859 548 anhelitus
877 524 989 556 terrae,
1015 514 1078 560 qui
1101 512 1220 560 frigidi

548 560 638 604 sunt,
667 573 749 596 cum
769 561 873 597 fluere
889 563 1072 609 coeperint,
1097 572 1221 596 ventos

549 611 636 645 effe:
666 622 746 645 cum
767 620 880 645 autem
900 611 930 646 se
956 611 989 645 iri
1013 611 1142 645 nubem
1169 609 1219 644 in-

548 658 846 706 duerint‚ejusque
855 659 1081 694 tenuissimam
1096 670 1218 706 quarn-

548 719 618 754 que
639 718 771 755 partem
798 708 971 756 coeperint
995 707 1148 742 dividere
1169 716 1219 742 at-

549 767 619 802 que
636 756 857 803 disrumpere,
882 756 987 803 idque
1002 755 1154 790 crebrius
1169 754 1219 790 fa-

549 815 635 846 cere,
661 814 695 839 et
712 805 961 846 vehementius,
992 815 1068 839 turn
1089 814 1124 839 et
1150 803 1220 839 ful-

547 864 663 900 gores,
687 863 721 888 et
744 854 895 888 tonitrua
918 853 1078 888 existere:
1113 853 1136 888 si
1160 865 1220 888 au·

550 912 618 936 tem
648 901 795 936 nubium
830 902 994 937 confliftu
1029 902 1131 937 ardor
1161 913 1220 936 ex-

549 951 679 997 pressus
698 950 728 985 se
743 950 901 993 emiserit,
929 951 963 986 id
987 951 1051 986 effe
1073 950 1219 986 fulmen.

548 1000 586 1034 de
607 1001 756 1034 Divinas.
778 1000 822 1034 ΙΙ.
845 1012 894 1046 ¹9·

599 1047 711 1082 Simul
739 1058 843 1095 atque
869 1057 988 1082 naturn
1016 1048 1055 1083 fit
1079 1047 1219 1090 animal,

549 1096 661 1144 ipsum
681 1096 741 1130 sibi
757 1096 930 1131 conciliari
949 1107 983 1131 et
999 1096 1219 1131 commenda-

549 1147 575 1180 ri
595 1145 637 1179 ad
655 1144 685 1179 se
701 1145 986 1187 conservandum,
1007 1155 1041 1180 et
1059 1146 1101 1180 ad
1119 1145 1220 1180 suum

548 1194 687 1235 statum,
713 1205 746 1228 et
764 1195 805 1228 ad
831 1206 882 1236 ea,
908 1206 990 1241 quae
1016 1193 1216 1229 conservan-

548 1243 596 1277 tia
613 1242 690 1277 sunt
705 1241 778 1289 ejus
796 1243 915 1284 status,
933 1243 1130 1290 diligenda3
1157 1243 1217 1278 ali-

547 1291 639 1326 enari
665 1301 780 1326 autem
804 1292 848 1326 ab
865 1292 1016 1334 interitu,
1044 1291 1150 1339 iisque
1168 1303 1217 1326 re-

550 1340 716 1387 bus‚quae
728 1340 904 1375 interitum
916 1341 1078 1376 videntur
1088 1340 1218 1376 afferre.

547 1389 584 1424 de
604 1389 785 1424 Finib.111.
805 1401 837 1434 5.

600 1437 775 1485 Plerisque
793 1448 905 1472 tamen
924 1438 1049 1473 Stoicis
1067 1437 1101 1473 in
1125 1438 1218 1486 prin-

549 1486 649 1533 cipiis
666 1487 881 1522 naturalibus
897 1486 1063 1534 diligendi
1092 1486 1138 1521 sui
1158 1498 1211 1521 vo-

548 1536 718 1583 luptatem
749 1547 818 1571 non
855 1535 919 1570 effe
948 1536 1154 1584 ponendam.
1183 1535 1220 1570 de

547 1584 652 1619 Finib.
672 1584 736 1619 111.
753 1595 786 1628 5.
1007 1611 1010 1614 .

597 1633 672 1668 Diu
691 1632 867 1668 mansuros
884 1633 1029 1675 animos,
1049 1641 1130 1669 cum
1144 1645 1219 1669 coi·-

548 1693 632 1729 pore
656 1682 867 1725 excesserint,
894 1681 948 1717 sed
977 1694 1046 1718 non
1077 1682 1218 1731 semper.

547 1731 672 1776 Tuscul.
691 1731 720 1766 1.
743 1743 790 1777 31.

599 1780 696 1823 Qiiae
733 1780 766 1815 in
801 1779 897 1815 terris
931 1779 1136 1827 gignuntur,
1176 1779 1218 1814 ad

549 1828 648 1863 usum
668 1829 849 1864 hominum
872 1829 989 1864 omnia
1011 1829 1129 1871 creari,
1156 1828 1218 1863 ho-

548 1877 657 1912 mines
680 1888 793 1913 autern
823 1877 1004 1913 hominum
1027 1877 1127 1913 causa
1155 1878 1219 1912 effe

548 1935 739 1973 generatos,
760 1937 798 1961 ut
816 1927 874 1973 ipsi
895 1927 980 1961 inter
998 1926 1041 1968 se,
1068 1927 1143 1962 aliis
1161 1926 1218 1961 alii

547 1975 700 2023 prodesse
717 1976 860 2022 possent.
887 1975 1013 2020 (ffcior
1030 1976 1057 2011 1.
1074 1987 1106 2022 7.

597 2023 792 2071 Sapientem
810 2024 919 2071 gratia
936 2035 1116 2071 nunquam
1144 2035 1217 2058 mo-

546 2073 632 2113 veri,
660 2085 839 2120 nunquam
864 2071 1068 2120 cujusquam
1093 2073 1220 2108 delicto

548 2121 740 2168 ignoscere:
769 2122 939 2156 neminem
968 2121 1216 2156 misericordem

545 2171 622 2212 eise,
651 2170 710 2205 nisi
737 2170 879 2205 stultum
909 2181 943 2205 et
972 2170 1103 2206 levem:
1142 2171 1217 2205 Viri

546 2231 616 2254 non
633 2219 708 2259 effe,
727 2231 838 2267 neque
855 2218 1001 2260 exorari,
1016 2231 1127 2267 neque
1144 2219 1216 2268 pla-

546 2268 614 2303 cari
631 2282 638 2303 ε
668 2268 754 2303 solos
774 2269 935 2316 sapientes
951 2268 1026 2308 effe,
1054 2268 1076 2303 si
1095 2269 1216 2303 distor-

546 2317 660 2352 tissimi
679 2318 754 2359 sint,
780 2317 968 2357 formosos;
996 2317 1017 2352 fi
1039 2317 1214 2352 mendicis-

546 2365 633 2408 simi,
663 2366 811 2406 divite-53
846 2367 867 2401 si
894 2366 1090 2401 servitutem
1117 2366 1214 2401 servi-

545 2424 615 2454 ant,
644 2427 756 2461 reges:
784 2428 841 2450 eos
859 2425 987 2458 autem,
1005 2415 1066 2463 qui
1086 2415 1212 2463 sapien-

544 2473 593 2498 tes
613 2476 679 2498 non
694 2464 769 2506 sint,
789 2463 970 2511 fugitivos,
993 2464 1123 2509 exules,
1150 2464 1211 2500 ho-

904 223 1009 262 DE
1076 221 1582 262 DOCTRINA

1268 318 1345 362 stes,
1364 317 1495 354 insanos
1511 317 1671 365 denique.
1715 315 1845 352 Omnia
1857 328 1939 364 pec-

1269 377 1346 402 cata
1377 367 1442 402 effe
1475 367 1592 415 paria:
1631 377 1734 401 omne
1771 365 1937 400 deliehim

1269 416 1378 451 scelus
1408 415 1473 450 esse
1507 414 1700 456 nefarium·,
1732 425 1794 450 nec
1823 414 1938 449 minus

1269 464 1467 511 delinquere
1484 476 1577 506 eum,
1604 463 1666 511 qui
1687 463 1821 510 gallum
1839 462 1938 510 galii-

1270 524 1426 554 naceum,
1466 524 1548 547 curn
1589 524 1680 559 opus
1718 523 1788 547 non
1820 510 1939 553 fuerit,

1269 573 1377 608 quam
1393 572 1485 601 eum,
1511 560 1574 608 qui
1595 569 1726 607 patrem
1750 559 1940 595 suffocave-

1271 610 1325 644 rit.
1371 609 1566 657 Sapientem
1585 607 1671 643 nihil
1687 607 1834 656 opinari,
1861 607 1941 643 nul-

1270 657 1336 693 lius
1354 657 1399 693 rei
1418 657 1601 706 poenitere,
1627 656 1724 692 nulla
1746 656 1781 691 in
1799 668 1834 691 re
1851 655 1940 699 falli,

1269 706 1467 742 sententiam
1493 716 1626 742 mutare
1650 717 1845 753 nunquam.
1863 713 1940 751 pro.

1269 756 1403 790 Muren.
1419 766 1477 802 29.
1504 754 1700 803 Sapientem
1717 753 1834 790 omnia
1852 754 1941 788 reete

1270 802 1391 839 facere.
1409 804 1498 851 Tusc.
1520 804 1581 839 lV.
1598 804 1648 838 16.
1675 803 1872 850 Sapientem
1890 801 1939 837 sa·

1270 852 1376 900 pienti
1389 852 1493 888 etiam
1507 853 1628 900 ignoto
1643 852 1708 887 effe
1724 851 1887 886 amicum.
1901 850 1940 885 de

1269 900 1554 945 Nat.De0r.1.44.
1569 902 1739 936 Amorem
1751 899 1864 948 ipsum
1873 899 1939 935 effe

1264 959 1434 985 conatum
1448 949 1609 985 amicitiae
1625 948 1793 984 faciendae
1802 960 1845 983 ex
1859 949 1941 996 pul-

1270 998 1475 1033 chritudinis
1491 998 1610 1046 specie.
1636 996 1760 1043 Tuscul.
1779 997 1841 1032 iv.
1863 1009 1921 1044 34.

1318 1047 1457 1082 Bonum
1492 1047 1600 1089 nihil,
1639 1045 1700 1081 nisi
1734 1045 1939 1087 honestum;

1269 1107 1342 1143 quo
1355 1098 1463 1131 vii-tus
1477 1095 1558 1131 nixa
1574 1095 1707 1131 nullam
1721 1094 1864 1142 requirit
1877 1105 1940 1129 vo-

1270 1145 1452 1192 luptatem,
1466 1154 1570 1192 atque
1586 1145 1629 1179 ad
1644 1144 1741 1179 beate
1749 1142 1942 1178 vivendum

1267 1193 1371 1241 seipsa
1391 1193 1438 1228 est
1464 1203 1635 1229 contenta.
1666 1192 1704 1227 de
1719 1192 1822 1228 Finib.
1840 1191 1869 1227 1.
1889 1195 1939 1228 18.

1267 1242 1312 1278 11.
1335 1254 1392 1279 21.
1420 1243 1484 1279 111.
1504 1255 1537 1290 3.
1564 1241 1655 1288 Offic.
1673 1241 1737 1278 111.
1758 1252 1792 1287 3.

1318 1292 1471 1327 Nullum
1488 1292 1552 1327 effe
1569 1291 1682 1339 pilum
1701 1289 1866 1326 omnibus
1889 1301 1940 1324 re·

1270 1340 1336 1375 bus
1365 1341 1482 1384 talem,
1507 1339 1620 1389 qualis
1649 1339 1689 1375 sit
1714 1339 1810 1388 pilus
1839 1338 1939 1374 alius.

1267 1390 1348 1424 Luc.
1369 1391 1427 1425 26.

1318 1438 1558 1485 Voluptatem,
1584 1436 1811 1473 sublationem
1834 1435 1941 1472 animi

1270 1486 1337 1521 fine
1367 1488 1508 1528 ratione,
1546 1485 1720 1534 opinantis
1751 1485 1782 1521 se
1813 1497 1942 1533 magno

1270 1534 1364 1570 bono
1379 1535 1470 1571 frui:
1499 1548 1559 1571 nec
1579 1534 1748 1578 laetitiam,
1774 1545 1836 1570 nec
1853 1545 1940 1582 gau·

1268 1584 1366 1620 dium
1387 1586 1419 1620 in
1438 1597 1593 1632 corpore.
1619 1583 1656 1618 de
1673 1583 1779 1619 Finib.
1799 1584 1845 1619 ll.
1859 1596 1894 1627 4.

1320 1635 1404 1669 Non
1443 1633 1700 1682 optabiliorem,
1735 1643 1798 1667 nec
1829 1631 1940 1682 magis

1269 1683 1496 1730 expetendam
1528 1682 1662 1717 beatam
1686 1681 1808 1724 vitam,
1844 1680 1869 1715 si
1900 1681 1941 1716 sit

1271 1732 1388 1779 longa,
1414 1743 1521 1779 quam
1548 1731 1571 1766 si
1602 1729 1726 1766 brevis.
1754 1730 1791 1765 de
1809 1729 1940 1766 Finibus

1269 1780 1335 1816 Ill.
1359 1792 1409 1824 14.

1318 1829 1402 1865 Non
1417 1828 1561 1864 crescere
1579 1828 1751 1864 bonorum
1770 1827 1884 1863 finem.
1903 1826 1940 1862 de

1269 1878 1373 1914 Finib.
1393 1878 1455 1913 ΙΙΙ.
1475 1889 1525 1918 ιο,
1543 1890 1592 1921 ¹4·
1610 1887 1645 1912 et
1662 1877 1705 1912 V.

1319 1927 1440 1962 Finem
1467 1927 1639 1962 bonorum
1662 1925 1696 1960 in
1714 1937 1783 1961 una
1798 1925 1937 1961 virtute.

1267 1975 1303 2011 de
1311 1976 1416 2011 Finib.
1433 1975 1549 2011 1V.1t>.
1565 1975 1598 2009 id
1609 1974 1669 2017 est,
1682 1973 1868 2009 secundum
1881 1987 1936 2009 na-

1268 2034 1382 2059 turam
1397 2025 1522 2060 vivere.
1540 2023 1628 2069 Offic.
1645 2023 1707 2058 111.
1723 2035 1755 2070 3.
1774 2025 1862 2071 Qio
1875 2024 1940 2058 tria

1269 2073 1514 2121 significantur:
1525 2084 1634 2108 unum
1644 2071 1941 2119 ejusmodi,vivere

1269 2123 1488 2157 adhibentem
1498 2121 1670 2157 scientiam
1680 2133 1797 2156 earum
1812 2133 1938 2163 rerum,

1268 2183 1350 2218 qua:
1368 2181 1489 2207 natura
1515 2171 1716 2211 evenirent,
1747 2180 1786 2205 ut
1814 2171 1936 2207 Zeno:

1268 2221 1413 2255 alterum
1433 2219 1620 2266 significare
1639 2219 1741 2261 idem,
1769 2230 1807 2254 ut
1838 2220 1861 2254 si
1886 2219 1939 2254 di-

1267 2278 1412 2311 ceretur,
1438 2268 1554 2303 officia
1578 2271 1694 2303 omnia
1723 2269 1848 2311 media,
1878 2278 1939 2304 aut

1265 2318 1430 2366 pleraque
1443 2317 1628 2352 servantem
1640 2317 1766 2352 vivere:
1784 2317 1937 2360 tertium,

1264 2367 1441 2409 omnibus,
1477 2376 1537 2401 aut
1567 2366 1726 2401 maximis
1753 2367 1854 2401 iebus
1884 2366 1937 2409 iis,

1264 2427 1346 2463 quae
1362 2415 1548 2451 secundum
1561 2425 1721 2450 naturam
1731 2414 1806 2457 sirit,
1818 2413 1934 2449 fruen-

1264 2475 1332 2501 tem
1352 2465 1478 2502 vivere.
1510 2465 1599 2501 Vide
1614 2464 1651 2500 de
1667 2464 1801 2500 Finibus
1819 2463 1881 2499 lV.
1900 2463 1934 2500 6.
