2241 2994
522 215 600 263 416

617 357 1084 394 DINOMACHUS.

623 455 773 491 lNOM
784 454 854 488 Ac
865 453 947 488 HU
957 453 979 488 S
1020 454 1182 501 volupta-

642 514 710 539 tem
729 502 887 550 adjunxit
902 502 946 537 ad
964 501 1182 537 honestatem.

520 553 678 649 ἱίιεῐῗὶὲἑῦ.
696 553 740 587 V.
762 554 795 588 8.
822 550 911 596 Tufi.
930 550 975 585 V.
999 562 1055 596 30.
1095 550 1182 596 Offic.

657 694 1043 734 DIODORUS.

619 796 679 830 10
690 795 725 829 D
736 791 855 828 ORU
868 791 904 833 S,
925 790 1187 838 Peripateticus,

641 841 786 878 Critolai
804 840 952 881 auditor,
970 838 1128 885 adjunxit
1145 840 1189 875 ad

522 892 730 928 honestatem
757 889 964 925 vacuitatem
983 888 1124 925 doloris.
1150 887 1188 923 de

521 942 625 977 Finib.
643 940 688 975 V.
717 949 750 984 5.
777 949 811 974 et
837 937 881 974 ll.
909 937 943 973 6.
969 946 1004 972 et
1030 936 1066 971 de
1088 939 1184 974 Orat.

523 991 549 1026 Ι.
573 1003 586 1026 1
598 1002 627 1026 ι.

656 1087 692 1121 D
712 1085 780 1122 10
797 1085 833 1119 D
851 1084 886 1119 Ο
905 1083 937 1118 R
954 1083 993 1118 U
1010 1082 1045 1117 S.

618 1181 851 1220 IODORU
865 1181 901 1223 S,
928 1180 1046 1222 lassus,
1071 1180 1188 1216 cronus

642 1230 848 1279 cognomine
887 1229 1014 1271 dietus,
1055 1228 1186 1271 valens,

521 1292 562 1318 ut
579 1282 626 1317 ait
641 1281 776 1321 Cicero,
802 1277 1013 1319 dialecticus,
1038 1277 1186 1325 philoso-

521 1331 613 1378 phus
646 1329 716 1364 fuit
756 1339 798 1364 ex
839 1326 1019 1375 Megarica
1060 1326 1184 1362 schola.

522 1378 645 1426 Hujus
671 1376 832 1413 sententia
854 1376 908 1412 ab*
924 1379 1047 1412 ὰωατόν
1068 1375 1187 1411 adver·

521 1429 576 1463 sus
594 1426 729 1463 Stoicos
747 1425 930 1461 utebantur
957 1423 1158 1459 Academici
1174 1438 1182 1459 z

521 1477 577 1513 Ut
606 1487 687 1510 vera
714 1487 756 1510 ex
782 1473 970 1509 aeternitate
995 1470 1115 1508 futura
1139 1473 1185 1508 es-

523 1525 606 1566 sent,
621 1525 688 1560 line
707 1522 913 1558 naturalium
932 1521 1108 1556 causarum
1128 1533 1185 1556 an-

521 1575 721 1609 teceffione:
754 1583 791 1606 ac
823 1570 968 1617 proinde
997 1570 1187 1612 Carneades

520 1621 767 1656 divinationem
785 1620 850 1654 effe
867 1618 1024 1665 negabat.
1066 1619 1188 1654 Cense-

522 1670 582 1706 bat
611 1669 702 1704 enim
720 1668 911 1709 Diodorus,
937 1667 1113 1715 quidquid
1131 1666 1186 1702 fu-

522 1729 640 1755 turum
671 1717 723 1761 fit,
750 1717 785 1752 id
810 1715 882 1752 fieri
907 1715 1033 1751 necesse
1057 1716 1143 1756 effe3
1169 1727 1188 1750 a

522 1767 718 1814 Chrysippo
747 1764 953 1806 diffentiens,
983 1764 1046 1810 qui
1073 1765 1187 1800 voluit

524 1815 596 1851 fieri
615 1816 720 1863 poss‘e,
746 1824 786 1850 ut
811 1825 880 1849 non
908 1813 1052 1848 eveniat.
1097 1813 1188 1848 Vide

524 1865 623 1911 Epist.
656 1863 769 1900 Famil.
803 1863 868 1898 lx.
897 1875 930 1904 4.
967 1861 1003 1896 de
1027 1862 1119 1897 Fato.
1153 1862 1188 1905 6,

524 1915 593 1951 διε.
619 1920 649 1948 et
657 1913 801 1959 superius
817 1914 850 1946 in
867 1909 1037 1956 Chrffippo.

662 2056 1051 2094 DIODOTUS.

623 2153 869 2195 IODOTUS‚
908 2153 1058 2195 Stoicus,
1101 2166 1189 2201 prae-

647 2213 765 2251 ceptor
791 2202 967 2238 Ciceronis
986 2202 1019 2237 in
1037 2202 1186 2237 dialecti-

527 2255 589 2294 cis,
615 2252 709 2287 domi
740 2252 876 2286 tandem
905 2250 1079 2285 Ciceronis
1099 2263 1187 2286 mor-

527 2313 610 2337 tuus
626 2301 682 2336 est.
720 2301 774 2334 De
791 2311 864 2347 quo
883 2299 926 2334 lic
945 2299 1072 2341 scribit,
1097 2300 1187 2344 Tusc.

528 2352 571 2385 V.
610 2363 664 2397 39.
717 2349 905 2390 Diodotus,
944 2347 1092 2390 Stoicus,
1122 2361 1189 2384 cze-

528 2411 603 2441 cus,
645 2398 773 2433 multos
808 2408 914 2432 annos
941 2396 1036 2431 domi
1068 2397 1189 2432 nostrae

529 2448 630 2483 vixit.
670 2447 701 2482 ls
719 2459 812 2489 vero,
838 2445 936 2493 quod
953 2445 1114 2481 credibile
1132 2446 1190 2481 vix

867 213 972 253 DE
1043 214 1544 254 DOCTRINA

1231 309 1323 351 esset,
1362 321 1443 344 cum
1478 308 1512 344 in
1543 307 1756 355 philosophia
1783 307 1898 343 multo

1231 358 1334 393 etiam
1363 357 1473 404 magis
1501 357 1638 398 affidue,
1665 368 1772 403 quam
1800 366 1899 391 antea

1235 405 1431 448 versaretur,
1460 416 1495 441 et
1513 417 1594 441 cum
1621 405 1750 440 fidibus
1769 404 1898 451 Pytha-

1233 466 1416 501 goreorum
1435 466 1530 490 more
1554 463 1718 494 uteretur,
1744 464 1899 499 cumque

1232 503 1263 537 ei
1281 502 1359 538 libri
1391 503 1507 538 noctes
1529 512 1563 537 et
1591 502 1662 537 dies
1692 501 1896 548 legerentur,

1234 551 1364 597 quibus
1393 551 1428 585 in
1458 550 1578 585 studiis
1605 550 1716 584 oculis
1735 562 1805 584 non
1819 561 1898 596 ege-

1234 599 1317 633 bat:
1355 608 1431 634 tum
1459 598 1558 645 quod
1589 597 1658 632 fine
1685 597 1797 632 oculis
1826 597 1899 632 fieri

1234 647 1327 694 poffe
1367 646 1426 682 vix
1467 646 1652 686 videretur,
1689 645 1900 681 Geometriae

1236 706 1363 730 munus
1380 694 1554 736 tuebatur,
1568 694 1682 730 verbis
1695 692 1901 742 praecipiens

1235 743 1457 785 discentibus,
1483 743 1587 785 unde,
1612 754 1697 789 quo,
1724 753 1905 790 quamque

1236 792 1361 828 lineam
1379 792 1572 828 scriberent.

1286 840 1476 876 Antiochia
1488 838 1740 875 contemnebat.
1753 839 1833 874 Luc.
1843 839 1900 884 36.

1288 889 1435 924 Diodori
1453 889 1548 924 Croni
1562 890 1614 924 «ὴὲ
1630 889 1755 924 sohar&
1764 888 1900 935 opinio·

1238 948 1316 972 nem
1335 949 1402 972 non
1421 936 1673 984 concoquebat.
1701 937 1797 983 Epist.
1829 937 1900 971 Fa-

1236 986 1301 1020 mil.
1320 986 1384 1022 IX.
1404 999 1440 1030 4.

1236 1130 1401 1167 DIOG.
1429 1130 1899 1168 APOLLONIATES.

1334 1228 1554 1265 IOGENES
1583 1228 1900 1264 APOLLONIA-

1358 1277 1462 1319 TES,
1489 1278 1551 1325 qui
1571 1279 1790 1323 Anaxagorae
1816 1287 1898 1311 tem-

1236 1326 1381 1374 poribus
1414 1326 1516 1367 vixit,
1559 1325 1712 1362 summus
1758 1324 1827 1360 fuit
1867 1326 1900 1359 in

1238 1375 1402 1422 Phylicis,
1422 1374 1647 1409 Anaximenis
1664 1373 1810 1409 auditor.
1832 1374 1901 1408 Ae-

1236 1436 1271 1460 re
1288 1424 1400 1460 utitur
1415 1423 1491 1459 deo.
1508 1423 1544 1458 de
1557 1422 1642 1459 Nat.
1657 1423 1756 1458 Dm.
1768 1423 1794 1458 1.
1817 1433 1866 1458 12.

1248 1569 1574 1605 DIOGENES
1602 1567 1886 1604 CYNICUS.

1334 1666 1551 1702 IOGENES
1589 1665 1808 1702 CYNICUS
1839 1665 1903 1700 im.

1358 1715 1548 1762 proborum
1578 1714 1826 1762 prosperitates,
1855 1715 1901 1749 se-

1236 1764 1432 1810 cundasque
1453 1776 1502 1798 res
1520 1763 1719 1810 redarguere
1737 1765 1808 1798 vim
1826 1775 1902 1797 om·

1238 1825 1314 1847 nem
1338 1813 1480 1847 deorum
1505 1824 1542 1847 ac
1573 1811 1772 1859 potestatem
1801 1811 1900 1847 dixit.

1237 1861 1374 1898 de'Nat.
1394 1862 1492 1897 Deor.
1514 1861 1578 1896 llI.
1600 1872 1660 1906 34,
1678 1861 1736 1907 36.

1366 2007 1766 2043 DIONYSIUS

1316 2055 1823 2092 HERACLEOTES.

1341 2152 1683 2189 ERACLEOTFs,
1719 2153 1900 2187 DIONY-

1365 2202 1487 2242 SIUS,
1509 2213 1589 2237 cum
1610 2213 1627 2235 a
1645 2202 1784 2236 Zenone
1802 2200 1902 2236 fortis

1237 2251 1302 2286 effe
1329 2251 1508 2292 didicisset,
1535 2262 1553 2284 a
1583 2250 1702 2284 dolore
1734 2250 1901 2285 dedoCtus

1237 2299 1307 2335 est:
1337 2311 1414 2334 nam
1437 2311 1516 2334 cum
1535 2311 1575 2333 ex
1595 2299 1745 2340 renibus,
1770 2299 1826 2333 vel
1845 2305 1903 2343 (ut

1238 2348 1284 2383 est
1301 2348 1336 2382 de
1353 2349 1454 2383 Finib.
1476 2349 1518 2381 V.
1542 2349 1609 2393 31)
1637 2347 1748 2382 oculis
1767 2347 1899 2382 labora-

1240 2407 1302 2438 ret,
1342 2396 1414 2444 ipso
1449 2396 1481 2431 in
1526 2395 1655 2442 eiulatu
1690 2396 1900 2435 clamitabat,

1239 2445 1321 2481 falsa
1336 2446 1401 2481 esse
1418 2445 1487 2487 ina,
1513 2457 1595 2492 quae
1613 2454 1710 2480 antea
1726 2445 1768 2479 de
1785 2444 1901 2480 dolore
