2335 3009
443 266 472 304 4
799 248 1488 291 EPISTOLARUM

447 352 657 397 eximium,
688 359 754 389 aut
775 358 855 389 tam
875 347 1155 403 expetendum,
1186 346 1325 400 potest,
1356 359 1475 399 quam
1496 345 1607 384 istam
1626 345 1833 393 virtutem,

448 418 759 457 moderationem
789 416 928 461 animi,
960 413 1273 467 temperantiam,
1305 425 1384 450 non
1419 413 1536 450 latere
1570 412 1613 450 in
1646 413 1835 458 tenebris,

449 498 578 537 neque
610 483 683 522 effe
716 482 919 527 abditam;
951 481 1015 519 sed
1049 480 1090 517 in
1124 479 1212 517 luce
1246 478 1360 523 Afiae,
1390 478 1432 515 in
1464 477 1591 516 oculis
1621 477 1836 517 elariffimae

448 549 677 604 provinciae,
708 558 823 601 atque
855 548 895 586 in
927 545 1085 584 auribus
1114 544 1296 582 omnium
1327 543 1508 595 gentium
1538 556 1582 582 ac
1614 543 1837 590 nationum,

448 617 522 655 effe
556 615 718 669 politam
738 616 751 653 ?
794 627 871 652 non
907 611 1114 650 itineribus
1150 611 1228 648 tuis
1263 610 1466 662 perterreri
1501 607 1684 648 homines
1704 611 1718 647 ?
1756 623 1836 648 non

449 682 609 736 sumptu
629 680 825 720 exhauriri
846 681 859 717 ?
891 691 968 716 non
991 677 1157 714 adventu
1179 675 1421 713 commoveri
1441 675 1454 712 ?
1485 674 1573 720 effe,
1597 688 1837 728 quocunque

448 748 616 792 veneris,
646 756 684 784 et
715 745 876 798 publice
896 752 934 781 et
954 742 1137 796 privatim
1159 741 1371 779 maximam
1395 739 1598 778 laetitiam:
1632 753 1724 779 cum
1746 741 1839 779 urbs

449 812 666 857 custodem,
698 824 776 848 non
799 813 1008 861 tyran'num
1022 825 1035 853 5
1067 806 1208 845 domus
1229 805 1441 858 hospitem,
1464 818 1543 843 non
1564 805 1837 858 expilatorem,

451 877 632 930 recepiffe
651 876 826 915 videatur
845 875 858 912 ?

508 944 585 982 ΙΙΙ.
618 942 696 980 His
717 950 848 978 autem
880 939 918 977 in
951 938 1065 976 rebus
1081 938 1164 990 jam
1186 946 1223 975 te
1244 936 1333 974 usus
1355 936 1435 990 ipse
1455 935 1632 989 profesto
1651 937 1837 983 erudivit,

451 1021 699 1062 nequaquam
719 1007 808 1045 satis
828 1005 914 1050 effe,
937 1004 1066 1058 ipsum
1086 1003 1198 1042 hasce
1218 1002 1360 1041 habere
1381 1003 1560 1048 virtutes,
1583 1001 1646 1040 sed
1665 1002 1738 1042 ess'e
1757 1003 1836 1042 cir—

450 1072 793 1127 cumspiciendum
823 1070 1047 1122 diligenter,
1079 1077 1123 1107 ut
1153 1069 1193 1106 in
1224 1067 1296 1106 hac
1327 1067 1500 1106 custodia
1523 1068 1735 1121 provinciae
1756 1081 1836 1106 non

450 1151 490 1179 te
511 1153 652 1184 unum,
683 1137 746 1176 sed
766 1149 902 1175 omnes
923 1134 1121 1173 ministros
1147 1134 1306 1187 imperii
1335 1134 1411 1179 tui,
1441 1134 1571 1179 sociis,
1601 1143 1641 1172 et
1667 1134 1838 1180 civibus,

447 1216 487 1245 et
507 1204 749 1258 reipublicae,
779 1201 954 1255 praestare
973 1200 1138 1239 videare.
1183 1201 1422 1252 Qanquam
1448 1201 1595 1252 legatos
1616 1199 1736 1238 habes
1757 1213 1838 1246 eos,

447 1273 519 1325 qui
548 1271 617 1324 ipsi
646 1283 715 1322 per
744 1268 780 1306 se
799 1267 975 1305 habituri
1004 1265 1079 1303 fint
1103 1265 1295 1303 rationem
1316 1265 1521 1316 dignitatis
1543 1265 1617 1304 suae
1633 1284 1646 1311 ;
1678 1265 1725 1303 de
1744 1267 1838 1319 qui-

448 1339 522 1376 bus
544 1336 708 1379 honore,
738 1341 777 1371 et
797 1331 1004 1384 dignitate,
1028 1339 1066 1368 et
1087 1339 1212 1375 aetate,
1242 1329 1392 1382 praestat
1413 1330 1602 1383 Tubero&
1624 1344 1744 1384 quem
1764 1345 1838 1384 ego

447 1403 630 1446 arbitror,
662 1392 987 1453 praesertim'cum
1009 1395 1149 1434 scribat
1170 1395 1387 1440 historiam,
1419 1395 1567 1434 multos
1599 1410 1647 1434 ex
1668 1396 1744 1435 suis
1765 1411 1837 1435 an-

449 1467 605 1508 nalibus
637 1465 739 1519 posse
770 1463 955 1515 deligere,
986 1475 1085 1514 quos
1106 1461 1201 1499 velit
1231 1470 1270 1499 et
1290 1460 1404 1514 poffit
1433 1461 1607 1500 imitari:
1642 1462 1837 1501 Halienus

448 1544 580 1573 autem
616 1531 755 1576 noster,
792 1542 885 1568 cum
917 1529 1051 1566 animo
1081 1537 1119 1565 et
1155 1527 1440 1572 benevolentia,
1474 1536 1560 1565 tum
1595 1541 1685 1566 vero
1719 1529 1839 1566 etiam

450 1599 672 1640 imitatione
692 1595 863 1634 vivendi.
910 1595 1016 1633 Nam
1042 1593 1138 1646 quid
1159 1606 1231 1646 ego
1253 1593 1298 1631 de
1320 1593 1503 1631 Gratidio
1524 1593 1652 1631 dicam
1673 1594 1686 1630 ?
1718 1607 1838 1646 quem

449 1675 557 1705 certo
578 1664 656 1702 scio
676 1663 730 1700 ita
749 1661 921 1700 laborare
942 1659 989 1697 de
1009 1659 1295 1697 existimatione
1316 1658 1394 1704 sua,
1423 1668 1466 1696 ut
1488 1669 1646 1712 propter
1665 1672 1839 1698 amorem

451 1733 491 1771 in
514 1744 583 1770 nos
605 1729 836 1772 fraternum,
867 1727 985 1764 etiam
1007 1726 1053 1763 de
1075 1725 1199 1763 nostra
1220 1725 1383 1763 laboret.
1428 1725 1670 1777 Qaestorem
1703 1724 1838 1771 habes,

451 1811 530 1837 non
554 1806 622 1835 tuo
646 1794 800 1848 judicio
830 1792 1042 1836 delectum,
1073 1791 1135 1829 sed
1165 1805 1272 1836 eum,
1304 1805 1423 1844 quem
1454 1791 1532 1829 sors
1563 1791 1698 1829 dedit:
1731 1790 1839 1830 hunc

451 1872 607 1917 oportet
626 1871 665 1899 et
685 1861 750 1899 sua
771 1860 906 1912 sponte
926 1858 998 1896 esse
1018 1858 1280 1902 moderatum,
1306 1868 1344 1896 et
1366 1858 1443 1895 tuis
1465 1857 1654 1896 institutis
1674 1872 1717 1896 ac
1739 1872 1838 1911 prae-

452 1929 577 1982 ceptis
598 1927 881 1978 obtemperare.
925 1925 1109 1975 Qiorum
1132 1924 1157 1961 si
1179 1924 1267 1976 quis
1290 1922 1390 1962 sorte
1411 1923 1500 1961 esset
1523 1923 1727 1969 sordidior,
1759 1923 1839 1961 fer-

453 2009 511 2035 res
532 2004 705 2038 eatenus,
736 1991 864 2045 quoad
886 2004 952 2043 per
975 1990 1008 2027 se
1031 1989 1245 2042 negligeret
1275 2003 1336 2028 eas
1358 1990 1478 2042 leges,
1508 1990 1655 2043 quibus
1686 1989 1738 2027 est
1770 1990 1839 2027 ad-

451 2062 626 2105 striftus5
651 2072 727 2097 non
746 2067 790 2096 ut
809 2071 851 2096 ea
868 2055 1067 2109 potestate,
1085 2069 1203 2108 quam
1222 2064 1264 2094 tu
1285 2055 1330 2093 ad
1347 2056 1580 2108 dignitatem
1597 2056 1839 2109 permitiffes,

450 2129 497 2167 ad
518 2126 708 2180 quaestum
730 2133 916 2163 uteretur.
948 2123 1091 2174 Neque
1110 2122 1217 2159 enim
1241 2121 1340 2159 milii
1364 2122 1447 2159 sanc
1470 2122 1610 2175 placet,
1630 2122 1840 2175 praesertim

452 2207 544 2233 cum
566 2193 594 2230 ii
616 2204 742 2230 mores
765 2198 918 2228 tantum
935 2190 1017 2240 jam
1039 2187 1084 2225 ad
1108 2187 1269 2225 nimiam
1294 2188 1494 2225 lenitatem
1521 2197 1559 2225 et
1580 2187 1841 2226 ambitionem

452 2258 720 2301 incubuerint,
754 2255 911 2294 scrutari
947 2263 982 2292 te
1014 2267 1150 2291 omnes
1185 2252 1326 2297 sordes,
1358 2262 1540 2291 excutere
1570 2267 1839 2305 unumquem-

451 2340 528 2379 que
549 2338 713 2368 corum,
746 2321 823 2366 sed,
855 2331 999 2373 quanta
1025 2319 1068 2357 sit
1104 2320 1142 2357 in
1176 2332 1335 2371 quoquc
1368 2319 1476 2364 fides,
1509 2329 1663 2357 tantum
1696 2321 1841 2372 cuique

451 2390 715 2431 committere.
758 2390 892 2440 Atque
914 2387 1014 2425 inter
1036 2386 1122 2431 hos,
1154 2400 1235 2430 eos,
1265 2400 1363 2438 qnos
1387 2386 1457 2424 tibi
1483 2387 1647 2423 comites
1669 2397 1705 2423 et
1726 2386 1840 2439 adju-

452 2469 553 2497 tores
578 2455 825 2508 negotiorum
857 2453 1108 2506 publicorum
1137 2452 1243 2489 dedit
1279 2451 1355 2504 ips-1
1389 2453 1619 2505 reipublice,
1651 2452 1841 2491 duntaxat

451 2523 597 2564 finibus
620 2521 680 2561 his
702 2520 915 2575 praest-ibis,
945 2532 1043 2571 quos
1065 2527 1152 2557 ante
1174 2518 1396 2572 pra-scripti.
