2241 2994
546 241 1395 285 PHILOSOPHORUM.

289 330 361 378 ipse
378 330 529 367 senfiss‘et.
580 334 699 380 Quem
725 345 806 369 cum
833 334 957 368 Clean-

289 380 364 415 thes
392 380 651 428 condiscipulus
680 392 827 428 rogaret,
858 394 957 429 quae-

290 440 371 463 nam
401 429 487 464 ratio
516 441 597 464 eum
631 429 674 464 de
705 429 867 465 sententia
898 431 957 465 de-

288 477 451 520 duxiffet,
492 476 680 524 respondit,
722 478 831 525 Qia,
874 490 956 514 cum

288 534 424 559 tantum
445 536 561 572 operae
591 524 819 574 philosophiae
846 527 954 562 dedis-

287 572 367 615 sem,
381 572 537 607 dolorem
555 583 669 609 tamen
686 573 773 609 ferre
791 587 859 610 non
877 575 953 622 pos-

287 620 353 655 sem
367 638 379 663 ·,
405 621 483 656 satis
497 622 578 657 esset
594 623 800 670 argumenti,
823 625 953 660 malum

285 669 349 704 effe
365 670 520 705 dolorem
536 685 544 706 :
573 671 741 717 plurimos
761 681 876 707 autem
894 684 952 707 an-

286 729 350 753 nos
367 718 401 753 in
419 719 634 767 philosophia
658 720 864 767 consumpsi,
892 733 954 756 nec

285 764 372 801 ferre
399 767 565 814 possum:
605 769 740 803 malum
764 769 814 804 est
848 769 955 817 igitur

283 815 396 850 dolor.
423 815 510 862 Tusc.
531 816 577 852 ll.
598 827 656 862 25.

383 956 844 998 EMPEDeCLES.

372 1058 743 1102 MPEDOCLES,
779 1058 951 1106 Agrigen-

395 1107 501 1150 tinus,
543 1107 756 1143 Parmenidis
789 1108 952 1155 aemuluS,

282 1156 352 1198 vel,
379 1166 420 1191 ut
449 1156 650 1204 Hermippo
679 1156 804 1203 placet,
835 1158 952 1192 Xeno-

283 1204 419 1251 phanis‚
447 1205 658 1240 carminibus
682 1205 816 1240 Graecis
834 1205 951 1240 vatici-

284 1263 385 1288 natus
400 1252 460 1295 est,
471 1263 508 1288 et
523 1253 690 1300 Physicen
703 1254 835 1290 docuit.
850 1255 950 1302 Qia-

282 1301 329 1336 lia
346 1301 423 1337 sunt
439 1315 447 1336 :

333 1351 432 1398 Qae
458 1350 493 1385 in
522 1362 636 1386 rerum
662 1360 784 1386 natura
805 1359 951 1398 totoque

281 1399 416 1434 mundo
432 1398 599 1442 constant,
625 1411 778 1447 quaeque
807 1411 949 1434 moven-

281 1459 352 1490 tur,
372 1459 411 1483 ea
428 1448 626 1483 contrahere
643 1448 842 1491 amicitiam,
859 1448 948 1484 diffi-

278 1508 362 1545 pare
379 1495 612 1533 concordiam.
629 1497 668 1533 de
683 1499 844 1534 Amicitia.
865 1508 898 1541 7.

331 1546 500 1593 Qatuor
541 1555 690 1588 naturas,
733 1558 777 1581 ex
818 1546 949 1593 quibus

279 1594 398 1630 omnia
421 1594 624 1638 constarent,
650 1595 784 1631 divinas
809 1595 883 1630 effe.
914 1595 952 1630 de

278 1643 365 1679 Nat.
383 1646 480 1679 Deor-
499 1644 526 1678 1.
548 1654 599 1679 12.

329 1690 516 1734 Animum,
555 1691 651 1727 cordi
681 1691 847 1728 suffusum
876 1691 948 1728 san-

277 1740 431 1788 guinem.
457 1741 545 1786 Tufi.
565 1741 592 1776 Ι.
610 1753 646 1788 9.

329 1788 497 1824 Abstrusa
520 1789 585 1824 esse
613 1788 741 1830 omnia,
773 1789 856 1824 nihil
884 1801 946 1824 nos

278 1837 410 1880 sentire,
437 1837 523 1872 nihil
549 1849 695 1879 cernere,
724 1837 808 1872 nihil
833 1837 945 1873 omni-

1595 262 1674 303 417

1107 335 1192 370 Item
1212 335 1319 370 illud:

1007 385 1117 419 Emori
1146 384 1235 418 nolo:
1255 383 1312 428 sed
1336 396 1382 419 me
1410 393 1566 420 mortuum
1593 388 1675 422 nihil

1054 432 1178 474 aestimo.
1229 433 1318 478 Tusc.
1339 433 1366 468 1.
1388 436 1420 468 8.

1111 574 1556 614 HERACLIDES.

1110 670 1464 715 ERACLIDES‚
1491 673 1668 718 Ponticus,

1131 720 1300 764 Platonis,
1321 721 1515 769 Speusippi,
1534 723 1667 758 Aristo-

1003 767 1091 810 telis,
1131 767 1500 818 Pythagoreorumque
1534 772 1670 807 auditor

1002 814 1071 851 fuit
1095 826 1130 852 et
1156 817 1357 865 discipulus.
1409 820 1449 854 In
1477 819 1573 856 libris
1602 821 1669 856 suis

1002 864 1144 912 scripsit,
1199 866 1305 901 modo
1356 868 1541 910 mundum,
1593 878 1668 904 tum

1003 923 1154 948 mentem
1178 914 1332 949 divinam
1359 916 1444 951 esse:
1476 917 1669 953 errantibus

1002 961 1106 996 etiarn
1148 962 1250 998 stellis
1283 963 1500 999 divinitatem
1533 965 1667 1008 tribuit,

1003 1008 1166 1058 sensuque
1182 1012 1287 1046 deum
1305 1012 1428 1059 privat,
1453 1022 1488 1048 et
1510 1012 1582 1060 ejus
1599 1014 1668 1050 for-

1002 1071 1096 1094 mam
1113 1060 1316 1095 mutabilem
1332 1061 1396 1096 ess'e
1412 1062 1490 1096 vult
1505 1075 1512 1096 :
1532 1064 1667 1098 eodem-

1002 1119 1072 1191 pue
1098 1107 1248 1192 inflibro
1276 1109 1389 1193 thirsus
1406 1120 1529 1195 Zrtxsm
1546 1121 1667 1196 etDcoe-

1018 1168 1078 1191 um
1096 1167 1130 1192 re
1147 1166 1198 1192 ert
1227 1170 1262 1193 in
1315 1170 1384 1194 e03.
1501 1167 1548 1196 at.
1605 1172 1668 1197 eor.

1003 1205 1031 1241 Ι.
1051 1217 1102 1252 ¹3·

1109 1302 1151 1337 H
1166 1302 1198 1338 E
1212 1304 1246 1338 R
1261 1303 1337 1339 AC
1350 1304 1384 1340 L
1399 1304 1414 1340 I
1429 1305 1463 1340 T
1481 1305 1518 1341 U
1533 1307 1567 1341 S.

1109 1400 1459 1443 ERACLITUS,
1486 1402 1666 1449 Phyficus,

1125 1459 1357 1496 cognomento
1386 1451 1516 1493 «νηλειής,
1541 1451 1584 1486 de
1607 1465 1666 1487 na-

998 1506 1076 1531 tura
1106 1497 1263 1533 consulto
1292 1498 1381 1533 dixit
1413 1499 1578 1535 obscure:
1612 1514 1667 1542 ne,

999 1545 1085 1592 quid
1103 1546 1242 1586 diceret,
1270 1546 1458 1594 intelligere
1482 1548 1666 1596 quisquam

999 1594 1118 1642 poffet.
1167 1594 1270 1629 Dixit
1299 1596 1472 1631 universos
1498 1597 1665 1644 Ephesios

998 1643 1063 1678 esse
1081 1652 1191 1678 morte
1209 1644 1420 1687 multandos,
1446 1647 1555 1691 quod,
1582 1657 1664 1681 cum

997 1692 1190 1739 principem
1207 1692 1306 1726 suum
1335 1692 1598 1729 Hermodorum
1616 1695 1664 1730 ci-

997 1740 1104 1775 vitate
1120 1740 1342 1787 expellerent,
1368 1740 1414 1776 ita
1431 1741 1538 1777 locuti
1559 1743 1661 1778 sunt:

995 1787 1096 1826 Nemo
1109 1788 1146 1823 de
1163 1789 1249 1824 nobis
1266 1801 1345 1823 unus
1361 1790 1484 1824 excellas
1499 1804 1510 1824 :
1525 1792 1580 1834 stn
1597 1794 1664 1839 quis

993 1839 1153 1883 astiterit,
1178 1838 1240 1872 alio
1267 1839 1302 1872 in
1327 1838 1390 1873 loco
1418 1846 1448 1872 et
1473 1839 1560 1884 apud
1587 1841 1663 1876 alios

277 1899 337 1930 no,
351 1886 454 1935 quale
470 1885 523 1929 fit,
537 1886 629 1933 posse
647 1886 800 1934 reperire.
820 1887 899 1922 Luc.
911 1898 943 1932 5.
983 1887 1042 1931 fit.
1086 1886 1183 1940 Tf‘stt
1194 1887 1238 1921 V.
1266 1887 1323 1933 36.
1367 1887 1519 1930 Censuit,
1548 1889 1661 1936 ignem

373 2032 831 2069 EPICHARMUS.

369 2129 710 2172 PICHARMI,
737 2129 857 2170 Siculi,
886 2129 940 2164 hae

383 2177 462 2213 sunt
490 2177 688 2213 sententiae:
721 2179 860 2213 Nervos
890 2189 938 2212 at-

275 2238 344 2273 que
373 2235 466 2261 artus
494 2224 558 2261 effe
584 2226 769 2274 sapientiae,
796 2239 865 2261 non
892 2237 939 2261 te-

275 2287 366 2310 mere
382 2275 526 2310 credere.
555 2274 592 2310 de
615 2276 771 2311 Petitione
793 2275 937 2321 Consula-

274 2333 337 2360 tus.
361 2335 416 2359 10.

371 2371 478 2407 Unde
496 2370 582 2406 illud
597 2385 606 2406 z

273 2426 364 2462 Νἷφε,
389 2424 414 2468 ιζ,
443 2422 561 2465 plemeus
589 2422 707 2461 α’τπςεῐγ,
731 2421 819 2466 ἷιςδςιι
846 2425 937 2457 ταῖτα

320 2474 372 2516 τ’·ἆν
394 2473 494 2514 φρενῶν.
560 2469 658 2514 Epist.
677 2467 723 2503 ad
737 2472 809 2505 All.
829 2469 855 2504 Ῑ.
881 2480 934 2516 19,

368 2517 433 2553 To
448 2529 490 2552 M.
516 2516 581 2552 lx.

993 1936 1057 1971 esse
1074 1935 1297 1984 principium.
1324 1936 1404 1971 Luc.
1426 1947 1484 1982 37.

1132 2081 1518 2118 HERILLUS.

1080 2178 1398 2220 ,ERILLUS,
1427 2179 1576 2213 Zenonis
1596 2191 1654 2213 au-

1128 2227 1232 2269 ditor,
1274 2227 1445 2262 scientiam
1483 2227 1653 2262 summum

991 2275 1122 2310 bonum
1138 2276 1202 2310 effe
1219 2276 1328 2310 tenuit
1343 2293 1353 2317 ·,
1381 2287 1441 2310 nec
1458 2276 1564 2310 ullam
1584 2289 1653 2311 rem

989 2324 1090 2358 aliam
1108 2336 1169 2371 per
1186 2323 1215 2358 se
1230 2324 1466 2371 expetendam.
1494 2326 1572 2360 Luc.
1593 2337 1650 2368 42.

987 2372 1025 2408 de
1041 2373 1149 2408 Finib.
1168 2373 1213 2409 ΙΙ.
1234 2384 1284 2419 13.
1301 2382 1336 2408 et
1352 2373 1396 2408 V.
1417 2383 1475 2419 25.

1240 2516 1357 2564 Ggg
