2241 2994
558 192 635 248 386

560 298 672 323 turam
693 300 760 323 non
783 288 996 325 artificiosam
1021 290 1143 331 solum,
1171 290 1226 326 sed

559 337 661 383 plane
695 338 873 378 artificem,
914 339 1152 374 consultricem
1193 349 1228 374 et

560 385 744 431 providam
779 387 982 429 utilitatum,
1020 388 1226 435 opportuni-

560 439 744 480 tatumque
773 435 942 470 omnium.
969 435 1008 470 de
1035 437 1118 472 Nat.
1146 438 1226 472 Deo-

559 494 629 516 rum
650 482 692 516 ll.
714 494 770 518 22.

610 530 776 566 Contrahi
804 532 957 568 animum
984 543 1018 568 et
1040 533 1136 580 quasi
1158 533 1227 568 labi

561 587 665 625 atque
679 581 868 624 concidere,
885 591 920 616 et
939 582 1049 628 ipsum
1066 582 1130 616 esse
1147 582 1226 616 dor-

560 626 656 663 mire.
682 627 718 662 de
735 629 852 664 Divin.
873 631 918 665 11.
936 633 993 674 58.

608 677 762 712 Omnem
786 678 857 712 vim
886 678 1050 724 loquendi
1081 677 1114 712 in
1142 677 1227 712 duas

559 723 701 760 divisam
731 736 864 772 partes:
903 727 1125 761 Rhetoricam
1154 727 1227 773 pal-

559 784 640 814 mae,
668 774 891 809 Dialefficam
921 787 1042 822 pugno
1073 775 1227 810 similem.

558 820 596 855 de
614 822 720 857 Finib.
742 823 786 857 11.
804 823 836 858 6.
862 833 896 858 et
914 825 1048 858 Orator.
1070 834 1127 869 32.

611 871 649 905 ln
667 882 735 905 una
753 871 893 913 virtute,
921 884 1003 918 quae
1027 872 1074 906 est
1101 871 1227 919 ingenii

560 918 767 964 praestamia,
786 921 913 963 omnia,
933 933 1014 967 quse
1033 921 1075 955 ad
1093 921 1227 956 beatam

559 967 668 1002 vitam
688 969 867 1014 pertinent,
884 970 1000 1016 polita.
1021 970 1102 1004 Luc.
1120 982 1177 1015 43.
1191 969 1229 1004 de

558 1016 692 1051 Finibus
711 1018 772 1052 lV.
794 1029 842 1064 ¹9·
869 1027 904 1052 et
920 1018 1083 1063 Tufiulan.
1104 1019 1144 1052 V.
1168 1030 1212 1053 ιι.

611 1065 733 1100 Cetera
751 1076 865 1100 autem
883 1066 942 1101 etsl
961 1079 1022 1101 nec
1039 1067 1140 1109 bona,
1169 1079 1228 1102 nec

561 1113 650 1147 mala
667 1114 795 1155 effent3
823 1125 936 1149 tamen
955 1115 1020 1149 alia
1041 1115 1229 1150 secundum

560 1171 730 1204 naturam,
758 1163 823 1197 alia
841 1174 972 1201 naturae
991 1164 1171 1205 contraria,
1191 1164 1230 1198 iis

560 1209 640 1256 ipsis
658 1211 722 1245 alia
739 1208 914 1259 interjecta
931 1213 966 1247 δι
980 1212 1100 1247 media.
1124 1213 1226 1248 Acad.

560 1259 588 1293 1.
611 1269 656 1294 ιο.
684 1270 718 1295 et
735 1260 772 1294 de
788 1261 918 1295 fiinibus
939 1262 999 1296 lv.
1016 1273 1073 1306 25.

611 1309 688 1343 Effe
706 1321 824 1344 verum
844 1310 1021 1357 quoddam
1035 1320 1069 1345 et
1082 1310 1226 1357 simplex

561 1356 706 1399 bonum,
732 1358 828 1404 quod
851 1371 919 1394 non
937 1361 1038 1406 poffit
1059 1359 1103 1396 ab
1121 1359 1225 1394 hone·

559 1404 642 1439 state
664 1405 803 1453 sejungi.
847 1407 946 1443 Acad.
968 1407 995 1443 Ι.
1016 1419 1049 1443 2.

608 1455 815 1501 Sapientem,
834 1455 962 1491 etiamsi
978 1456 1155 1491 mendicus
1173 1456 1224 1499 sit,

559 1513 627 1537 non
656 1503 794 1538 beatum
827 1505 945 1544 modo,
982 1505 1034 1540 sed
1066 1505 1224 1547 divitem,

558 1551 758 1598 semperque
789 1553 1027 1589 beatissimum.
1067 1553 1103 1589 de
1135 1555 1225 1589 Fini-

557 1599 611 1634 bus
632 1601 674 1635 V.
692 1603 748 1635 28.
1007 1611 1011 1613 “

606 1649 705 1684 Nihil
726 1650 869 1693 malum,
888 1650 948 1685 nisi
967 1651 1062 1698 quod
1078 1661 1177 1699 turpe
1193 1661 1227 1687 et

558 1697 718 1733 vitiosum
739 1699 788 1734 sit.
819 1699 939 1744 Tufiul.
961 1700 1005 1734 11.
1027 1711 1077 1734 12.

608 1747 784 1782 Virtutem
805 1760 874 1782 non
893 1749 986 1795 poffe
1008 1747 1171 1790 constare,
1203 1747 1226 1783 li

559 1795 592 1830 in
625 1796 743 1830 ceteris
773 1797 874 1832 rebus
908 1797 987 1831 esset
1017 1797 1226 1844 quidquam,

559 1845 655 1890 quod
673 1845 766 1879 aliud
785 1847 852 1880 alio
871 1846 992 1880 melius
1006 1846 1085 1881 efl‘et
1098 1856 1157 1881 aut
1168 1858 1226 1894 pe-

552 1892 622 1940 jus.
649 1893 685 1928 de
704 1894 808 1929 Finib.
829 1894 890 1929 IV.
913 1906 963 1942 19.

609 1942 776 1977 Dolorem
796 1942 964 1990 asperum,
992 1954 1111 1979 contra
1129 1952 1226 1979 natu-

560 2002 643 2030 ram,
671 1991 846 2025 difficilem
882 1993 1051 2039 perpessu,
1086 1992 1227 2034 tristem,

559 2039 699 2074 durum.
737 2040 823 2084 ‘Tusa
848 2041 963 2075 11.12.

610 2088 919 2130 perturbationem,
949 2090 1015 2123 live
1032 2091 1139 2130 nisae,
1164 2090 1228 2125 effe

557 2136 706 2171 aversam
726 2149 744 2170 a
759 2138 847 2171 recia
865 2138 1005 2178 ratione,
1033 2149 1151 2173 contra
1170 2151 1226 2173 na-

558 2196 684 2225 turam,
713 2186 816 2220 animi
834 2187 1102 2221 commotionem
1122 2201 1127 2221 :
1158 2188 1224 2230 vel,

558 2234 750 2280 appetitum
762 2234 1062 2278 vehementiorem,
1075 2236 1134 2282 qui
1147 2249 1225 2283 pro-

558 2284 614 2317 cul
660 2283 744 2317 abiit
788 2295 806 2317 a
850 2294 982 2319 naturae
1026 2285 1224 2320 constantia.

557 2333 646 2378 Tusa
670 2333 725 2366 [Υ.
748 2333 779 2366 6.

914 193 1019 232 DE
1083 192 1587 232 DOCTRINA

1361 289 1864 326 PYTHAGORAS.

1353 388 1708 425 YTHAGORAS
1737 383 1944 432 Pherecydis

1379 438 1568 485 discipulus
1592 436 1672 478 fuit,
1699 434 1875 483 praestanti
1896 433 1945 468 sa-

1276 487 1404 534 pientia
1425 496 1459 521 et
1486 485 1675 526 nobilitate,
1705 484 1838 519 summa
1863 493 1944 517 auc-

1276 536 1426 577 toritate,
1445 534 1513 569 fine
1530 534 1602 568 ulla
1619 533 1797 568 hilaritate.
1832 530 1943 579 Qiie-

1277 594 1346 618 tem
1364 593 1468 630 atque
1485 581 1598 616 otium
1615 581 1763 623 secutus,
1790 591 1810 614 a
1826 590 1944 626 regen-
1997 601 2005 603 —

1276 633 1330 667 dis
1348 630 1548 666 civitatibus
1566 639 1680 665 toturn
1704 628 1736 664 se
1759 628 1803 663 ad
1825 627 1946 674 cogni·

1277 681 1406 715 tionem
1425 691 1537 715 rerum
1556 677 1738 713 transtulit.
1781 677 1947 723 Cumque

1278 729 1340 764 ubi
1363 729 1449 776 quid
1470 728 1562 770 esset,
1588 727 1685 774 quod
1711 725 1794 761 disci
1825 725 1946 772 pofl‘et,

1277 789 1319 813 eo
1347 777 1518 824 judicaret
1549 775 1772 818 veniendum,
1806 774 1947 809 ultimas

1278 836 1382 862 terras
1411 824 1617 873 peragravit.
1657 825 1854 871 AEgyptum
1877 821 1945 857 lus-

1278 874 1394 916 travit,
1420 884 1454 909 et
1481 873 1657 909 Persarum
1683 873 1812 920 Magos
1834 871 1943 913 adiit;

1277 923 1434 959 difficiles
1459 922 1690 957 Barbarorum
1713 921 1866 968 regiones
1885 931 1944 966 pe-

1278 973 1382 1007 dibus
1400 971 1488 1006 obiit
1504 988 1513 1012 ;
1542 971 1652 1005 multa
1668 970 1774 1004 maria
1791 967 1944 1004 transmi-

1279 1020 1331 1056 sit.
1381 1020 1486 1055 Venit
1521 1018 1624 1054 etiam
1663 1018 1874 1058 Phliuntem,
1912 1026 1947 1051 et

1279 1080 1361 1103 cum
1375 1069 1517 1109 Leonte,
1538 1066 1694 1115 principe
1705 1066 1945 1108 Phliasiorum,

1279 1117 1380 1152 doc'te
1395 1127 1429 1152 et
1446 1116 1582 1164 copiose
1599 1116 1762 1163 quaedam
1780 1114 1946 1157 disseruit,

1279 1178 1347 1201 non
1372 1166 1441 1201 fine
1468 1164 1692 1200 admiratione
1717 1162 1790 1210 ejus
1819 1163 1946 1210 ingenii

1277 1225 1310 1249 et
1344 1214 1564 1262 eloquentiae.
1615 1213 1791 1259 Philosophi
1820 1223 1947 1247 nomen

1277 1263 1410 1311 primus
1434 1262 1577 1305 invenit,
1603 1274 1684 1297 cum
1702 1273 1779 1296 ante
1795 1273 1875 1296 eum
1885 1261 1945 1306 sa-

1271 1315 1394 1358 pientes
1421 1323 1455 1347 et
1484 1311 1700 1352 haberentur,
1726 1320 1760 1345 et
1790 1310 1944 1345 nomina-

1277 1371 1406 1403 rentur,
1431 1360 1494 1408 qui
1525 1360 1558 1395 in
1589 1371 1702 1395 rerum
1729 1359 1944 1406 contempla·

1276 1410 1369 1445 tione
1387 1409 1497 1444 studia
1515 1409 1700 1456 ponebant.
1737 1407 1825 1452 Tuft.
1846 1408 1888 1442 V.
1911 1419 1944 1453 3.

1277 1458 1361 1493 lnde
1377 1457 1536 1505 Superbo
1554 1466 1715 1504 regnante
1736 1455 1806 1491 fuit
1823 1456 1857 1491 in
1876 1457 1945 1492 Ita-

1277 1507 1322 1542 lia
1343 1507 1559 1555 temporibus
1585 1506 1714 1547 iisdem,
1741 1504 1872 1553 quibus
1898 1505 1944 1541 L.

1277 1556 1406 1591 Brutus
1433 1555 1578 1603 patriam
1605 1554 1788 1590 liberavit:
1820 1554 1944 1590 tenuit-

1276 1617 1346 1652 que
1361 1605 1530 1652 Magnam
1545 1603 1718 1640 Graeciam
1737 1615 1818 1638 cum
1837 1603 1945 1638 hono·

1277 1665 1311 1688 re
1327 1665 1368 1688 ex
1386 1653 1577 1700 disciplina,
1603 1662 1679 1688 tum
1701 1653 1804 1687 etiam
1827 1652 1946 1687 austo-

1277 1702 1391 1737 ritate:
1408 1714 1444 1736 ac.
1457 1714 1544 1743 eam,
1555 1711 1589 1736 et
1604 1701 1766 1748 privatim
1779 1711 1812 1735 et
1827 1701 1946 1747 publi-

1277 1763 1328 1792 ce,
1353 1751 1532 1786 exornavit
1546 1749 1826 1798 praestantiffimis
1843 1760 1877 1785 et
1894 1749 1945 1784 in-

1278 1799 1404 1834 stitutis
1432 1809 1467 1834 et
1496 1799 1639 1834 artibus.
1683 1799 1816 1841 Locus,
1842 1797 1944 1833 sedes-

1278 1861 1360 1896 que,
1387 1847 1448 1883 ubi
1477 1848 1585 1883 vitam
1614 1847 1735 1888 edidit,
1766 1847 1800 1883 in
1830 1847 1945 1882 Meta-

1279 1907 1388 1944 ponto
1400 1897 1458 1932 est.
1497 1896 1667 1932 Doctrina
1677 1908 1761 1932 vero
1776 1894 1849 1943 ejus
1863 1907 1946 1931 cum

1278 1947 1380 1993 longe
1399 1946 1532 1992 lateque
1552 1945 1683 1986 flueret,
1701 1946 1851 1981 Romam
1870 1958 1946 1992 per-

1279 1994 1462 2029 manaviffe
1479 1993 1628 2029 dicitur:
1650 1995 1754 2041 idque
1768 2005 1849 2028 cum
1863 2006 1945 2029 con-

1272 2042 1407 2090 jectura
1426 2043 1605 2097 probabile
1617 2043 1693 2084 esse,
1708 2053 1782 2077 tum
1801 2042 1944 2089 quibus·

1277 2092 1357 2127 darn
1389 2102 1492 2127 etiam
1527 2091 1677 2138 vestigiis
1708 2090 1861 2133 indicari,
1900 2091 1947 2126 ait

1279 2140 1411 2176 Cicero.
1458 2140 1552 2188 Qis
1565 2140 1656 2175 enim
1673 2140 1732 2180 est,
1751 2140 1813 2187 qui
1833 2150 1944 2187 putet,

1276 2200 1357 2224 cum
1378 2189 1510 2224 floreret
1538 2189 1571 2223 in
1599 2189 1694 2223 ltalia
1719 2189 1858 2224 Graecia
1882 2201 1944 2235 po·

1277 2237 1466 2272 tentissimis
1483 2248 1515 2272 et
1536 2237 1693 2273 maximis
1712 2238 1870 2279 urbibus,
1893 2249 1944 2279 ea,

1277 2298 1359 2332 quae
1388 2286 1522 2333 Magna
1551 2287 1642 2321 dicia
1670 2286 1730 2327 est.
1765 2286 1800 2321 in
1827 2286 1945 2333 hisque

1278 2335 1430 2382 primum
1455 2336 1558 2384 iplius
1577 2335 1797 2383 Pythagorae,
1823 2335 1944 2371 deinde
