2241 2994
731 236 1349 279 HISTORIA.

346 337 380 369 in
405 332 503 370 Catil.
533 332 597 369 111.
646 330 819 378 Sallustius,
857 340 925 378 cap.
956 342 1016 375 40.

348 382 558 424 Plutarchus,
583 382 759 427 Appianas,
775 388 805 415 et
826 381 893 416 Dio
911 379 1018 428 pluri-

350 432 416 467 bus
433 429 547 465 verbis
563 438 753 482 exponunt.

398 481 455 515 Eo
470 478 526 514 die
542 478 676 513 senatus
701 476 861 512 Ciceroni
885 485 1017 523 togato,

348 539 431 570 non,
467 537 508 561 ut
538 526 670 568 multis,
698 526 784 561 bene
813 525 930 573 gestae,
963 524 1018 559 sed

347 585 390 611 ut
406 575 547 630 nemini,
573 575 782 610 conservata:
801 573 934 628 reipub.
956 573 1017 608 te1-

347 623 534 660 timonium
563 624 670 665 dedit,
700 633 735 659 et
766 622 928 671 singulari
958 634 1016 669 ge-

347 684 426 708 nere
467 672 727 721 supplicationis
759 673 918 708 Deorum
953 672 1016 706 ini-

345 722 546 757 mortalium
594 721 725 769 templa
761 720 936 774 patefecit,
982 722 1017 755 in

344 779 426 805 orat.
445 773 479 805 in
502 771 656 817 Pifhnem,
683 779 750 824 cap.
776 781 810 815 3.
853 768 1017 816 Ejusdem

346 819 604 866 supplicationis
623 819 751 854 mentio
768 818 816 853 est
833 817 1015 854 Casil.111.

345 877 412 913 cap.
437 879 492 904 ιο.
518 876 548 902 et
575 868 638 904 IV.
667 876 736 913 cap.
767 867 950 914 3.Philip.
971 867 1014 902 11.

345 926 415 962 cap.
439 928 469 951 1.
496 924 528 952 et
556 917 657 952 XlV.
683 926 751 963 cap.
767 880 815 951 38.
843 925 902 961 pro
921 915 1016 961 Sstla,

345 976 414 1012 cap.
435 977 493 1012 30.
512 974 540 1001 et
557 967 639 1012 φξβ.
659 979 692 1009 4.
711 965 766 1001 lib.
785 966 867 1000 XV.
887 964 1020 1000 Farail.

397 1015 473 1049 Sub
491 1015 625 1050 ηοξὶεη]
648 1014 842 1062 progressus
872 1014 906 1048 in
934 1026 1015 1048 con-

346 1062 480 1098 cionem
512 1063 645 1105 Cicero,
683 1063 831 1110 populo,
858 1063 920 1110 qui
949 1061 1016 1097 fre-

346 1124 456 1158 quens
480 1113 606 1154 aderat,
633 1111 809 1166 quidquid
840 1112 874 1146 in
901 1111 1016 1146 senatu

346 1161 462 1195 actum
491 1171 563 1196 erat
591 1160 749 1208 expoluit
776 1172 816 1195 ea
852 1160 1016 1200 oratione,

345 1221 428 1256 quae
459 1210 557 1245 tertia
585 1223 617 1244 in
648 1209 833 1244 Catilinam
863 1219 957 1243 extat
982 1218 1017 1243 et

345 1270 437 1293 nona
464 1258 661 1293 Consularis
691 1268 903 1299 numeratur,
929 1258 1015 1303 epist.

351 1318 382 1342 1.
410 1307 463 1343 lib.
483 1308 530 1342 ΙΙ.
557 1307 600 1341 ad
615 1307 716 1342 Amc.

394 1355 428 1390 E
452 1355 618 1390 concione
648 1355 784 1396 Cicero,
812 1364 852 1389 ut
880 1354 1016 1389 Plutar-

344 1403 431 1439 chus
461 1404 589 1447 scribit,
617 1404 649 1438 in
679 1404 825 1438 domum
859 1402 966 1438 vicini
996 1416 1016 1438 a

343 1453 497 1506 populo
513 1453 683 1507 deducitus
715 1451 796 1495 fuit,
834 1463 876 1487 eo
917 1452 1015 1499 quod

344 1501 440 1536 domi
469 1500 542 1548 ejus
570 1501 603 1536 in
633 1511 754 1549 operto
787 1501 877 1536 sacra
906 1501 1015 1535 Bonae

344 1550 419 1586 deae
438 1563 457 1585 a
475 1551 678 1585 mulieribus
695 1559 728 1585 et
742 1550 775 1583 V
777 1550 938 1585 estalibus
956 1550 1014 1584 fie-

344 1609 429 1634 rent
481 1599 536 1635 Ibi
566 1609 641 1634 tum
670 1599 809 1653 peracto
837 1598 1014 1641 sacrificio,

344 1659 426 1682 cum
445 1648 533 1696 ignis
553 1648 586 1683 in
604 1661 660 1683 ara
671 1660 744 1695 jam
763 1647 934 1683 extinEtus
947 1660 1014 1695 pu-

343 1706 484 1739 aretur,
524 1709 649 1744 magna
678 1698 816 1732 flamma
844 1709 863 1731 e
893 1697 1013 1732 cineri-

345 1745 444 1780 bus
436 1758 471 1780 in
499 1747 608 1781 altum
636 1746 769 1782 sublata
794 1744 873 1781 fuit.
927 1746 1015 1799 Qio

343 1793 476 1829 ostento
505 1795 649 1830 aliarum
689 1805 819 1830 mentes
848 1794 1014 1842 perculsae

344 1841 509 1878 fuerunt:
529 1844 562 1878 V
563 1844 680 1879 estales
698 1844 897 1878 Terentiam
914 1843 1013 1878 Cice-

343 1892 436 1927 ronis
453 1891 636 1940 conjugem
655 1893 817 1928 maritum
844 1892 936 1927 adire
965 1901 1014 1926 at-

343 1952 412 1994 que
429 1941 540 1976 dicere
561 1942 742 1989 jusserunt,
770 1952 851 1989 quae
881 1941 924 1975 de
953 1952 1014 1989 pa-

343 1989 420 2025 triae
460 1990 566 2026 salute
597 2003 694 2038 agere
734 1989 936 2031 instituisset,
975 2001 1015 2024 ea

341 2039 466 2091 exequi
484 2051 526 2074 ne
547 2039 731 2075 dubitaret.
784 2039 918 2074 Ostenti
946 2039 1010 2074 hu

338 2099 398 2133 jus
429 2088 558 2123 mentio
583 2089 630 2124 est
653 2100 797 2136 quoque
824 2088 859 2123 in
886 2088 1012 2123 Dionis

344 2135 500 2172 Historia
515 2137 567 2174 lib.
586 2139 781 2173 XXXVII.

394 2185 534 2221 Postero
564 2187 632 2228 die,
669 2186 779 2234 pridie
805 2197 910 2222 nonas
941 2185 1013 2220 De-

345 2233 474 2268 cembr.
506 2235 677 2270 indicibus
710 2235 854 2282 praemia
888 2234 1013 2270 consti-

344 2292 419 2316 tuta
436 2281 588 2325 fuerunt,
613 2294 652 2318 ut
672 2284 794 2320 Cicero
820 2286 855 2319 in
884 2284 1013 2320 Catilin.

345 2331 408 2365 IV.
440 2331 580 2373 indicat,
615 2342 682 2377 cap.
716 2345 748 2380 3.
799 2333 915 2368 Nonis
941 2333 1013 2368 De-

345 2379 473 2414 cembr.
493 2391 573 2414 cum
591 2381 713 2416 Cicero
741 2381 858 2417 consul
889 2381 1013 2416 intelli-

345 2438 450 2474 geret,
477 2438 612 2475 paratos
628 2429 704 2471 esse,
729 2430 791 2476 qui
817 2430 1012 2466 Lentulum

342 2487 377 2514 et
406 2478 600 2524 Cethegum
631 2477 816 2526 eriperent,
844 2478 1014 2528 dispositis

1658 238 1737 293 287

1066 329 1234 378 praesidiis
1251 340 1286 366 et
1312 329 1427 366 senatu
1455 340 1659 374 convocato,
1687 344 1738 367 re-

1069 379 1163 421 tulit,
1181 379 1269 425 quid
1287 379 1355 415 de
1348 379 1386 415 iis
1404 380 1476 415 fieri
1494 380 1654 428 placeret,
1675 381 1737 429 qui

1067 427 1103 463 in
1120 427 1311 462 custodiam
1330 428 1445 463 traditi
1462 439 1568 465 erant.

1117 475 1256 512 Primus
1277 478 1322 511 D.
1342 477 1479 522 Junius
1488 478 1636 520 Silanus,
1655 479 1738 525 quia

1066 524 1185 560 consul
1203 524 1398 572 designatus
1428 536 1512 569 erat,
1540 527 1737 562 sententiam

1067 583 1221 621 rogatus,
1246 584 1441 608 extremum
1467 574 1677 622 supplicium
1703 576 1738 611 in

1066 635 1124 658 eos
1106 603 1302 657 odecrevit.
1354 622 1400 658 Ei
1419 623 1531 657 affenfi
1550 623 1626 658 sunt
1643 624 1735 659 dein-

1067 683 1147 719 ceps
1171 671 1286 714 multi,
1311 671 1424 706 donec
1452 671 1495 706 ad
1521 671 1582 706 Ti.
1626 673 1739 708 Nero-

1067 732 1144 755 nem
1193 719 1366 755 sententiae
1415 719 1522 755 diffie
1570 721 1737 767 pervenit.

1067 770 1179 804 Hunc
1212 768 1373 804 censuisse
1405 771 1567 816 Appianas
1602 769 1660 811 ait,
1699 780 1740 805 ut

1067 818 1301 866 comprehensi
1329 818 1364 852 in
1393 818 1544 854 vinculis
1574 818 1735 853 haberen-

1068 876 1136 908 tur,
1163 867 1280 913 quoad
1299 866 1449 902 Catilina
1465 867 1558 902 bello
1574 867 1738 916 profliga-

1067 925 1124 950 tus
1141 916 1231 950 effet.

1117 964 1232 999 Caesar
1249 963 1371 999 deinde
1395 973 1526 1012 praetor
1542 964 1737 1012 designatus

1067 1013 1208 1055 censuit,
1255 1024 1312 1048 eos
1352 1013 1538 1060 publicatis
1571 1014 1669 1048 bonis
1701 1014 1736 1049 in

1066 1061 1215 1097 vinculis
1245 1074 1307 1109 per
1333 1061 1523 1109 municipia
1548 1061 1735 1098 habendos.

1066 1111 1166 1145 Huic
1206 1110 1390 1153 sententiae,
1438 1111 1486 1146 ait
1530 1111 1736 1155 Plutarchus,

1066 1171 1147 1194 cum
1165 1170 1198 1195 et
1216 1159 1390 1205 aequitatis
1407 1160 1527 1207 plena,
1547 1170 1582 1194 et
1605 1161 1649 1195 ab
1674 1161 1736 1196 ho—

1067 1209 1158 1243 mine
1197 1208 1473 1254 eloquentiffimo
1515 1208 1607 1243 dieta
1644 1210 1735 1252 esset,

1066 1256 1232 1292 momenti
1263 1257 1386 1292 Cicero
1413 1269 1481 1292 non
1500 1269 1621 1305 parurn
1641 1258 1736 1292 addi-

1065 1306 1137 1341 dit:
1166 1305 1308 1340 surrexit
1324 1306 1415 1340 enim
1434 1316 1538 1353 atque
1554 1306 1589 1341 in
1608 1316 1733 1341 utram-

1067 1366 1136 1401 que
1153 1365 1285 1402 partem
1302 1354 1467 1395 disseruit,
1493 1355 1618 1402 partim
1643 1356 1736 1390 illam

1067 1403 1186 1444 Silani,
1221 1403 1348 1450 partim
1374 1403 1462 1438 hanc
1493 1403 1636 1438 Caesaris
1666 1404 1736 1439 sen-

1066 1451 1207 1487 tentiam
1241 1450 1436 1488 defendens.
1487 1452 1632 1500 Qibus
1660 1464 1736 1488 ver-

1067 1499 1119 1535 bis
1147 1499 1316 1535 summam
1344 1511 1478 1547 quartae
1507 1500 1670 1536 orationis
1701 1502 1736 1537 in

1065 1549 1251 1584 Catilinam
1279 1549 1641 1596 comprehendit.1n
1665 1562 1737 1598 qua

1065 1598 1188 1633 Cicero
1205 1599 1248 1633 de
1262 1599 1399 1634 duabus
1415 1598 1584 1634 sententiis
1602 1609 1736 1634 contra-

1066 1647 1122 1682 riis
1141 1647 1187 1682 ita
1202 1646 1365 1694 disputat,
1393 1658 1431 1682 ut
1450 1659 1518 1682 non
1537 1647 1679 1682 obscure
1701 1648 1736 1683 in

1065 1695 1264 1731 severiorem
1282 1696 1388 1731 Silani
1410 1696 1560 1731 inclinet.
1613 1697 1736 1744 Atque

1064 1744 1140 1779 haec
1156 1745 1205 1780 est
1223 1745 1355 1780 decima
1384 1745 1494 1779 oratio
1513 1744 1709 1780 Consularis
1724 1760 1733 1781 ε

1064 1805 1171 1840 quam
1198 1793 1231 1828 in
1258 1793 1372 1828 senatu
1402 1793 1518 1828 Nonis
1547 1794 1733 1830 Decembr.

1065 1842 1219 1877 habitam
1248 1841 1347 1877 fuisse
1365 1842 1433 1890 ipse
1449 1842 1532 1888 epist.
1557 1855 1586 1877 1.
1615 1843 1669 1877 lib.
1689 1844 1733 1879 ll.

1065 1891 1110 1925 ad
1124 1892 1197 1926 Att.
1217 1891 1333 1926 scribit
1349 1909 1359 1933 ·,
1385 1901 1425 1926 ut
1452 1891 1527 1926 satis
1546 1892 1659 1926 mirari
1678 1905 1735 1927 ne-

1064 1952 1203 1988 queam,
1221 1940 1369 1975 Silvium
1386 1949 1421 1974 et
1438 1940 1626 1974 Curionem
1644 1941 1734 1975 affir-

1065 2001 1169 2031 mare,
1196 1989 1290 2023 illam
1320 1989 1510 2024 orationem
1531 1990 1607 2024 Vll.
1652 1990 1735 2024 ldus

1061 2038 1189 2075 dietam
1207 2036 1316 2073 fuisse.

1112 2087 1239 2122 Caesari
1256 2086 1417 2133 deinceps
1444 2098 1563 2122 omnes
1593 2087 1734 2122 affensos

1062 2136 1127 2172 effe
1145 2135 1207 2183 usq
1209 2147 1251 2170 ue
1269 2136 1311 2170 ad
1330 2135 1501 2170 Catonem
1519 2137 1682 2181 Appianas
1699 2146 1734 2171 et

1061 2187 1129 2220 Dio
1163 2149 1315 2220 tr‘izdunt.
1366 2184 1563 2219 Plutarchus
1597 2185 1654 2225 ait,
1682 2186 1737 2234 Q

1062 2234 1250 2270 Lutatium
1276 2233 1444 2269 Catulum
1474 2233 1628 2279 primum
1651 2245 1733 2268 con-

1063 2283 1245 2319 tradixisse.

1114 2332 1198 2368 lnde
1223 2331 1279 2366 M.
1304 2329 1450 2364 Porcius
1466 2330 1555 2364 Cato
1571 2330 1733 2366 tribunus

1063 2381 1113 2428 pl.
1150 2380 1357 2427 designatus,
1393 2379 1506 2413 adhuc
1542 2379 1732 2415 admodum

1061 2429 1266 2471 adolescens,
1293 2439 1378 2475 pene
1408 2427 1493 2462 inter
1519 2427 1659 2463 ultimos
1677 2441 1732 2463 ro-

1062 2488 1164 2525 gatus
1196 2477 1407 2520 sententiam,
1434 2486 1528 2512 tanta
1560 2476 1595 2512 vi
1629 2477 1734 2514 animi
