2241 2994
586 275 1435 318 PHILOSOPHORUM.

321 372 530 420 Chrysippo,
572 370 780 420 reliquisque
820 368 989 406 inferioris

321 422 432 457 aetatis
453 423 465 456 ?
505 421 566 468 qui
587 420 670 456 mihi
687 433 770 456 cum
794 420 858 455 illo
872 419 988 454 collati

321 471 456 517 quintae
474 470 582 504 claffis
598 469 772 504 videntur.
814 469 930 503 Pauca
947 469 990 502 de

321 518 450 553 virtute
466 518 563 561 dicit,
581 529 642 552 nec
659 529 699 552 ea
717 517 786 564 ipsa
801 517 988 552 enucleate.

322 567 363 601 In
381 566 545 601 omnibus
562 578 643 601 vero
661 566 770 609 libris,
790 578 878 613 quos
897 565 987 600 mul-

322 624 375 651 tos
391 615 514 658 emisit,
528 615 679 650 sermone
691 615 770 650 usus
783 615 830 650 est
843 613 990 668 eleganti

319 673 355 699 et
371 675 505 699 ornato.
541 665 755 699 Atomorum
773 664 893 698 auditor
909 662 990 706 fuit,

321 713 391 748 five
407 713 509 747 etiam
531 712 748 759 Leucippus,
776 723 816 747 ut
832 713 879 747 est
897 690 992 760 apucl

322 761 516 803 Laenium,
542 771 576 796 et
598 761 635 795 de
657 760 743 797 Nat.
767 763 864 797 Deor.
885 761 910 796 1.
932 772 990 803 24.

324 811 426 857 Qas
445 810 489 844 fic
513 810 561 844 est
579 810 808 857 amplexatus,
835 818 876 845 ut
903 810 990 844 acci-

321 870 402 906 pere
435 858 612 901 maluerit,
655 859 844 893 neceffitate
875 858 993 893 omnia

321 907 408 949 fieri,
427 919 534 954 quam
548 919 567 942 a
582 907 788 955 corporibus
803 906 991 942 individuis

322 957 493 991 naturales
520 965 636 991 motus
660 956 814 991 evellere.
859 955 992 992 Posuit-

323 1016 393 1051 que
410 1005 482 1039 vim
497 1006 672 1052 quandam
685 1016 801 1041 motus
816 1005 993 1053 impulsio-

324 1054 388 1095 nis,
423 1066 529 1101 quam
564 1054 704 1101 plagam
733 1053 791 1089 ille
816 1054 990 1101 appellat:

324 1103 449 1138 Graece
468 1103 688 1146 Plutarchus,
714 1121 744 1147 γε
737 1107 784 1142 ’νος
806 1108 855 1140 τῖς
871 1106 993 1140 καύσεως

324 1156 400 1188 κατὰ
418 1156 535 1195 mmmm.
575 1151 812 1206 Gloriabatur,
840 1164 859 1186 a
884 1152 994 1199 gloria

324 1201 356 1236 se
382 1199 536 1236 abfuiffe.
579 1203 670 1243 Veni,
698 1201 824 1257 inquit,
852 1201 995 1236 Athenas

324 1261 416 1297 neque
433 1261 477 1283 me
493 1249 650 1297 quisquam
663 1251 803 1295 agnovit.
831 1250 995 1305 Denique

326 1310 408 1333 cum
427 1308 563 1345 putaret
581 1299 738 1346 impediri
760 1299 863 1334 animi
887 1311 994 1334 aciem

326 1347 486 1395 adspectu
512 1347 708 1389 oculorum,
735 1347 863 1383 dicitur
886 1348 997 1383 oculis

326 1396 358 1431 se
384 1396 540 1443 privaffe,
568 1405 607 1431 ut
630 1408 736 1443 quam
760 1396 901 1431 minime
926 1397 996 1431 ani-

326 1457 406 1480 mus
431 1457 450 1479 a
467 1444 737 1492 cogitationibus
756 1445 995 1481 abduceretur.

326 1493 581 1530 Patrimonium
599 1494 761 1541 neglexit,
788 1506 888 1542 agros
906 1494 996 1529 dese-

328 1543 398 1578 ruit
423 1543 585 1584 incultos,
611 1542 696 1578 nihil
723 1543 816 1578 aliud
840 1555 998 1590 quaerens

327 1591 389 1626 nis1
421 1591 553 1626 beatam
583 1591 704 1627 vitam.
748 1592 882 1639 Itaque,
916 1604 998 1627 cum

328 1639 384 1675 alii
416 1640 516 1687 saepe,
551 1640 648 1688 quod
674 1641 754 1676 esset
779 1651 856 1675 ante
883 1641 996 1688 pedes,

329 1701 398 1724 non
410 1689 576 1732 viderent,
592 1689 648 1724 ille
660 1689 875 1732 infinitatem,
891 1702 998 1737 quam

326 1741 452 1784 ἀπειρίαν
478 1748 614 1780 vocant,
640 1750 778 1773 ornnem
804 1738 991 1786 peregrina-

329 1786 443 1829 batur,
463 1796 502 1821 ut
520 1787 640 1822 nulla
633 1800 667 1822 in
684 1787 899 1822 extremitate
916 1799 998 1822 con-

327 1835 462 1871 fisteret.
516 1836 700 1870 Sententiae
728 1835 819 1870 illius
843 1845 877 1871 et
906 1848 998 1884 prae-

327 1895 425 1932 cepta
444 1885 520 1919 sunt
537 1883 728 1939 ejusmodi·

377 1933 582 1968 Naturam
575 1946 608 1968 in
627 1932 804 1980 profundo
822 1933 999 1969 veritatem

327 1982 466 2030 penitus
487 1982 685 2017 abstrussffe.
707 1984 785 2018 Luc.
811 1994 865 2017 10.
910 1983 999 2017 Ani-

329 2043 440 2074 mum,
467 2031 613 2073 coelum,
638 2041 752 2073 terras,
771 2031 888 2067 omnia
905 2031 999 2066 deni-

329 2092 398 2127 que
425 2080 561 2123 atomis,
589 2080 623 2115 id
646 2080 705 2123 est,
733 2081 868 2115 levibus
888 2090 922 2115 et
946 2093 1000 2115 ro·

328 2129 445 2164 tundis
457 2129 682 2177 corpusculis,
696 2129 881 2164 individuis
893 2142 999 2177 prop-

329 2187 381 2212 ter
401 2177 618 2221 soliditatem,
645 2179 741 2213 nulla
769 2189 912 2225 cogente
941 2190 998 2213 na-

330 2236 418 2267 tura,
433 2227 486 2261 sed
502 2227 669 2262 concursu
683 2228 837 2275 quodam
853 2227 998 2262 fortuito

329 2275 442 2310 effici:
463 2275 675 2322 Corpuscula
687 2286 801 2311 autem
817 2277 886 2319 illa,
901 2288 998 2322 quae-

328 2323 409 2358 dam
451 2323 567 2367 laevia,
601 2325 666 2359 alia
690 2325 815 2372 aspera,
852 2325 1000 2360 rotunda

329 2372 407 2415 alia,
434 2371 559 2420 partim
584 2382 698 2408 autem
721 2375 895 2421 angulata,
922 2386 1000 2409 cur-

329 2431 410 2456 vata
437 2421 600 2468 quaedam
621 2431 656 2457 et
672 2405 788 2470 quaslo
791 2423 936 2458 adunca.
963 2422 1002 2458 de

328 2469 415 2506 Nat.
434 2471 533 2505 Deor.
550 2471 576 2505 Ι.
597 2482 654 2514 24.
683 2472 771 2517 Tufi.
791 2472 818 2507 1.
842 2483 895 2507 10.
915 2471 1001 2507 etde

329 2519 434 2556 Finb.
448 2519 473 2555 1.
489 2520 521 2556 6.
548 2519 659 2556 Nulla
669 2520 778 2557 censet
789 2521 853 2557 effe
864 2520 996 2558 Cicero.

1623 292 1707 334 407

1088 369 1359 407 Innumerabiles
1385 373 1449 408 effe
1477 373 1640 416 mundos,
1671 384 1707 410 et

1039 419 1180 466 quidem
1210 420 1255 454 s1C
1277 420 1444 467 quosdam
1473 421 1559 457 inter
1585 422 1616 457 se
1636 435 1706 458 non

1039 467 1150 502 solum
1169 468 1304 511 similes,
1323 469 1376 505 sed
1391 469 1545 517 undique
1559 470 1707 518 perfedhz

1039 524 1073 550 et
1099 515 1252 551 absolute
1277 517 1323 552 ita
1348 530 1457 565 pares,
1484 528 1523 553 ut
1547 519 1632 555 inter
1649 531 1708 555 eos

1040 563 1125 599 nihil
1148 564 1284 612 prorsus
1303 566 1452 601 intersit:
1489 579 1607 603 omnes
1626 580 1708 604 vero

1039 613 1132 656 oriri,
1150 623 1184 648 et
1202 613 1336 649 interire
1353 614 1520 662 quotidie.
1546 617 1627 653 Luc.
1652 628 1708 664 17.

1039 671 1074 697 et
1088 661 1124 697 de
1140 663 1295 698 Finib.1.
1315 664 1348 699 6.

1091 711 1293 753 Simulacra,
1306 722 1340 747 et
1354 711 1516 759 imagines
1531 712 1712 750 divinitate

1041 759 1204 807 praeditas
1227 759 1326 795 inesse
1343 761 1552 796 universitati
1573 774 1708 805 rerum,

1040 817 1118 843 tum
1137 808 1308 856 principia
1326 809 1462 852 mentis,
1480 821 1562 857 quse
1579 810 1681 846 sunt
1674 824 1708 846 m

1040 857 1161 892 eodem
1187 857 1356 901 universo,
1386 858 1468 894 deos
1498 859 1589 895 effe:
1634 870 1711 895 tum

1041 905 1229 941 animantes
1253 907 1429 954 imagines,
1456 919 1537 954 quae
1555 910 1610 944 vel
1630 921 1711 956 p1·-o

1042 954 1130 989 deffe
1148 956 1247 990 nobis
1261 955 1379 998 solent,
1394 955 1447 990 vel
1461 968 1604 1000 nocere·‚
1633 968 1710 993 tum

1043 1003 1196 1050 ingentes
1209 1004 1401 1051 quasdam
1394 1006 1570 1052 1magines,
1589 1007 1709 1042 tantas-

1043 1064 1122 1099 que,
1148 1062 1189 1087 ut
1206 1053 1403 1088 universum
1427 1055 1598 1090 mundum
1616 1067 1713 1091 com-

1042 1101 1238 1148 ple&antur
1257 1102 1476 1139 extrinsecus.
1517 1104 1629 1150 Qiod
1660 1104 1713 1139 vi-

1043 1151 1155 1193 detur,
1174 1150 1255 1186 deos
1268 1152 1343 1193 effe,
1363 1143 1516 1199 quodam
1535 1153 1637 1201 paeto
1656 1165 1714 1188 ne-

1042 1211 1132 1246 gare.
1152 1198 1188 1233 de
1208 1201 1252 1233 N
1246 1208 1292 1238 a.t
1312 1202 1410 1236 Deor.
1428 1201 1494 1246 14
1472 1213 1529 1249 4·ss
1544 1212 1578 1237 et
1593 1202 1637 1237 11.
1655 1213 1714 1249 30

1044 1249 1091 1283 Et
1115 1248 1177 1282 a'io
1199 1247 1292 1284 loco.-
1331 1250 1431 1285 Tum
1456 1249 1632 1298 imagines,
1658 1263 1714 1286 ea-

1044 1308 1194 1344 rumque
1222 1298 1386 1334 circuitus
1416 1299 1449 1333 in
1476 1300 1620 1335 deorum
1650 1311 1713 1335 nu-

1047 1357 1142 1381 mero
1155 1347 1376 1383 Democritus
1392 1347 1512 1390 refert·,
1531 1358 1606 1384 tum
1620 1348 1714 1384 illam

1047 1404 1218 1438 naturam,
1245 1408 1327 1444 quae
1351 1397 1514 1444 imagines
1534 1397 1658 1432 fundat
1676 1409 1715 1432 ac

1047 1443 1187 1485 mittat·,
1223 1455 1299 1480 tum
1327 1445 1499 1481 scientiam
1524 1446 1715 1493 intelligen-

1047 1491 1212 1540 tiamque.
1265 1493 1302 1528 de
1335 1495 1418 1530 Nat.
1455 1497 1552 1530 Deor.
1589 1494 1616 1529 Ι.
1661 1505 1714 1531 12.

1050 1541 1218 1588 Imagines
1241 1543 1390 1591 denique
1408 1543 1495 1586 illas,
1523 1555 1541 1578 a
1564 1543 1717 1590 corpori-

1050 1591 1114 1625 bus
1131 1591 1258 1633 solidis,
1276 1601 1310 1627 et
1324 1604 1342 1626 a
1354 1592 1453 1628 certis
1467 1592 1587 1640 figuris
1601 1592 1715 1628 fluere.

1046 1639 1083 1674 de
1102 1641 1215 1676 Εὶ-ῑίη.
1238 1641 1284 1676 ΙΙ.
1305 1640 1362 1685 67.

1096 1688 1197 1723 Nihil
1231 1689 1295 1724 effe
1329 1688 1591 1736 sempiternum,
1633 1689 1719 1737 quia

1048 1736 1133 1771 nihil
1159 1737 1290 1785 semper
1311 1738 1372 1773 suo
1397 1738 1486 1773 statu
1513 1747 1657 1774 maneat.
1680 1738 1718 1774 de

1046 1785 1130 1821 Nat.
1151 1787 1295 1822 Deor.1.
1319 1798 1371 1822 12.

1097 1835 1247 1870 Animos
1275 1835 1308 1870 in
1335 1835 1548 1879 somniando,
1578 1845 1718 1872 externa

1047 1892 1082 1918 et
1099 1883 1285 1920 adventitia
1299 1882 1426 1921 visione
1442 1884 1581 1933 pulsari.
1601 1886 1636 1921 de
1651 1887 1718 1922 Di-

1048 1935 1116 1968 vin.
1137 1933 1182 1968 11.
1202 1935 1260 1978 58.

1098 1981 1229 2016 Omnia
1246 1981 1292 2017 ita
1308 1980 1382 2018 fato
1400 1982 1484 2025 fieri,
1503 1992 1543 2018 ut
1557 1981 1591 2017 id
1605 1981 1718 2019 fatum

1050 2030 1122 2066 vim
1141 2031 1339 2066 necessitatis
1357 2031 1485 2067 afferat.
1499 2031 1535 2066 de
1551 2032 1642 2067 Fato.
1663 2044 1703 2080 ¹7

1099 2080 1238 2114 Habitu
1256 2090 1291 2115 et
1305 2081 1420 2116 colore
1432 2090 1591 2116 extorum
1605 2081 1717 2116 decla-

1049 2129 1113 2163 rari
1130 2128 1251 2177 pabuli
1269 2141 1392 2177 genus,
1408 2139 1442 2164 et
1458 2142 1575 2164 earum
1592 2142 1718 2172 rerum,

1048 2190 1134 2225 quas
1154 2187 1240 2213 terra
1256 2188 1422 2226 procreet,
1441 2179 1497 2212 vel
1513 2178 1717 2221 ubertatem,

1047 2227 1103 2261 vel
1119 2227 1317 2262 tenuitatem
1331 2244 1340 2268 ;
1359 2226 1590 2262 salubritatem
1602 2227 1717 2269 etiam,

1048 2285 1107 2311 aut
1130 2275 1366 2323 pestilentiam.
1388 2274 1441 2323 ‘de
1461 2276 1578 2311 Divin.
1602 2275 1629 2311 Ι.
1658 2287 1721 2323 57.

1049 2334 1083 2360 et
1103 2323 1150 2359 ΙΙ.
1175 2337 1187 2359 1
1197 2337 1229 2371 3.

1099 2373 1179 2408 Sine
1212 2371 1481 2407 inflammatione
1510 2371 1723 2416 animorum,

1050 2432 1083 2458 et
1098 2422 1164 2457 sine
1177 2421 1330 2469 quodam
1345 2422 1459 2455 afflatu
1472 2423 1566 2468 quasi
1577 2420 1717 2465 furoris,

1050 2481 1188 2519 poetam
1207 2482 1373 2517 magnum
1390 2470 1454 2504 effe
1472 2481 1540 2505 non
1559 2471 1662 2518 posse.
1681 2470 1720 2507 de

1049 2522 1164 2557 Divin.
1185 2521 1211 2556 1.
1233 2532 1290 2568 37.
1309 2529 1345 2556 et
1360 2519 1396 2556 de
1415 2519 1513 2556 Orat.
1533 2520 1578 2556 11.
1598 2519 1658 2563 46.
