2335 3009
539 272 620 312 214

533 358 666 403 perveni
689 368 712 391 e.
765 355 864 398 Item,
901 354 992 390 Nam
1023 355 1100 404 quid
1125 355 1209 402 fuit,

537 405 676 452 Judices,
701 416 800 452 quare
826 407 860 440 in
878 402 1043 449 sententiis
1067 405 1169 452 sereni
1170 405 1210 440 iis

538 452 648 489 dubita
654 456 774 496 veritis,
800 461 857 488 aut
873 452 963 497 istum
980 454 1130 488 bominem
1156 465 1208 488 ne-

528 504 656 550 farium
682 502 936 558 ampliaveritis.
931 503 948 528 Ρ
973 513 1032 537 non
1061 502 1208 548 apertiffi-

537 563 594 586 me
611 563 659 586 res
677 559 769 586 erant
786 552 908 586 crimini
924 549 1028 586 datae
1023 553 1039 578 Ρ
1064 563 1124 585 non
1145 564 1207 586 om-

537 611 590 635 nes
629 601 678 635 hae
718 600 843 643 testibus
872 600 1094 646 comprobatae,
1090 601 1106 627 Ρ
1148 611 1208 634 non

536 656 646 683 contra
675 651 808 684 tenuiter
836 656 867 683 et
895 652 1056 695 nugatorie
1084 648 1206 693 respon-

528 698 632 743 sum?
660 699 723 732 Hic
749 710 808 732 vos
836 699 936 732 veriti
957 697 1036 741 estis,
1051 697 1087 740 st
1104 698 1206 743 primo

536 754 614 781 catu
631 745 886 792 condemnaſjctis,
914 757 951 780 ne
972 745 1106 780 crudeles
1130 747 1205 791 exis-

536 797 728 830 timaremim'
740 797 758 830 ?
784 797 871 830 Dum
887 806 954 829 eam
971 795 1093 837 vitastis
1116 797 1204 830 vitu-

530 846 737 889 perationem,
763 856 830 891 quae
857 843 944 890 longe
970 855 991 877 a
1019 843 1109 878 vobis
1137 852 1207 878 erat

535 893 704 938 abfutura,
730 905 796 927 eam
825 892 998 936 invenistis,
1037 899 1073 927 ut
1103 892 1207 926 timidi

535 950 629 989 atque
645 943 760 988 ignavi
781 943 986 987 putaremini.
1038 942 1206 975 Maximus

535 998 567 1025 et
588 993 744 1036 privatas
777 998 805 1025 et
839 990 984 1036 publicas
1012 989 1207 1024 calamitates

535 1039 691 1085 accepistis
705 1053 716 1074 .·
743 1051 810 1074 cum
828 1042 920 1075 etiam
942 1040 1073 1086 majores
1089 1041 1206 1083 impen-

533 1088 608 1122 dere
633 1088 815 1130 videantur,
835 1087 950 1132 fidelis
969 1095 998 1121 et
1025 1087 1205 1133 oscitamini.

533 1137 620 1172 Luce
635 1141 762 1177 noHem,
790 1141 874 1171 nolle
897 1137 1005 1177 lucem,
1031 1137 1206 1181 expediatis.

534 1184 666 1233 Aliquid
686 1185 821 1233 quotidie
844 1184 947 1219 acerbi
974 1192 1069 1230 atque
1093 1186 1205 1218 incom-

535 1237 618 1268 moai
641 1236 819 1275 nuntiatur,
845 1242 874 1268 et
900 1244 980 1274 eum,
1007 1234 1093 1279 cujus
1114 1241 1208 1278 opera

534 1282 624 1317 vobis
645 1283 709 1318 haec
730 1282 886 1324 accidunt,
913 1283 1114 1316 remoramini
1137 1280 1206 1316 diu-

533 1334 609 1374 tius,
648 1339 679 1366 et
706 1331 819 1372 alitis;
862 1344 900 1366 ac
932 1330 1109 1377 reipublicae
1131 1340 1206 1377 per-

534 1383 644 1416 niciem
681 1381 836 1422 retinetis,
876 1378 979 1428 quoad
1000 1379 1138 1426 potestis,
1172 1381 1207 1414 in

533 1431 677 1465 civitate.

584 1477 782 1513 XXXVII.
810 1475 991 1523 Ejusmodi
1021 1475 1158 1513 licentia
1183 1476 1207 1512 fi

537 1526 684 1562 nimium
713 1525 891 1561 videbitur
919 1525 1119 1561 acrimoniae
1151 1525 1209 1560 ha-

537 1576 628 1619 bere,
656 1575 776 1610 multis
802 1574 1079 1622 mitigationibus
1107 1574 1209 1610 lenie

535 1635 604 1660 tur.
656 1625 750 1660 Nam
781 1623 950 1659 continuo
979 1623 1112 1671 aliquid
1143 1624 1207 1659 hu-

529 1673 682 1720 jusmodi
713 1672 831 1708 licebit
864 1671 1010 1708 inferre:
1055 1673 1120 1708 HIc
1155 1684 1208 1719 ego

533 1724 687 1758 virtutem
713 1721 848 1765 vestram
876 1733 992 1769 quaero,
1015 1721 1206 1767 sapientiam

532 1772 675 1816 desidero,
707 1778 847 1805 veterem
875 1770 1118 1816 confieetudinem
1155 1782 1205 1805 re-

533 1823 649 1876 quiro3
678 1829 717 1855 ut
732 1819 831 1867 quod
847 1818 912 1854 erit
929 1829 1146 1855 commotum
1165 1819 1205 1854 li-

534 1870 658 1911 centia,
685 1870 720 1904 id
751 1869 853 1904 laude
878 1867 1069 1916 mitigetur,
1097 1878 1136 1903 ut
1161 1868 1208 1903 al-

534 1928 606 1954 tera
632 1930 682 1953 res
710 1917 754 1952 ab
784 1917 961 1952 iracundia
992 1927 1027 1952 et
1055 1916 1210 1952 molestia

534 1977 722 2009 removeat,
749 1966 854 2002 altera
883 1965 927 2001 ab
955 1975 1068 2002 errato
1096 1967 1206 2001 deter-

534 2027 616 2052 reat.
669 2016 763 2051 Haec
783 2027 845 2055 res,
872 2015 958 2050 sicut
984 2015 1019 2050 in
1044 2015 1206 2058 amicitia,

535 2066 582 2100 ita
599 2066 633 2100 in
649 2064 810 2107 dicendo,
836 2063 859 2098 sl
883 2063 962 2099 loco
979 2064 1031 2105 fit,
1059 2064 1208 2100 maxime

533 2113 632 2156 facit,
669 2123 709 2148 ut
734 2122 768 2148 et
800 2112 861 2156 illi,
897 2111 959 2160 qui
991 2112 1149 2155 audiunt,
1189 2125 1208 2148 a

534 2164 641 2218 culpa
658 2162 780 2204 ablint,
811 2171 845 2197 et
864 2172 938 2216 nos,
963 2161 1026 2216 qui
1044 2161 1207 2204 dicimus,

534 2212 636 2247 amici
653 2223 774 2246 eorum
791 2220 825 2246 et
845 2210 994 2246 veritatis
1011 2210 1075 2245 effe
1092 2211 1206 2246 videa-

533 2273 625 2297 mur.
677 2260 738 2296 Est
764 2269 878 2295 autem
904 2259 1083 2308 quoddam
1099 2271 1208 2307 genus

533 2308 710 2346 licentia:
703 2321 736 2345 m
754 2308 914 2351 dicendo,
931 2308 1030 2356 quod
1048 2307 1208 2344 astutiore

533 2358 666 2395 tatione
692 2366 936 2412 comparatur:
964 2368 1047 2393 cum
1074 2366 1134 2393 aut
1161 2357 1208 2393 ita

534 2407 763 2456 objurgamus
779 2419 850 2448 eos,
863 2406 924 2454 qui
943 2406 1102 2450 audiunt,
1117 2418 1206 2461 quo-

533 2457 642 2493 modo
671 2456 732 2506 ipsi
768 2455 799 2491 se
817 2455 966 2504 cupiunt
998 2454 1204 2504 objurgari·

534 2515 597 2543 aut
625 2505 672 2549 id,
698 2505 796 2554 quod
815 2504 941 2542 scimus
958 2504 1060 2542 facile
1086 2516 1207 2542 omnes

849 257 1631 300 RHETORICORUM

1260 356 1453 399 audituros,
1502 355 1651 392 dicimus
1694 366 1755 391 nos
1797 356 1927 401 timere,

1259 406 1440 452 quomodo
1457 405 1648 451 accipiant;
1666 403 1718 439 sed
1740 414 1851 442 tamen
1870 418 1928 442 ve-

1259 454 1357 488 ritate
1381 455 1604 497 commoveri,
1633 463 1672 488 ut
1690 453 1798 490 nihilo
1821 455 1927 491 secius

1257 502 1425 537 dicamus.
1466 503 1606 538 Horum
1625 502 1807 538 amborum
1825 516 1926 550 gene-

1259 562 1335 585 rum
1352 551 1511 597 exempla
1525 550 1755 598 subjiciemus,
1785 553 1927 593 Prioris,

1259 597 1475 654 hujusmodi:
1504 600 1660 641 Nimium,
1683 599 1837 645 Quirites,
1855 606 1927 635 ani-

1256 650 1313 681 mis
1336 647 1404 691 estis
1422 648 1610 695 simplicibus
1627 656 1658 682 ct
1678 650 1852 695 mansuetis,
1878 653 1911 684 ns'

1256 698 1351 731 mium
1374 696 1500 731 creditis
1522 700 1690 744 unicuique.
1734 699 1929 742 Existimatis

1256 757 1489 793 unumquemque
1510 749 1597 789 eniti,
1624 755 1659 780 ut
1678 747 1834 792 perficiat,
1861 760 1928 795 quae

1255 794 1344 829 ‘tobis
1355 794 1511 840 pollicitus
1515 794 1551 837 s
1549 803 1587 829 t
1613 798 1744 838 erratis,
1763 804 1792 830 et
1799 796 1927 842 frustra

1247 843 1337 889 falsa
1346 843 1402 889 spe
1407 855 1481 889 jam
1498 842 1552 878 diu
1567 843 1766 880 detinemini.
1785 845 1929 888 stultitia

1255 893 1360 938 vestra
1387 893 1438 937 est,
1465 895 1530 939 qui,
1555 893 1636 939 quod
1662 901 1734 927 erat
1759 895 1794 928 in
1823 894 1927 938 vestra

1248 941 1416 987 potestate,
1454 942 1495 976 ab
1522 942 1593 976 aliis
1616 949 1730 987 petere,
1753 954 1845 989 quam
1873 943 1930 988 ipfi

1247 989 1383 1044 sumere,
1408 989 1564 1034 maluistis.
1607 990 1805 1025 posterioris
1822 991 1926 1025 licen-

1257 1038 1316 1072 tiae
1335 1039 1400 1073 hoc
1417 1038 1482 1072 erit
1497 1039 1709 1085 exemplum.
1755 1039 1846 1074 Mihi
1861 1051 1928 1074 cum

1255 1087 1322 1131 islo,
1346 1086 1487 1134 Judices,
1506 1086 1576 1132 suit
1605 1088 1761 1129 amicitia,
1789 1086 1847 1132 sed
1871 1088 1929 1133 ista

1256 1143 1362 1169 tamen
1387 1136 1544 1176 amicitia,
1569 1137 1693 1180 tametfi
1720 1147 1832 1171 vereor
1853 1149 1927 1183 quo-

1255 1183 1340 1218 modo
1357 1185 1516 1230 accepturi
1519 1184 1608 1228 sitis,
1625 1196 1682 1220 vos
1699 1197 1747 1220 me
1759 1185 1927 1231 privastis.

1256 1232 1350 1279 ‚Quid
1363 1235 1411 1267 ita
1425 1235 1444 1267 ,Ρ
1467 1236 1540 1281 quia
1556 1242 1590 1268 ut
1607 1233 1696 1269 vobis
1713 1233 1795 1280 effl’m
1806 1235 1927 1280 proba-

1256 1289 1320 1324 tus,
1346 1293 1427 1324 eum,
1453 1284 1580 1330 quivos
1597 1283 1808 1330 oppugnabat,
1823 1285 1926 1318 inimi-

1256 1342 1338 1373 cum,
1375 1343 1467 1377 quam
1495 1333 1641 1373 amicum,
1678 1332 1791 1367 habere
1816 1333 1926 1368 malui.

1257 1379 1355 1426 Ergo
1378 1380 1456 1414 haec
1477 1380 1667 1423 exornatio,
1694 1380 1751 1416 cui
1778 1380 1927 1417 licentiae

1258 1439 1382 1463 nomen
1399 1428 1460 1472 est,
1488 1428 1587 1464 sicuti
1603 1428 1928 1473 demonstravimus,

1257 1476 1392 1524 duplici
1422 1476 1552 1513 ratione
1578 1477 1806 1521 tractabitur-3
1842 1479 1928 1514 acri-

1259 1526 1387 1569 monia,
1414 1535 1496 1573 quae
1525 1526 1549 1561 fi
1578 1526 1725 1562 nimium
1750 1525 1856 1563 fuerit
1881 1527 1930 1563 as·

1258 1586 1351 1622 pera,
1366 1575 1584 1623 mitigabitur
1601 1575 1722 1618 laude;
1740 1585 1775 1611 et
1792 1577 1930 1612 affimu-

1258 1623 1396 1666 latione,
1422 1625 1464 1659 de
1481 1636 1552 1671 qua
1570 1624 1737 1679 posterius
1761 1624 1930 1679 diximus,

1257 1683 1339 1720 quae
1352 1684 1420 1708 non
1431 1673 1561 1720 indiget
1572 1673 1808 1720 mitigationiS,
1820 1686 1929 1722 prop·

1256 1731 1346 1756 terea
1376 1722 1473 1769 quod
1503 1721 1658 1757 imitatur
1682 1721 1868 1765 licentiam,
1893 1731 1934 1758 ee

1257 1769 1316 1805 sua
1332 1769 1452 1818 sponte
1470 1771 1513 1805 ad
1540 1771 1695 1806 animum
1713 1770 1879 1807 auditoris
1898 1771 1929 1808 se

1258 1819 1509 1855 accommodat.

1309 1869 1519 1904 XXXVlll.
1547 1868 1754 1904 Deminutio
1769 1868 1829 1911 est,
1845 1880 1926 1905 cum

1259 1917 1390 1964 aliquid
1420 1917 1485 1952 effe
1513 1917 1546 1952 in
1575 1917 1688 1960 nobis,
1723 1927 1783 1952 aut
1813 1918 1846 1952 in
1875 1918 1926 1960 iis,

1258 1977 1349 2013 quos
1364 1965 1596 2008 defendimus,
1623 1976 1683 2001 aut
1708 1976 1840 2008 natura,
1868 1978 1928 2003 aut

1257 2014 1410 2070 fortuna,
1450 2025 1510 2050 aut
1549 2014 1724 2057 industria,
1772 2015 1928 2053 dicemus

1256 2064 1460 2112 egregium.
1488 2064 1597 2112 quod,
1633 2075 1674 2099 ne
1701 2076 1772 2111 qua
1800 2064 1929 2112 fignifi-

1257 2123 1355 2148 cetur
1393 2124 1554 2161 arrogans
1587 2112 1780 2167 ostentatio,
1818 2117 1930 2149 demi·

1258 2161 1378 2197 nuitur
1392 2171 1426 2197 et
1443 2171 1640 2197 attenuatur
1668 2163 1834 2217 oratione,
1863 2163 1929 2199 hoc

1257 2211 1386 2246 modo:
1414 2211 1503 2247 Nam
1528 2211 1585 2246 hoc
1598 2220 1658 2257 pro
1676 2214 1836 2258 meojure,
1862 2213 1928 2259 Ju-

1257 2259 1348 2301 dices,
1386 2259 1465 2303 dico,
1503 2271 1550 2294 me
1578 2260 1685 2295 labore
1711 2269 1741 2295 et
1776 2262 1929 2306 industria

1257 2307 1383 2355 curaffc,
1409 2315 1444 2344 ut
1471 2308 1663 2355 distiplinan·
1681 2309 1852 2345 militarent
1870 2322 1930 2346 non

1256 2359 1289 2392 in
1314 2359 1469 2403 postremis
1496 2365 1638 2394 tenerem.
1693 2358 1766 2394 Hic
1798 2359 1822 2395 si
1849 2359 1929 2407 quis

1256 2406 1404 2450 dixisset,
1429 2414 1465 2441 ut
1487 2409 1598 2454 optime
1626 2415 1771 2451 tenerem,
1797 2409 1927 2444 tametsi

1256 2467 1335 2491 vere
1355 2455 1501 2499 dixisset,
1524 2466 1637 2491 tamen
1656 2467 1818 2504 arrogans
1835 2456 1926 2492 visus

1254 2504 1346 2541 ess‘et.
1396 2505 1504 2541 Nunc
1521 2515 1554 2542 et
1573 2505 1615 2541 ad
1633 2505 1799 2542 invidiam
1815 2505 1926 2542 vitan-
