2241 2994
411 311 446 342 p.

418 344 474 384 185

424 827 480 859 186

697 206 991 252 VARIAE
1065 205 1645 249 LECTIONES.

498 354 533 377 21
556 346 634 378 vocis
650 348 679 378 G
694 349 720 384 ψ
732 349 761 379 d.

498 395 535 416 22
557 388 638 427 Qid
653 389 683 418 G
699 388 726 425 ψ
740 391 807 429 quid
816 393 881 419 enim

498 436 536 466 27
558 429 724 467 relinquunt
738 431 766 460 A
780 430 903 470 relinquis

499 476 533 507 3¹
558 469 618 506 ejus
634 469 664 498 G
678 471 707 500 d.

497 522 540 531 —
558 509 661 539 retinet
676 510 703 539 A
718 514 829 541 retineat

498 563 539 571 —
559 557 609 579 aut
621 550 647 585 ψ
661 562 693 579 ae

503 597 541 626 32
562 590 687 619 clamore
701 592 728 620 A
743 591 773 620 G
789 591 919 621 dau-ore-

501 637 538 666 33
559 637 589 659 et
604 630 700 660 fauces
715 631 741 659 A
758 631 787 660 G
800 631 826 660 R
842 632 868 660 d.

501 678 540 708 34
560 670 720 700 auditorem
741 673 769 700 A
791 673 932 700 auditorem
954 674 999 710 qui
1021 672 1135 700 emendat

606 714 740 741 varinas.
761 711 791 740 G
805 713 956 740 auditorem.
978 714 1047 750 quod
1054 722 1136 740 emen-

606 753 654 780 dat
670 754 794 780 varietas

502 796 539 827 43
562 789 653 829 igitur
666 791 695 819 G
708 801 767 829 ergo

523 839 539 858 2
562 829 698 859 suavitate
712 831 739 859 A
748 833 923 865 suavitudine

521 878 539 906 7
559 870 779 908 praeceptionem
789 873 816 906 ψ
825 875 1002 910 perceptionem

520 918 540 947 9
560 909 717 939 dividimus
732 910 760 940 G
773 913 921 941 dividemus

504 957 514 978 1
526 958 535 977 1
561 950 814 988 amplificationem
829 953 855 981 A
868 958 894 981 'et
907 951 1128 991 amplificationem

505 997 540 1028 13
562 990 654 1019 oratio
669 991 695 1019 A
708 991 736 1019 d.

505 1038 543 1067 ¹4
562 1038 591 1059 et
605 1030 641 1058 ad
657 1030 686 1058 G
700 1032 741 1059 ad

501 1084 543 1092 —-
563 1078 591 1098 et
607 1070 636 1098 G
653 1071 676 1098 L
688 1071 713 1098 R
729 1079 752 1099 et
764 1073 804 1100 ad

506 1110 542 1138 16
564 1110 600 1138 ad
615 1112 642 1138 A
658 1111 688 1140 G
703 1110 728 1139 L
744 1112 769 1140 R
783 1112 808 1147 ψ
821 1114 850 1141 in

506 1151 542 1178 18
564 1150 650 1179 trahit
659 1150 688 1180 G
702 1152 729 1180 d.

505 1199 541 1218 22
563 1197 593 1219 et
607 1191 684 1219 vocis
700 1191 853 1221 remissione
867 1192 897 1220 G
910 1193 936 1222 d.

502 1239 544 1266 24
565 1230 602 1258 est
618 1231 643 1259 A
657 1231 685 1260 G
702 1233 726 1261 L
742 1233 767 1261 R
782 1235 910 1271 estorasio

501 1284 544 1292 —
563 1270 648 1300 docet
660 1273 686 1300 A
700 1274 767 1301 decet

505 1319 542 1347 ²7
564 1311 683 1349 perinde
699 1320 731 1342 ut
744 1313 770 1342 A
785 1313 811 1340 R
819 1314 926 1351 proinde

505 1359 544 1388 29
565 1360 595 1379 re
611 1353 637 1380 A
647 1363 676 1382 re
689 1353 745 1381 vili
759 1353 789 1381 G
806 1353 832 1382 R
846 1364 875 1382 re
887 1353 1026 1392 verifimili

505 1399 542 1428 32
564 1391 791 1422 distributionem
814 1394 841 1422 A
857 1393 882 1422 L
896 1393 920 1421 R
936 1397 965 1423 in
977 1393 1139 1433 distributio·

611 1443 664 1461 nem

508 1479 522 1507 3
530 1480 545 1509 5
568 1472 635 1501 raris
651 1473 680 1501 G
695 1476 789 1503 variis

506 1511 545 1549 3⁶
566 1520 595 1541 et
606 1513 633 1542 A
647 1514 674 1541 d.

508 1559 546 1589 39
567 1552 604 1581 est
619 1554 645 1581 A
662 1553 691 1582 G
707 1554 732 1582 L
748 1554 773 1582 R
788 1555 822 1591 est
835 1557 919 1584 aratio

504 1600 545 1628 44
566 1593 698 1630 perducit
712 1594 738 1622 A
751 1595 858 1622 adducit

504 1640 541 1669 43
565 1632 655 1671 igitur
669 1632 699 1662 G
714 1633 740 1661 d.

528 1680 539 1700 1
565 1681 594 1701 et
608 1674 635 1702 A
651 1674 678 1702 d.

504 1725 545 1735 ·—
564 1712 633 1751 ipsae
649 1715 673 1742 A
688 1713 712 1742 L
728 1714 753 1743 R
769 1715 906 1752 ipsaesimt

527 1762 543 1781 2
566 1761 658 1791 partes
672 1755 741 1783 alias
757 1754 787 1783 G
801 1756 828 1782 d.

523 1795 540 1822 8
563 1793 755 1831 depreffiffima
772 1796 797 1823 A
811 1795 950 1832 denfiffina

508 1842 519 1862 1
531 1842 540 1862 ι
565 1834 603 1862 est
617 1834 643 1862 R
658 1836 781 1873 estsermo

509 1882 545 1911 ¹4
565 1875 711 1911 oportebit
726 1876 750 1903 A
767 1875 795 1903 G
812 1875 836 1903 L
851 1883 946 1914 oporm

503 1927 546 1982 i}
565 1914 708 1984 ξξζῖξεξὲ
719 1927 750 1991 ’πῖ
760 1916 913 1991 ἰξιλιίνλὶωη

510 2003 546 2032 19
567 1995 702 2025 varietnte
716 1996 742 2024 A
757 1998 904 2025 vademur

508 2043 544 2071 23
568 2042 597 2063 at
612 2035 641 2063 G
657 2044 685 2064 ut

507 2074 545 2103 26
566 2075 661 2103 moeste
676 2076 700 2104 A
715 2077 818 2114 adesit

505 2129 546 2137 -—
566 2114 594 2143 in
612 2115 640 2143 G
655 2124 679 2144 er

508 2164 544 2191 27
567 2155 808 2184 commutabimus
822 2156 847 2190 ψ
862 2164 1013 2185 commutare

505 2209 547 2217 —
569 2196 828 2233 pronuntiationem
847 2196 876 2224 G
889 2199 1095 2235 pronunciatione

509 2245 545 2273 ²9
568 2236 727 2265 narratione
742 2235 768 2271 ψ
782 2240 956 2266 arration-

511 2285 548 2312 30
570 2275 587 2304 sl
605 2277 629 2304 A
646 2279 673 2304 d.

507 2330 548 2337 —-
568 2316 768 2345 admirationes
784 2317 809 2350 ψ
829 2320 912 2346 animi
925 2320 1036 2347 ratic-u

510 2365 546 2393 37
570 2356 662 2384 mimz
679 2359 704 2385 A
720 2357 747 2385 G
763 2357 788 2390 ᾧ
803 2360 892 2387 nimie

511 2398 546 2433 38
570 2395 669 2425 leniter
681 2397 709 2425 G
727 2398 751 2426 R
766 2397 863 2428 [evim

507 2445 542 2472 4¹
570 2445 618 2465 aut
632 2438 656 2465 A
672 2439 700 2466 A.

509 2485 547 2511 4²
572 2486 620 2513 per
634 2478 661 2505 C·
679 2478 704 2506 d.

508 2525 544 2554 43
569 2517 604 2544 tss
620 2518 644 2545 A
665 2519 686 2546 R
697 2519 737 2557 ſse

1181 318 1242 378 ¹:236
1263 309 1300 387 4¹}
1323 349 1354 378 in
1372 348 1436 378 Aet
1450 351 1480 377 in

1186 391 1242 428 187
1289 398 1299 418 1
1323 398 1440 427 quoque
1454 389 1483 418 G
1497 388 1525 416 d.

1260 443 1302 452 —
1322 429 1465 468 adaugere
1479 429 1508 458 A
1516 429 1627 468 jungere
1638 425 1668 457 G
1682 427 1708 464 ψ
1720 427 1863 468 affugere

1267 478 1304 498 ιο
1324 469 1354 498 in
1371 469 1397 498 R
1410 473 1480 498 inter

1268 518 1279 538 1
1290 519 1300 538 ι
1323 508 1460 546 jubemur
1473 508 1629 546 Gjubemm

1268 558 1278 577 1
1288 558 1306 586 3
1326 547 1543 578 attenuatiffima
1559 549 1583 576 A
1598 548 1769 586 attemffiu

1269 598 1306 626 14
1328 587 1433 626 aequali
1447 587 1477 616 G
1494 588 1619 626 ,eq-abili

1269 637 1303 667 ις
1325 628 1432 657 crebris
1446 628 1472 656 A
1487 629 1514 656 d.

1267 678 1300 698 21
1326 667 1452 706 corporis
1467 667 1496 696 G
1511 675 1638 706 corporum

1269 718 1307 746 24
1326 707 1524 746 pronuntianti
1539 706 1684 742 convenit,
1704 712 1733 736 et
1747 705 1778 736 G
1792 706 1819 736 L
1831 709 1861 738 d.

1265 763 1307 772 -—
1326 748 1460 777 convenit
1472 749 1498 777 A
1513 751 1651 777 con-veniat

1268 799 1308 858 ag
1325 796 1368 835 ςι-
1431 788 1658 857 Ετῧιωιιιίεηωι-
1670 788 1696 817 R
1711 787 1737 823 ψ
1746 788 1777 818 A.

1270 839 1285 858 2
1328 838 1338 857 1
1361 837 1418 857 itur
1488 849 1496 857 .

1269 870 1306 898 28
1327 839 1379 896 eise
1393 867 1423 896 G
1439 869 1463 897 L
1477 869 1548 906 ineffi

1266 925 1307 931 —
1326 917 1378 937 nec
1393 908 1566 936 venustatem
1582 907 1608 936 A
1630 914 1656 936 ee
1673 908 1808 945 venustate
1820 906 1845 937 L
1860 916 1903 935 net

1375 951 1528 987 vetustam

1270 997 1308 1026 29
1329 988 1512 1026 conspicuam
1526 987 1553 1017 A
1568 987 1592 1016 L
1604 987 1631 1016 R
1646 985 1674 1024 ψ
1686 987 1886 1026 conspiciendam

1271 1037 1308 1066 32
1330 1028 1361 1057 iu
1384 1029 1410 1057 A
1428 1029 1456 1057 d.

1272 1078 1306 1107 35
1330 1069 1384 1098 erit
1398 1069 1425 1096 Α
1430 1069 1507 1107 fieret

1267 1123 1309 1131 —
1329 1119 1393 1137 cum
1410 1109 1434 1137 L
1449 1113 1477 1137 in

1267 1164 1308 1171 -
1329 1149 1429 1177 ssantes
1447 1149 1568 1187 Astame

1270 1198 1303 1226 41
1330 1189 1512 1218 demutemus
1528 1189 1557 1217 G
1572 1188 1598 1223 ψ
1611 1189 1765 1216 diuinam

1269 1238 1308 1266 4²
1331 1229 1384 1257 hoc
1398 1229 1435 1258 est
1450 1239 1466 1258 a
1482 1231 1509 1258 A
1524 1230 1580 1257 haec
1592 1230 1623 1257 de

1272 1279 1309 1307 43
1335 1269 1464 1307 proxime
1476 1270 1500 1298 L
1513 1272 1623 1298 maxine

1264 1324 1306 1332 —
1328 1317 1388 1338 tum
1399 1311 1510 1338 vultum
1523 1310 1548 1338 A
1557 1318 1611 1337 nm
1621 1307 1726 1337 multum
1735 1308 1761 1343 ψ
1771 1306 1904 1337 tunultu-

1294 1358 1309 1381 1
1332 1350 1464 1389 instigare
1479 1350 1507 1378 G
1523 1351 1682 1388 investigare

1291 1401 1306 1430 ς
1329 1390 1497 1419 debebimus
1510 1390 1539 1418 G
1557 1390 1582 1418 R
1597 1388 1709 1418 debenus
1723 1388 1784 1424 slad.

1292 1441 1308 1469 7
1331 1431 1360 1460 Si
1377 1431 1402 1459 A
1421 1431 1443 1458 L
1460 1431 1485 1459 R
1502 1432 1548 1459 Sin

1274 1481 1305 1501 11
1332 1471 1417 1500 celeri
1433 1471 1460 1499 G
1478 1470 1564 1498 celeris

1275 1521 1309 1540 12
1332 1511 1557 1540 inambulatione
1572 1510 1598 1538 A
1613 1509 1643 1538 G
1658 1509 1683 1544 ψ
1693 1507 1865 1538 ambulatione

1273 1561 1310 1589 ¹4
1331 1552 1425 1580 defixo
1439 1551 1466 1587 ψ
1477 1553 1507 1579 de
1517 1559 1570 1580 mo

1270 1608 1314 1616 —
1334 1592 1444 1631 aspeCIu
1462 1593 1486 1620 A
1501 1592 1611 1628 respeau

1270 1649 1311 1657 —
1331 1633 1476 1671 oportebit
1492 1633 1517 1660 A
1534 1631 1562 1659 G
1580 1631 1603 1660 L
1619 1631 1644 1659 R
1658 1638 1752 1669 oportet

1275 1685 1309 1712 ις
1332 1673 1557 1701 cohortationem
1573 1671 1602 1699 G
1618 1672 1807 1709 conqussimen

1277 1725 1286 1743 1
1296 1725 1310 1752 7
1334 1712 1483 1742 conveniet
1498 1712 1526 1741 G
1541 1715 1687 1740 conveniat
1701 1711 1727 1745 ψ
1740 1710 1860 1739 con-venit

1271 1771 1313 1777 —
1335 1754 1375 1783 uti
1391 1754 1415 1787 ψ
1429 1754 1457 1781 d.

1276 1796 1310 1823 ¹8
1334 1793 1471 1823 similibus
1489 1791 1644 1830 Afimiliur
1658 1789 1800 1828 siffis-ilias

1275 1845 1310 1864 22
1333 1834 1435 1872 capitis
1452 1834 1506 1861 iftu
1524 1831 1550 1866 ψ
1564 1834 1669 1870 captivi
1682 1831 1752 1859 Ιυῆιι

1274 1885 1309 1913 23
1334 1873 1504 1903 conturbato
1520 1873 1542 1901 L
1558 1871 1664 1901 turbon

1275 1926 1310 1950 ²7
1333 1914 1440 1943 imitari
1459 1915 1483 1942 A
1499 1914 1527 1942 G
1546 1914 1570 1942 L
1585 1912 1610 1940 R
1625 1911 1767 1941 uinitori

1276 1958 1311 1985 28
1335 1956 1382 1984 slm
1399 1954 1428 1982 G
1434 1955 1494 1992 sunu

1275 2005 1307 2033 3¹
1334 2005 1389 2023 non
1406 1996 1430 2023 A
1447 1995 1472 2023 d.

1276 2046 1311 2074 3²
1336 2036 1404 2064 utile
1420 2036 1444 2069 ψ
1460 2034 1551 2064 ιἠιηἹι

1276 2087 1313 2114 34
1333 2076 1410 2113 quod
1426 2076 1453 2104 G
1470 2076 1534 2113 quid

1272 2131 1312 2138 —
1333 2124 1475 2153 oporteret
1491 2115 1519 2143 G
1538 2115 1559 2142 R
1576 2121 1672 2152 operm

1277 2166 1312 2194 37
1337 2156 1438 2184 bonam
1457 2157 1480 2183 A
1497 2156 1524 2183 G
1541 2155 1566 2182 01'.

1276 2199 1311 2234 38
1335 2197 1462 2224 videatur
1479 2195 1505 2223 G
1524 2196 1667 2223 vamum

1276 2247 1313 2275 39
1335 2236 1462 2264 onmium
1481 2235 1506 2263 G
1527 2235 1549 2262 R
1566 2236 1606 2262 ad
1616 2237 1725 2261 ennium

1275 2286 1311 2314 43
1335 2276 1491 2315 quidquam
1507 2275 1647 2303 artificiosi
1665 2275 1690 2302 A
1705 2273 1734 2301 G
1752 2272 1776 2300 R
1792 2271 1817 2303 ψ
1832 2271 1909 2310 quid-

1382 2318 1442 2344 dam
1457 2317 1544 2353 avers-ss
1558 2319 1568 2343 i

1275 2367 1312 2395 44
1335 2357 1448 2384 dicendi
1465 2357 1488 2389 ψ
1504 2357 1603 2384 dandi
1613 2365 1694 2394 genu

1199 2399 1252 2426 138
1297 2408 1314 2434 4
1336 2397 1388 2425 csse
1406 2398 1429 2424 A
1445 2399 1470 2426 d.

1294 2447 1309 2472 7
1333 2447 1365 2465 cn
1383 2437 1405 2464 Λ
1422 2439 1448 2465 d.

1277 2486 1308 2507 11
1336 2477 1414 2506 simul
1438 2486 1501 2505 cum
1517 2475 1693 2516 cogitatione
1716 2475 1741 2503 Λ
1758 2471 1911 2512 fiunulla

1379 2526 1542 2547 (Μαί-111111
