2335 3009
539 227 618 268 266

534 329 683 370 pretores
718 321 923 369 cognoscerent
955 329 986 358 et
1012 321 1208 369 judicarent.

540 370 619 406 Ubi
659 369 770 414 vides,
807 371 851 406 C.
884 370 1115 415 Sacerdotem,
1154 370 1211 406 cui

848 227 915 269 M.
976 229 1031 269 T.
1091 227 1622 267 CICERONIS

1259 322 1400 368 miseram
1415 336 1427 357 :
1453 321 1698 368 negotiatoribus
1726 322 1826 361 comis,
1853 332 1932 356 nier-

1261 371 1420 406 catoribus
1428 371 1543 418 justus,
1564 369 1765 416 municipibus
1782 369 1931 411 liberalis,

539 419 663 454 Verres
681 417 716 453 in
735 428 887 466 praetura
909 421 1038 454 urbana
1064 429 1099 455 et
1128 419 1211 454 Sici·
1251 420 1344 464 ficiis
1360 419 1519 464 abstinens,
1545 419 1682 454 omnibus
1698 430 1783 453 eram
1799 417 1884 463 visits
1899 418 1932 452 in

541 467 635 502 liensi
656 467 817 509 succeffit,
838 467 902 503 hoc
921 479 1011 503 anno
1030 477 1212 515 praetorem

541 516 716 550 urbanum
735 515 852 551 fuisse:
881 516 942 563 qui
961 528 1042 551 cum
1060 516 1212 563 sequenti

541 563 695 599 Siciliam
712 564 913 607 obtinuerit,
938 574 973 600 et
997 564 1121 600 Cicero
1137 574 1214 599 ante

540 623 623 647 eum
657 612 824 661 Qiaestor
863 613 896 648 in
939 613 1055 648 Sicilia
1097 612 1213 654 fuerit,

541 671 692 707 praetore
721 662 797 696 Sex.
830 661 1014 703 Peducaeo,
1052 661 1212 708 suspicio-

543 721 621 744 nem
643 710 798 753 Corradi,
825 710 888 757 qui
917 710 1119 745 Ciceronem
1148 709 1214 745 hoc

542 769 632 793 anno
650 759 869 812 Qaestorem
896 759 1071 793 urbanum
1100 767 1135 793 et
1164 758 1214 793 in-

542 804 694 853 sequenti
722 806 755 841 in
784 806 900 841 Sicilia
931 805 1030 841 fuisse
1060 806 1214 854 putavit,

542 852 661 889 falsam
679 854 742 890 esse
760 867 877 890 omnes
895 854 1026 890 vident.

594 903 667 938 Hic
685 903 733 937 est
764 903 870 950 igitur
895 903 1074 938 Sicilienfis
1091 914 1213 946 annus,

544 951 606 998 qui
625 951 680 986 M.
701 952 865 986 Tullium
883 951 1089 999 quaestorem
1116 963 1213 987 exce-

542 999 608 1046 pit,
634 1010 675 1035 ut
705 999 773 1047 ipse
801 1002 834 1035 in
861 1002 960 1037 Bruto
990 999 1116 1042 scribit,
1147 1010 1213 1046 cap.

545 1059 603 1094 9²·
654 1049 748 1083 Cum
778 1058 892 1084 autem
925 1048 997 1084 bini
1027 1048 1214 1096 quaestores

544 1096 579 1131 in
610 1096 725 1131 Sicilia
754 1097 896 1144 singulis
925 1097 1134 1145 praetoribus
1167 1097 1214 1132 es-

543 1143 626 1187 sent,
656 1145 895 1191 Lilybaetanus
911 1155 946 1180 et
962 1145 1211 1191 Syracusanus:

543 1193 668 1228 Cicero
684 1193 927 1240 Lilybaetanus
953 1193 1107 1241 quaestor
1132 1193 1214 1236 fuit,

545 1251 585 1276 ut
602 1241 774 1277 Asconius
792 1241 920 1285 scribit,
946 1252 980 1277 et
1006 1243 1129 1278 Cicero
1148 1242 1215 1289 ipse

542 1301 601 1336 pro
642 1290 786 1331 Plancio,
827 1300 897 1336 cap.
947 1289 1004 1326 26.
1056 1290 1214 1326 ostendit.

546 1339 642 1374 Idem
661 1338 834 1374 Asconius
859 1339 988 1383 scribit,
1013 1339 1214 1376 Ciceronem

545 1387 752 1434 quaestorem
781 1387 815 1422 in
846 1387 962 1423 Sicilia
992 1386 1091 1423 fuisse
1124 1400 1213 1436 prae-

546 1446 619 1471 tore
647 1437 725 1471 Sex.
755 1436 937 1472 Peducaeo.
991 1436 1065 1484 Ipse
1082 1448 1164 1472 vero
1181 1439 1214 1471 in

545 1491 628 1519 orat.
663 1484 732 1530 post
764 1484 914 1520 Reditum
945 1487 980 1520 in
1007 1487 1123 1520 Senatu
1154 1485 1214 1528 ait,

545 1541 613 1578 cap.
635 1534 668 1568 8.
696 1532 726 1567 se
743 1533 830 1580 patri
858 1534 914 1569 M.
933 1534 1046 1569 Curtii
1065 1534 1215 1581 quaesto-

546 1592 617 1616 rem
635 1580 744 1617 fuisse.
772 1582 967 1618 Accidebat
983 1593 1098 1618 autem
1116 1583 1216 1630 saepe,

547 1639 587 1664 ut
617 1642 706 1666 unus
735 1631 887 1678 quaestor
908 1631 1059 1666 duorum
1089 1642 1219 1679 praeto—

547 1690 624 1712 rum
642 1679 734 1720 esset,
762 1689 800 1714 ut
830 1679 1008 1715 Gruchius
1032 1681 1085 1716 lib.
1114 1681 1157 1716 11.
1181 1681 1219 1715 de

546 1728 688 1761 Comitiis
705 1727 817 1763 docet.
844 1729 900 1763 De
915 1729 1102 1777 Qaestura
1119 1729 1218 1764 Cice-

548 1774 640 1809 ronis
659 1776 867 1811 Plutarch-us
887 1777 932 1812 ita
950 1777 1066 1812 scribit
1082 1791 1090 1813 :
1109 1777 1216 1824 Qaes·

547 1831 598 1858 tor
624 1833 747 1859 creatus
769 1832 800 1859 et
808 1826 945 1872 sortitus
956 1828 1155 1872 provinciam
1173 1828 1219 1861 Si-

546 1872 662 1915 tiliam,
689 1885 754 1907 cum
772 1875 804 1907 in
822 1873 1002 1919 difficultate
1016 1887 1147 1910 annonae
1165 1883 1216 1910 at-

544 1932 602 1967 que
627 1923 733 1966 inopia
762 1924 808 1957 rei
832 1924 1056 1969 frumentariae
1087 1936 1219 1970 magnus

536 1969 698 2014 frumenti
719 1982 864 2006 numerus
891 1973 1025 2007 Romam
1050 1972 1117 2020 effet
1140 1975 1217 2007 mit-

549 2020 665 2058 tendus,
705 2020 816 2054 Siculos
845 2022 935 2054 initio
965 2021 1118 2067 ffndit:
1139 2022 1218 2067 post,

547 2067 602 2100 utu·
613 2066 818 2114 diligentiam,
834 2069 1005 2114 justitiam,
1034 2078 1065 2104 et
1091 2073 1217 2105 comita-

546 2124 606 2149 tem
623 2117 686 2161 ejus
703 2119 823 2162 experti
846 2118 992 2159 suerunt,
1020 2121 1149 2165 majores
1171 2120 1220 2153 illi

546 2164 673 2199 bonores
705 2177 798 2212 quam
833 2166 888 2200 ulli
921 2178 1055 2215 unquam
1086 2171 1218 2213 praetori

545 2213 734 2248 tribuerunt.
789 2214 844 2249 De
866 2215 984 2250 eadem
1006 2216 1072 2263 ipse
1091 2217 1123 2251 in
1141 2229 1215 2251 ora—

548 2271 637 2296 tione
665 2275 729 2309 pro
754 2263 908 2305 I’lanciO,
935 2276 1009 2312 cap.
1032 2266 1087 2300 26.
1141 2266 1216 2300 Non

546 2322 667 2349 vercor.
695 2323 730 2345 ne
756 2314 822 2359 quis
846 2312 962 2347 audeat
985 2314 1095 2353 dicere,
1123 2314 1214 2348 ullius

546 2373 576 2392 m
614 2361 719 2393 Smlia
749 2361 930 2407 quaesturam
959 2371 1017 2396 aut
1040 2366 1214 2409 gratiorem

546 2416 602 2441 aut
636 2410 793 2443 clariorem
820 2410 925 2455 fuste.
980 2412 1144 2446 Frumenti
1182 2414 1214 2445 in

535 2457 658 2498 ‚furimus
694 2461 827 2493 caritate
862 2461 1028 2495 maximum
1056 2472 1214 2498 numerum

1263 469 1344 502 omni
1372 467 1469 513 officio
1486 466 1736 514 diligenttffimus,
1763 467 1932 512 excogitati

1260 515 1385 564 quidam
1410 523 1502 550 erant
1527 528 1548 550 a
1571 515 1680 551 Siculis
1697 516 1821 550 honores
1837 516 1931 549 inau-

1261 565 1330 599 diti.
1357 565 1405 600 Et
1424 564 1457 599 in
1476 564 1574 599 Verr.
1591 564 1670 598 Vll.
1698 575 1775 611 cap.
1799 576 1855 607 ¹4·
1881 564 1932 598 Sic

1261 613 1382 647 obtinui
1407 612 1590 659 quaesturam
1612 614 1647 647 in
1663 613 1833 658 provincia
1853 612 1930 646 Sici-

1261 661 1318 703 lia,
1355 668 1390 695 ut
1416 664 1548 695 omnium
1573 660 1674 695 oculos
1706 662 1740 694 in
1768 671 1813 694 me
1839 671 1933 694 unum

1263 711 1406 754 conjetios
1434 709 1636 750 arbitrarer·,
1671 717 1705 743 ut
1731 720 1778 743 me
1805 707 1934 755 quastu-

1262 769 1388 805 ramque
1416 769 1515 792 meam
1546 758 1631 805 quast
1658 759 1692 792 in
1717 757 1821 804 aliquo
1850 757 1934 791 orbis

1263 814 1360 842 terrae
1393 807 1518 842 theatro
1550 808 1671 850 versari
1702 806 1932 850 existimarem3

1263 863 1298 890 ut
1315 857 1417 889 omnia
1426 855 1559 902 semper,
1587 867 1654 902 quae
1661 853 1806 900 jucunda
1823 853 1932 889 viden-

1264 911 1319 938 tur
1336 903 1400 950 ff,
1427 915 1486 939 non
1502 903 1588 938 modo
1605 903 1654 938 his
1671 903 1935 938 extraordinariis

1263 952 1500 998 cupiditatibus,
1517 952 1576 998 sed
1599 954 1694 986 etiam
1725 952 1782 997 121>st
1808 959 1935 986 naturae

1263 1014 1301 1035 ac
1319 1000 1483 1044 neceffitati
1498 1001 1687 1047 denegarem.
1740 999 1835 1034 Idem
1854 1001 1933 1034 Ver-

1262 1052 1334 1084 rina
1363 1049 1409 1084 11.
1439 1049 1498 1091 ait,
1526 1058 1593 1094 cap.
1627 1060 1681 1084 12.
1734 1047 1870 1083 Siculos
1899 1048 1934 1083 in

1264 1097 1440 1144 quaestura
1456 1097 1526 1132 suae
1545 1096 1749 1132 innocentiae
1765 1096 1934 1132 abstinen-

1265 1147 1395 1193 tiaeque
1411 1145 1605 1192 periculum
1622 1144 1745 1180 fecisse.

1313 1195 1368 1230 Eo
1386 1204 1553 1242 ternpore,
1573 1204 1612 1229 ut
1631 1193 1839 1229 Plutarchus
1856 1193 1935 1228 scri·

1266 1242 1330 1286 bit,
1375 1243 1476 1278 multi
1512 1242 1662 1279 Romani
1696 1242 1938 1285 adolescentes,

1265 1291 1363 1327 claris
1380 1291 1579 1340 parentibus
1604 1301 1708 1338 atque
1725 1291 1866 1327 honesto
1884 1291 1934 1326 lo-

1265 1352 1307 1375 co
1336 1341 1419 1383 nati,
1457 1340 1551 1388 apud
1585 1339 1713 1375 Siciliae
1747 1349 1933 1387 praetorem

1264 1389 1409 1424 accusati
1461 1389 1537 1424 sunt
1587 1389 1858 1436 intemperantiae
1899 1398 1935 1423 et

1265 1438 1428 1485 neglectae
1447 1436 1637 1486 disciplinae
1655 1437 1824 1479 militaris,
1844 1449 1934 1484 quos

1264 1487 1388 1522 Cicero
1413 1498 1537 1533 magna
1563 1485 1860 1521 commendatione
1876 1486 1935 1521 de-

1265 1533 1375 1570 fendit
1390 1545 1425 1570 et
1440 1534 1664 1570 conservavit.

1269 1686 1378 1725 Anno
1400 1684 1508 1725 Urbis
1531 1684 1625 1738 679.
1668 1683 1847 1723 Ciceronis
1869 1699 1933 1739 3⁷3.

1412 1755 1604 1794 Consules
1634 1754 1796 1794 fuerunt

1306 1816 1354 1855 L.
1388 1817 1603 1855 L1c1mus
1635 1817 1900 1861 Lucuttus,

1324 1877 1388 1916 M.
1418 1879 1658 1916 Ammius
1690 1878 1880 1916 COTTA.

1319 1974 1390 2008 His
1420 1974 1629 2010 Consulibus
1659 1975 1795 2016 Cicero,
1822 1986 1938 2009 annuo

1270 2035 1410 2057 munere
1427 2023 1614 2071 quaessurae
1631 2024 1781 2071 expleto,
1809 2036 1827 2058 c
1852 2024 1937 2058 Sici-

1271 2071 1314 2106 lia
1333 2072 1510 2118 provincia
1526 2071 1671 2106 decessit.
1704 2072 1843 2106 Habuit
1863 2082 1937 2107 tum

1267 2119 1455 2155 orationem
1476 2120 1641 2167 Lilybaei‚
1673 2120 1704 2155 in
1724 2132 1794 2167 qua
1813 2121 1937 2156 Siculis

1268 2169 1378 2203 multa
1409 2169 1554 2216 benigne
1573 2169 1739 2216 promisit,
1770 2180 1807 2203 ut
1828 2170 1936 2204 Asco-

1267 2218 1343 2251 nius
1372 2221 1405 2252 in
1437 2221 1566 2265 Argum.
1611 2219 1704 2252 Verr.
1743 2218 1767 2252 l.
1810 2218 1935 2253 scribit.

1267 2266 1463 2301 Dccedebat
1494 2277 1608 2301 autem
1638 2279 1676 2301 ca
1707 2266 1773 2313 spe,
1805 2277 1844 2302 ut
1877 2267 1937 2302 libi

1266 2316 1438 2362 populum
1468 2316 1571 2349 Rom.
1603 2315 1693 2350 ultro
1711 2315 1826 2350 omnia
1843 2316 1936 2350 dela·

1265 2374 1382 2398 turum
1403 2374 1548 2410 putaret.
1596 2366 1650 2399 Ac
1671 2377 1750 2399 cuin
1770 2365 1846 2398 casu
1865 2365 1937 2398 ‹lie-

1267 2412 1331 2446 bus
1352 2412 1389 2446 iis
1410 2413 1534 2447 itineris
1561 2411 1708 2447 faciendi
1739 2413 1837 2447 causa
1864 2413 1931 2447 Pu-

1266 2461 1373 2497 tcolos
1392 2461 1479 2497 forte
1496 2462 1647 2506 venisset,
1665 2462 1817 2498 concidit
1835 2473 1934 2509 pene,
