2241 2994
582 262 1427 304 PHILOSOPHORUM.

371 489 700 525 ARISTONl
720 490 756 531 S,
785 489 984 535 Pyrrhoni5‚

321 537 464 579 Herilli,
489 538 810 584 nonnullorumque
838 538 985 573 aliorum

319 595 533 622 evanuerunt
561 586 746 628 sententiae,
782 586 895 632 inquit
925 586 985 621 Ci-

320 647 411 677 cero,
426 634 486 682 qui
505 644 618 669 tamen
637 633 821 669 haberent
808 647 866 681 Jus
885 634 985 669 suum

319 683 517 731 disputandi
533 684 575 718 de
591 683 720 725 officio,
747 683 769 718 si
793 695 906 718 rerum
925 683 984 717 ali-

321 745 426 779 quem
444 731 615 767 dele&um
635 731 854 778 reliquissent,
881 741 920 766 ut
943 732 985 767 ad

320 781 426 816 officii
472 780 703 815 inventionem
744 779 857 814 aditus
895 780 985 815 esset.

320 828 521 865 Aristoteles
552 829 734 864 Ethicorum
767 828 848 862 libro
882 830 986 874 primo

320 877 497 912 sententias
526 877 568 912 de
601 876 736 912 summo
765 876 860 911 bono
889 877 986 911 aliter

319 926 486 966 distinxit,
511 936 546 960 et
563 925 747 972 generatim
765 925 819 959 sex
849 935 984 960 tantum

320 975 504 1010 celebratas
533 984 567 1010 et
583 973 734 1009 defensas
752 973 889 1021 posuit:
918 984 984 1009 tres

359 1139 401 1169 De
423 1139 567 1168 Carneade
590 1149 668 1177 agens
693 1139 815 1176 Jacotius
832 1138 877 1176 [p.
897 1138 983 1174 400.]

319 1192 372 1210 eum
387 1190 439 1208 una
453 1191 506 1208 cum
522 1178 703 1207 Clitomacho
723 1186 751 1206 et
766 1177 900 1206 AEschine
914 1179 986 1206 Aca-

320 1222 426 1249 dcmiam
445 1219 575 1256 obtinuiffi
590 1219 694 1251 tradit;
717 1222 744 1246 in
763 1218 808 1246 hoc
821 1227 919 1246 veteres
936 1217 986 1245 Ci-

321 1260 428 1288 ceronis
454 1261 572 1287 editiones
584 1259 697 1293 sermm,
722 1266 816 1295 parum
837 1267 931 1290 autem,
959 1266 986 1285 ut

321 1299 384 1328 aliis
409 1301 526 1334 videtur,
555 1297 729 1336 Chronologiae
749 1297 881 1333 considens.
922 1299 988 1326 Vide

1618 277 1696 320 423

1036 490 1194 537 vulgares
1211 499 1245 526 et
1261 491 1484 539 improbatas,
1511 493 1697 536 sanitatem,

1035 538 1249 580 facultatem,
1276 539 1472 576 scientiam:
1506 552 1571 576 tres
1605 544 1698 585 alias,

1035 599 1117 634 quae
1136 596 1274 622 retentae
1293 587 1369 622 sunt
1385 598 1419 622 et
1435 588 1581 624 defensae
1602 603 1620 625 a
1637 603 1699 626 vo·

1036 635 1206 683 luptariis‚
1241 635 1507 682 magistratibus,
1547 638 1700 673 Platoni-

1034 685 1096 726 cis,
1146 685 1382 731 voluptatem‚
1434 685 1616 728 honorem,
1667 697 1702 721 et

1035 733 1156 768 ideam.
1202 733 1259 767 Ex
1277 744 1349 780 quo
1368 733 1571 780 intelligitur
1588 735 1700 780 qualis

1034 791 1189 816 veterum
1228 781 1369 816 illorum
1409 781 1700 837 Philosophorum

1035 829 1252 877 philosophia
1278 828 1393 871 fuerit,
1421 842 1502 876 quae
1531 832 1564 865 in
1594 843 1646 872 eo,
1682 843 1705 865 a

1034 890 1106 925 quo
1123 889 1197 913 orta
1214 878 1274 919 est,
1300 888 1334 913 et
1352 879 1449 925 quod
1479 891 1587 913 unum
1605 879 1700 926 spec-

1034 935 1105 961 tare
1131 936 1166 961 et
1193 926 1286 974 sequi
1312 926 1426 969 debet,
1452 936 1522 962 tam
1541 927 1633 963 varie
1650 926 1700 962 fe-

1035 985 1140 1010 ratur.

1035 1137 1180 1167 Pearcium
1201 1143 1228 1167 in
1249 1143 1313 1167 notis
1335 1141 1373 1168 ad
1392 1140 1438 1168 lib.
1465 1142 1494 1168 de
1518 1142 1597 1169 Orat.
1615 1141 1639 1170 Γ.
1659 1151 1703 1170 ιι.

1036 1178 1080 1206 ubi
1093 1179 1154 1218 legit
1169 1179 1352 1208 Charmadas.
1387 1182 1441 1209 Hoc
1454 1189 1538 1208 amem
1553 1190 1639 1209 natare
1653 1194 1703 1210 me-

1035 1218 1085 1246 lius
1097 1222 1314 1257 existimavimus,
1327 1231 1402 1258 quam
1417 1220 1519 1256 Jacotii
1532 1224 1704 1250 narraticnm

1036 1259 1165 1289 mutilare.
