2335 3009
545 265 625 306 254

546 351 586 386 P.
606 349 726 390 Crasso
741 350 865 387 Cicero
892 363 957 398 pro
981 351 1110 394 Sextio,
1136 363 1212 400 cap.

548 411 604 436 21.
655 401 694 436 In
718 411 779 447 qua
797 401 930 434 civitate
946 400 1008 445 ipse
1025 401 1215 448 meminiffem

543 457 668 494 patrem
695 447 788 495 hujus
814 450 868 484 M.
892 448 1000 493 Craffi,
1016 449 1215 494 fortiffimum

545 499 665 538 ¹virum,
705 509 742 532 ne
773 496 896 532 videret
925 499 1079 533 vimm-
1119 501 1215 534 vivus

545 547 712 587 inimicusn,
738 545 843 581 eadem
848 546 916 589 fibi
932 558 1027 582 manu
1043 549 1148 582 vitam
1161 559 1212 582 ex-

544 594 682 641 haustſje,
722 608 783 643 qua
816 603 945 631 mortem
970 597 1054 642 sepe
1083 597 1215 640 hostibus

544 643 707 691 obtuliffet.
759 645 815 680 De
849 645 971 680 eodem
997 655 1056 691 pro
1085 649 1212 687 Scauri),

544 702 578 728 et
596 692 644 728 ibi
662 692 846 730 Asconius.

595 741 681 778 Hoc
711 753 800 777 anno
830 741 886 776 M.
906 742 1050 777 Tullius
1072 742 1212 777 Moloni

545 789 688 826 Rhodio
716 791 842 826 Romae
871 790 966 825 dedit
995 803 1150 839 operam,
1179 801 1213 825 et

544 837 652 874 actori
668 839 804 875 summo
829 838 1006 874 causarum
1031 850 1064 875 et
1090 840 1213 887 magis-

544 897 612 930 tro,
651 897 690 922 ut
716 888 763 923 ait
788 889 823 922 in
849 888 954 923 Bruto
982 899 1050 935 cap.
1085 892 1142 936 89.
1171 889 1214 923 de

544 948 618 984 quo
636 936 784 972 Molone
803 937 1008 973 Plutarchus
1024 941 1059 972 in
1085 938 1150 973 Cic.
1179 948 1214 973 et

543 985 678 1030 Caesare,
706 986 835 1021 Strabo
847 986 904 1022 lib.
923 986 1024 1022 XIV.
1068 987 1213 1035 Qinti-

543 1033 655 1069 lianus
672 1033 727 1069 lib.
747 1034 808 1070 111.
836 1044 904 1081 cap.
930 1047 957 1071 ¹.
976 1045 1011 1070 et
1028 1035 1214 1070 Suetonius

541 1085 575 1117 in
592 1083 685 1127 Julio
701 1083 823 1129 Caesare
845 1093 911 1129 cap.
942 1097 976 1128 4.
1030 1084 1214 1119 Molonem

543 1130 733 1167 Rhetorem
784 1132 894 1167 studia
940 1133 996 1167 M.
1040 1132 1212 1168 Ciceronis

542 1179 667 1215 acuisse
702 1181 749 1215 ait
785 1181 888 1215 etiam
919 1181 1076 1216 Valerius
1110 1181 1210 1216 Max.

541 1227 597 1264 lib.
618 1229 663 1264 11.
693 1238 762 1275 cap.
784 1239 817 1263 2.
869 1229 972 1264 Circa
990 1230 1055 1265 hoc
1073 1239 1212 1277 tempus

541 1277 666 1312 Cicero
712 1277 905 1313 adolescens
946 1278 1213 1314 commentarios

540 1325 749 1361 Rhetoricos
780 1327 823 1362 de
852 1327 1054 1362 Inventione
1072 1327 1210 1363 inchoa-

541 1384 596 1411 tos
626 1384 660 1409 et
690 1375 790 1410 rudes
828 1375 946 1411 edidit.
1000 1377 1111 1424 Qod
1142 1375 1211 1424 ipse

541 1423 642 1459 initio
669 1423 725 1459 lib.
758 1425 784 1459 Ι.
815 1424 851 1459 de
879 1427 1016 1460 Oratore
1043 1435 1078 1460 et
1094 1425 1212 1472 Quin-

541 1472 681 1508 tilianus
697 1472 751 1508 lib.
770 1472 835 1508 111.
860 1483 928 1519 cap.
953 1486 982 1509 1.
1008 1473 1211 1521 significant.

590 1521 674 1557 Post
716 1521 809 1556 hunc
852 1533 982 1557 annum
1024 1522 1210 1558 triennium

540 1568 611 1606 fere
627 1570 750 1605 urbem
769 1570 836 1606 fine
853 1570 956 1606 armis
972 1570 1072 1607 fuifl‘e
1089 1572 1213 1608 Cicero

540 1620 575 1654 in
601 1619 704 1654 Bruto
734 1629 802 1665 cap.
836 1631 895 1666 90.
927 1619 987 1663 ait,
1012 1633 1086 1668 quo
1116 1621 1212 1668 Sylla

542 1667 675 1703 bellum
693 1667 976 1704 Mithridaticum
993 1679 1143 1718 gerente,
1169 1670 1213 1704 de

541 1728 615 1764 quo
633 1717 842 1752 Plutarchus
858 1727 894 1752 et
910 1718 1110 1765 Appianus,
1128 1718 1211 1754 Cin-

540 1777 640 1801 nanae
666 1765 911 1813 Marianaeque
937 1777 1050 1814 partes
1077 1767 1211 1803 ltaliam

539 1813 758 1857 obsederunt,
784 1823 824 1850 ut
840 1815 958 1851 scribit
973 1815 1139 1861 Velleius,
1157 1815 1211 1852 lib.

539 1862 584 1899 11.
611 1872 679 1909 cap.
699 1873 757 1907 24.

591 2037 672 2079 An.
694 2037 813 2091 figitur
829 2037 878 2078 ab
897 2038 953 2078 U.
976 2038 1026 2079 C.
1055 2039 1152 2094 667.

782 2098 862 2139 Cic.
886 2111 953 2138 21.

681 2167 875 2208 Consules
905 2167 1070 2209 fuerunt

538 2230 588 2269 C.
612 2227 808 2271 MARms
828 2230 925 2276 vn.
945 2230 998 2271 L.
1021 2232 1208 2274 Conna-

688 2303 790 2330 mus
823 2291 982 2332 emm
1004 2291 1061 2332 11.

583 2395 738 2440 Marius,
754 2408 862 2445 quem
879 2397 1006 2435 cicero
1022 2406 1086 2445 pro
1104 2397 1208 2435 Plan-

534 2446 592 2486 cio,
623 2453 682 2491 cap
706 2456 762 2481 21.
795 2446 935 2482 duabus
957 2447 1133 2484 aedilitatis
1155 2459 1211 2485 nc·
1260 2463 1284 2499 q

532 2493 642 2541 ceptis
678 2495 833 2543 repulsis,
876 2495 996 2544 septie-
1033 2497 1211 2534 consulem

855 253 919 293 M.
981 253 1035 296 Τ.
1095 253 1624 296 CICERONIS

1263 351 1328 386 effe
1354 350 1488 387 faEtum
1514 352 1573 393 ait,
1598 351 1698 386 editis
1723 350 1841 387 multis
1865 351 1934 387 sce·

1265 401 1394 436 leribus
1434 401 1555 436 ldibus
1589 400 1745 444 Januarii
1785 401 1933 438 deceffit.

1267 450 1379 484 Livius
1400 449 1454 484 lib.
1477 450 1631 485 LXXX.
1660 451 1715 484 De
1731 448 1805 496 ejus
1824 459 1935 485 morte

1266 498 1310 533 fic
1328 498 1401 533 Cic.
1417 498 1469 532 lib.
1490 499 1552 534 ΙΙΙ.
1568 499 1610 533 de
1628 499 1711 533 Nat.
1734 499 1836 533 Deor.
1855 510 1933 546 cap.

1267 558 1324 592 33.
1350 548 1417 582 Cur
1444 549 1577 583 Marius
1597 555 1662 582 tam
1684 547 1821 589 feliciter
1833 547 1934 593 septi-

1265 607 1348 630 mum
1373 596 1474 642 corilul
1495 596 1577 630 domi
1591 597 1659 641 fine
1675 595 1768 640 senex
1783 596 1825 640 est
1850 607 1933 630 mor-

1263 645 1364 679 tuus?
1392 644 1510 679 Mario
1532 644 1693 679 suffectus
1720 645 1768 679 est
1794 645 1840 679 L.
1863 645 1934 679 Va-

1264 693 1366 727 lerius
1391 693 1548 735 Flaccus,
1576 703 1672 740 pater
1690 693 1782 728 illius
1803 693 1933 736 Flacci,

1263 753 1340 824 ffio'
1360 754 1434 789 quo
1475 741 1651 825 (ἶὶεειςέηἰε
1684 742 1809 825 orati-(¹)T
1827 751 1932 778 extat.

1308 802 1376 832 uic,
1410 802 1492 825 cum
1527 802 1546 824 a
1614 802 1692 825 mna
1726 803 1773 826 mx
1805 803 1857 833 us,
1893 800 1934 826 ut

1264 839 1372 885 Syllae
1407 840 1448 874 ad
1486 840 1614 874 bellum
1650 839 1934 875 Mithridaticum

1263 887 1468 929 succederet,
1511 888 1545 923 in
1580 889 1700 924 Asiam
1741 888 1933 936 trajecisset,

1263 936 1394 972 consuli
1428 947 1544 985 portas
1576 947 1649 972 tota
1683 938 1766 972 Asia
1799 938 1932 973 clausit.

1263 986 1370 1021 Cicero
1381 995 1440 1032 pro
1458 987 1581 1028 Flacco,
1607 996 1676 1031 cap.
1699 997 1756 1031 25.

1313 1035 1422 1069 Anno
1440 1033 1599 1081 sequente
1618 1035 1706 1069 idem
1733 1046 1751 1068 a
1776 1035 1819 1069 C.
1838 1035 1933 1070 Fim-

1265 1081 1339 1117 bria
1359 1083 1472 1130 legato
1489 1083 1550 1117 suo
1566 1083 1752 1118 consularis
1778 1082 1937 1118 interfec-

1262 1141 1318 1166 tus
1341 1131 1399 1166 est.
1451 1131 1584 1166 Velleius
1611 1131 1666 1166 lib.
1700 1133 1743 1167 ll.
1772 1142 1841 1178 cap.
1874 1143 1933 1177 ²4·

1261 1181 1376 1215 Livius
1397 1181 1587 1215 LXXXll.
1641 1180 1755 1216 Strabo
1773 1181 1874 1216 Xlll.

1312 1229 1397 1264 Hoc
1437 1241 1527 1264 anno
1556 1229 1707 1265 censores
1738 1230 1772 1265 in
1803 1230 1933 1266 tabulis

1261 1277 1470 1325 Capitolinis
1501 1278 1723 1314 inveniuntur
1753 1279 1799 1314 L.
1835 1279 1930 1314 Mar-

1261 1326 1335 1361 cius
1354 1326 1551 1374 Philippus,
1568 1328 1624 1362 M.
1640 1329 1824 1376 Perperna,
1842 1340 1933 1375 quo-

1261 1387 1338 1410 rum
1362 1376 1495 1410 Verrina
1525 1376 1587 1411 111.
1612 1386 1680 1422 cap.
1706 1389 1764 1423 55.
1796 1377 1829 1411 in
1856 1378 1933 1424 lege

1262 1423 1380 1460 Verris
1405 1425 1536 1460 mentio
1562 1425 1601 1459 fit
1629 1425 1697 1460 ita:
1725 1426 1794 1470 ,Qui
1820 1424 1858 1460 de
1887 1426 1932 1462 L.

1262 1474 1406 1516 Marcio,
1432 1475 1488 1508 M.
1507 1474 1675 1517 Perperna
1692 1474 1863 1520 censoribus
1880 1486 1934 1509 re-

1260 1520 1403 1565 demerit,
1429 1534 1495 1557 cum
1513 1523 1632 1569 socium
1660 1534 1697 1558 ne
1714 1525 1741 1557 ei
1757 1523 1932 1560 admittite.

1262 1571 1318 1606 De
1336 1571 1474 1606 Marcio
1504 1571 1584 1606 item
1611 1571 1734 1608 Cicero
1754 1581 1815 1618 pro
1832 1573 1934 1608 Domo

1261 1629 1330 1665 cap.
1369 1631 1428 1665 32.
1459 1620 1525 1656 ait:
1563 1621 1606 1655 L.
1638 1621 1806 1668 Philippus
1833 1622 1935 1668 censor

1260 1668 1452 1703 avunculum
1460 1669 1554 1715 suum
1568 1672 1728 1715 prateriit
1746 1673 1780 1704 in
1795 1673 1932 1706 recitan-

1260 1716 1300 1752 do
1307 1717 1444 1763 senatu:
1472 1718 1555 1752 nihil
1581 1721 1660 1753 enin·
1677 1726 1803 1765 poterat
1823 1719 1933 1762 dicere,

1262 1778 1359 1814 quare
1375 1775 1450 1801 rata
1467 1779 1526 1802 non
1543 1765 1645 1813 effem,
1668 1780 1734 1815 qua
1751 1777 1843 1802 erant
1859 1772 1935 1803 αἱῑσ

1260 1819 1296 1851 in
1313 1827 1349 1850 ea
1366 1816 1447 1862 Rep.
1469 1817 1503 1851 in
1520 1828 1581 1864 qua
1601 1817 1637 1862 se
1652 1816 1714 1852 illis
1730 1817 1802 1862 ipsis
1818 1825 1932 1864 tempo-

1261 1864 1352 1899 ribus
1394 1865 1544 1910 censorem
1583 1866 1635 1913 effe
1675 1865 1824 1913 volmffit.
1878 1866 1932 1901 Hi

1261 1913 1339 1949 sunt
1365 1913 1554 1962 superiora
1579 1914 1628 1949 illi
1658 1914 1824 1957 censores,
1853 1916 1931 1961 qui-

1261 1962 1328 1998 bus
1362 1962 1531 1998 Archiam
1569 1974 1651 1999 cum
1693 1963 1739 1999 L.
1776 1963 1933 1999 Lucullo

1259 2010 1432 2058 quaestore
1465 2010 1565 2047 fuine
1595 2013 1629 2048 in
1658 2012 1741 2048 Asia
1771 2012 1845 2047 Cic.
1872 2023 1933 2059 pro

1259 2060 1397 2103 Archia,
1440 2070 1509 2107 cap.
1554 2072 1586 2106 5.
1635 2061 1692 2097 nit.
1755 2061 1934 2098 Lucullus

1259 2109 1351 2144 enim
1371 2109 1437 2145 hoc
1454 2119 1611 2157 tempore
1625 2109 1779 2157 quaestor
1797 2111 1830 2145 in
1849 2111 1933 2146 Asia

1259 2158 1452 2204 permultos
1482 2169 1589 2193 annos
1619 2159 1812 2194 admirabili
1845 2171 1931 2207 qua-

1258 2206 1339 2241 dam
1357 2206 1459 2242 laude
1486 2207 1677 2255 provinciae
1708 2207 1862 2256 praefuit,
1891 2219 1932 2244 ut

1259 2254 1335 2290 Cic.
1367 2255 1403 2291 in
1431 2255 1557 2291 Luculli
1593 2256 1765 2311 principio
1802 2256 1928 2293 scribit.

1259 2302 1456 2341 Lucullum
1486 2317 1569 2340 vem
1599 2318 1632 2340 in
1663 2305 1805 2343 Graecia
1831 2304 1932 2342 fuifl‘e

1259 2362 1339 2389 ante
1371 2365 1478 2401 quam
1514 2354 1608 2401 Syna
1648 2366 1690 2390 eo
1725 2354 1855 2390 veniret
1887 2366 1932 2391 ex

1262 2401 1434 2438 Plutarchi
1457 2402 1540 2449 Sylla
1564 2403 1794 2451 cognoscitur.
1837 2405 1860 2439 S
1886 2404 1931 2440 lla

1260 2452 1595 2545 cmueib?manlmii¹‚
1606 2453 1873 2539 adsemedstzndmmtg,
1876 2464 1931 2537 ui:
