2335 3009
582 257 660 309 2-46

581 358 692 397 Anno
713 355 821 397 Urbis
839 356 863 394 6
869 368 934 410 59.
979 355 1159 395 Ciceronis
1183 368 1246 408 13.

725 426 916 465 Consules
945 425 1109 465 fuerunt

893 256 959 296 M.
1017 257 1075 295 T.
1133 255 1662 296 CICERONIS

1297 358 1341 393 te,
1366 351 1498 399 collegio,
1517 351 1641 396 summa
1670 352 1765 386 etiam
1781 349 1964 398 eloquentia,

1297 401 1340 435 L.
1360 401 1540 446 Philippum
1565 403 1598 435 in
1627 400 1798 447 consulatus
1815 401 1965 446 petitione

1287 451 1472 494 superavit.
1524 449 1575 484 Et
1603 461 1668 496 pro
1697 449 1861 490 Murena,
1887 460 1962 495 cap.

583 488 634 528 C·
653 489 841 527 Cffimus
860 488 1068 533 Cunus,
1087 488 1136 526 L·
1154 488 1247 526 Do·
1302 509 1356 543 17.
1407 499 1490 546 Qis
1506 499 1547 533 L.
1568 498 1763 544 Philippum,
1781 498 1902 541 summo
1916 501 1964 532 in.

640 561 813 588 M1‘r1us
835 549 1201 588 ARENOBARBUS.

633 646 784 682 Caelium
813 646 907 682 hunc
937 645 1024 680 inter
1048 657 1158 680 novos
1187 643 1249 679 ho-

583 695 692 733 mines
706 706 863 731 numerat
887 694 1010 729 Cicero
1029 703 1093 740 pro
1111 695 1251 728 Merena

583 753 651 791 cap.
667 747 698 779 8.
750 745 911 779 Eundem
929 755 998 778 non
1017 742 1249 777 mediocribus

584 793 772 828 inimicitiis
788 804 825 827 ac
840 792 1016 827 laboribus
1029 790 1248 833 contendisse,

584 852 624 877 ut
641 842 683 876 ad
702 841 852 876 summos
871 841 1015 875 honores
1045 839 1249 887 perveniret,

584 891 631 926 ait
646 892 681 924 in
697 891 788 926 Verr.
803 890 882 924 Vll.
909 898 977 935 cap.
999 900 1056 934 70.
1111 889 1164 924 De
1191 900 1249 923 eo-

583 939 664 974 dem
680 939 816 974 Craffus
834 938 894 974 lib.
927 938 954 972 Ι.
986 938 1029 974 de
1056 937 1154 972 Orat.
1173 949 1248 984 cap.

587 999 606 1023 2
613 999 646 1034 5.
696 988 777 1033 ..Quis
809 999 867 1022 non
899 986 1022 1029 videat,
1062 987 1099 1022 C.
1142 986 1250 1029 Caelio,

583 1036 698 1084 aquali
721 1049 794 1078 meo,
820 1048 930 1083 magno
951 1035 1063 1069 honori
1078 1034 1171 1082 fug'ffie
1195 1034 1250 1068 ho-

583 1087 662 1120 mini
693 1097 784 1127 novo,
818 1085 906 1119 illam
943 1085 1051 1130 ipsam,
1082 1095 1250 1130 quamcun-

583 1146 642 1182 que
678 1134 790 1169 habuit
823 1136 856 1168 in
893 1131 1018 1168 dicendo
1055 1132 1250 1166 mediocrita-

583 1191 645 1218 tem
659 1184 678 1218 ,θ
704 1183 787 1217 Hac
815 1182 858 1217 de
874 1181 973 1216 causa
999 1180 1156 1216 meminit
1177 1179 1251 1227 ejus

583 1233 618 1266 in
647 1231 760 1274 Bruto,
785 1240 852 1278 cap.
882 1242 941 1275 45.
993 1229 1156 1264 Eundem
1182 1229 1253 1264 cla·

584 1281 751 1316 riffimum
770 1291 807 1314 ac
825 1279 1044 1314 fortiffimum
1062 1277 1251 1313 adolescen-

585 1339 656 1364 tem
727 1328 906 1364 uaestorem
933 1339 1002 1363 non
1030 1327 1095 1362 esse
1119 1326 1252 1362 faCtum

585 1378 634 1413 ait
642 1387 705 1424 pro
733 1377 866 1413 Plancio
892 1387 959 1423 cap.
989 1388 1046 1412 21.
1070 1375 1134 1410 ubi
1151 1376 1252 1419 male,

584 1427 631 1474 Q
660 1426 774 1462 Caelius
809 1426 944 1473 legitur.
995 1425 1041 1459 L.
1073 1423 1253 1459 Domitius

585 1485 716 1524 praetor
733 1475 885 1510 Siciliam
914 1473 1123 1515 obtinuerat,
1149 1483 1254 1521 atque

586 1523 769 1559 severitatis
785 1524 985 1571 exemplum
1012 1523 1046 1557 in
1069 1522 1250 1570 pastorem,

586 1573 649 1620 qui
680 1584 802 1620 aprum
835 1572 1007 1607 venabulo
1036 1571 1252 1619 percusserat,

586 1621 762 1663 ediderat3
789 1622 885 1669 quod
902 1632 945 1655 ex
962 1619 1137 1655 Ciceronis
1161 1621 1251 1655 Verr.

587 1671 668 1706 Vll.
700 1681 768 1717 cap.
796 1682 828 1716 3.
873 1669 1030 1705 Valerius
1058 1669 1092 1704 in
1122 1678 1190 1715 cap.
1220 1680 1253 1715 3.

587 1719 643 1755 lib.
662 1720 724 1754 vl.
744 1718 927 1754 transtulit.

588 1869 698 1909 Anno
718 1868 825 1909 Urbis
847 1869 941 1908 660.
987 1865 1168 1907 Ciceronis
1192 1879 1254 1917 14.

733 1938 925 1978 Consules
955 1937 1118 1977 fuerunt

631 2001 681 2040 C.
704 2001 947 2039 VAU-:mus
980 1999 1213 2044 FLAccus,

729 2061 793 2100 M.
820 2061 1117 2099 stznmus.

639 2159 696 2195 M.
732 2158 932 2194 Herennius
966 2157 994 2193 is
1024 2155 1087 2199 est,

591 2208 788 2245 consulatus
806 2207 969 2256 petitione
987 2206 1032 2241 L.
1053 2205 1258 2254 Philippum

592 2258 774 2306 superavit.
813 2257 869 2292 De
886 2267 959 2303 quo
974 2255 1100 2291 Cicero
1118 2255 1153 2289 in
1171 2255 1258 2290 Bru-

591 2317 641 2350 to,
667 2318 744 2354 cap.
774 2317 833 2350 45.
886 2304 1000 2341 Eodem
1032 2311 1164 2350 tempore
1203 2305 1258 2339 M.

592 2357 766 2391 Herennius
782 2358 816 2390 in
841 2353 1038 2389 mediocribus
1067 2353 1258 2394 oratoribus,

591 2405 709 2440 Latine
726 2413 757 2440 et
785 2403 950 2451 diligenter
970 2401 1172 2450 loquentibus,
1199 2413 1257 2436 nu·

592 2462 724 2489 innatus
742 2453 781 2496 est
798 2467 808 2488 :
834 2454 887 2501 qui
909 2460 1013 2487 tamen
1032 2453 1154 2497 summa
1171 2451 1258 2486 nobi-

593 2503 682 2539 litate
711 2503 873 2544 hominem,
899 2503 1088 2550 cognatione,
1104 2498 1259 2548 sodalita-

1125 2157 1187 2204 qui
1224 2156 1257 2191 in

1293 548 1398 593 genio,
1430 556 1536 592 opera,
1567 550 1694 593 gratia,
1733 546 1905 589 nobilitate,
1943 558 1965 580 a

1297 597 1351 630 M.
1371 595 1528 630 Herennio
1536 598 1683 641 superari
1696 594 1772 641 poffe
1789 595 1965 630 arbitratus

1298 645 1337 686 est
1351 644 1369 677 ,Ρ
1395 644 1533 679 Totum
1549 655 1678 678 annum
1695 643 1790 678 domi
1816 642 1967 690 forisque

1299 692 1527 776 {Dr-anquillum
1546 691 1643 727 fuiss‘e
1660 691 1864 740 Obsequens
1889 691 1964 728 scri·

1326 750 1362 776 it.

1299 892 1410 930 Anno
1430 890 1539 931 Urbis
1558 890 1632 929 661
1644 920 1652 929 .
1699 889 1878 930 Ciceronis
1903 903 1916 930 1
1928 904 1964 944 5.

1444 961 1635 999 Consules
1664 959 1827 999 fuerunt

1329 1022 1379 1061 C.
1420 1023 1665 1060 CLAumus
1701 1021 1939 1066 Pnicnsn,

1449 1083 1513 1120 M.
1546 1082 1816 1121 PERPERNA.

1351 1179 1425 1215 Hic
1444 1179 1484 1214 C.
1506 1179 1674 1214 Claudius
1692 1179 1764 1225 Ap.
1784 1179 1824 1213 F.
1843 1178 1971 1214 dicitur

1302 1240 1322 1262 a
1354 1228 1520 1264 Cicerone
1547 1229 1683 1263 Vct-rina
1713 1228 1774 1263 lV.
1809 1237 1876 1274 cap.
1910 1241 1968 1275 49.

1302 1276 1376 1312 Alii
1403 1289 1470 1312 non
1489 1277 1578 1312 male
1595 1278 1637 1312 C.
1656 1277 1697 1312 F.
1719 1277 1892 1324 appellare
1917 1277 1969 1311 vi-

1302 1327 1446 1362 dentur:
1474 1335 1513 1360 ut
1538 1325 1579 1360 fit
1602 1327 1641 1361 Ρ.
1672 1325 1789 1360 Clodii
1813 1335 1970 1372 patruus,

1303 1387 1408 1423 quem
1443 1374 1616 1410 consulem
1650 1373 1749 1408 fuifl‘e
1781 1375 1904 1409 Cicero
1935 1376 1971 1409 in

1302 1424 1444 1460 Caeliana
1466 1432 1534 1469 cap.
1559 1434 1614 1467 14.
1632 1422 1788 1458 ostendit.
1831 1423 1969 1458 Claudii

1302 1473 1436 1520 collega
1456 1472 1489 1507 in
1512 1472 1541 1507 F
1545 1471 1728 1519 ragmentis
1754 1471 1971 1519 Capitolino-

1302 1533 1380 1556 rum
1399 1521 1580 1557 Fastorum
1604 1521 1660 1556 M.
1681 1521 1850 1568 Perperna
1869 1532 1971 1555 voca-

1303 1580 1370 1606 tur.
1413 1572 1564 1617 Περπέςηις
1606 1570 1695 1604 idem
1726 1569 1925 1604 nominatur
1953 1580 1973 1603 a

1304 1619 1420 1655 Dione
1458 1619 1512 1654 lib.
1552 1619 1654 1654 XLI.
1693 1617 1754 1653 ubi
1784 1619 1827 1653 de
1866 1617 1973 1666 ipsius

1306 1678 1416 1703 morte
1433 1667 1558 1703 scribit.

1354 1718 1436 1752 Hoc
1458 1729 1547 1752 anno
1563 1715 1692 1751 Censor
1708 1727 1790 1750 cum
1808 1715 1875 1751 Cn.
1893 1715 1970 1751 Do-

1303 1766 1403 1801 mitio
1421 1764 1489 1801 fuit
1514 1766 1558 1801 L.
1578 1766 1728 1806 Crassus,
1755 1763 1856 1812 cujus
1882 1765 1972 1799 Cen-

1306 1815 1393 1850 surae
1409 1814 1532 1850 Cicero
1548 1816 1582 1849 in
1599 1814 1689 1848 libris
1705 1813 1742 1849 de
1759 1815 1899 1848 Oratore
1914 1813 1974 1847 ali-

1305 1864 1442 1912 quoties
1486 1863 1693 1898 mentionem
1731 1861 1824 1897 facit.
1889 1862 1974 1897 Hoc

1305 1913 1407 1948 etiam
1433 1923 1588 1960 tempore
1617 1912 1795 1947 clarissima
1823 1911 1880 1947 illa
1906 1911 1972 1946 Μ’.

1307 1962 1405 1997 Curii
1434 1971 1469 1997 et
1497 1963 1550 1997 M.
1577 1961 1726 2008 Coponii
1753 1960 1850 1995 causa
1880 1960 1974 2007 apud

1306 2011 1552 2047 Centumviros
1579 2022 1598 2045 a
1624 2009 1764 2045 duobus
1791 2008 1974 2044 consulari·

1307 2060 1374 2095 bus
1392 2071 1496 2107 atque
1513 2059 1708 2107 aequalibus
1734 2058 1777 2093 L.
1798 2058 1917 2093 Crasso
1940 2067 1976 2092 et

1309 2111 1359 2154 Q.
1378 2109 1537 2144 Scaevola
1552 2106 1687 2142 defensa
1702 2107 1761 2147 est,
1777 2106 1882 2154 paulo
1899 2116 1976 2141 ante

1308 2169 1415 2205 quam
1442 2157 1566 2192 Cicero
1590 2156 1596 2161 '
1651 2154 1766 2191 forum
1790 2156 1896 2198 venit,
1935 2165 1992 2197 ut,

1308 2206 1447 2241 testatur
1478 2205 1546 2253 ipse
1569 2168 1629 2250 ,fg
1658 2205 1794 2247 Catina,
1821 2213 1890 2250 cap.
1920 2207 1974 2240 18.

1307 2255 1472 2291 Meminit
1489 2252 1637 2302 ejusdem
1655 2252 1708 2289 Iib-
1730 2253 1757 2290 1.
1778 2263 1847 2300 cap.
1870 2265 1927 2301 39.
1945 2261 1975 2288 et

1310 2303 1368 2349 56.
1387 2304 1430 2339 11.
1452 2314 1509 2351 32.
1527 2302 1563 2338 de
1579 2303 1730 2346 Oratore,
1756 2311 1786 2338 et
1811 2304 1842 2338 in
1862 2304 1974 2341 Bruto.

1306 2361 1376 2398 cap.
1398 2364 1453 2401 39.
1472 2360 1502 2387 et
1519 2364 1576 2398 5²·
1598 2351 1688 2387 unde
1711 2351 1845 2387 causam
1873 2351 1975 2387 talem

1307 2401 1408 2437 fuisse
1435 2401 1684 2449 cognoscimus.
1736 2399 1918 2449 Coponius
1942 2399 1975 2434 in

1309 2451 1509 2487 testamento
1565 2450 1766 2497 postumum
1819 2449 1976 2485 heredem

1310 2499 1505 2550 scripserat:
1532 2499 1647 2548 eique,
1673 2500 1696 2536 fi
1714 2509 1791 2536 ante
1807 2509 1914 2547 quum
1942 2498 1976 2533 in
