2335 3009
561 245 634 285 186

551 343 660 390 simul
676 343 739 379 erit
757 343 791 380 in
809 343 988 392 praesentia
1012 344 1158 386 diEturm
1184 344 1227 379 de

556 392 768 428 firmitudine
786 405 868 440 quae
887 393 957 428 visa
974 393 1063 434 sunt.
1089 393 1133 429 de
1154 392 1226 428 sua-

556 441 675 484 vitate,
719 454 801 489 quae
843 440 1029 489 conjunCta
1062 441 1224 478 fuerunt:

557 500 682 526 caetera
707 490 768 527 suo
795 491 872 528 loco
901 491 1008 539 paulo
1037 491 1114 539 post
1138 491 1229 527 dice—

557 551 648 575 mus.

606 589 709 625 XlII.
752 587 947 625 Mollitudo
980 588 1086 636 igitur
1119 588 1227 631 vocis,

558 638 725 686 quoniam
754 638 866 674 omnis
894 638 936 673 ad
965 637 1107 673 rhetoris
1138 649 1226 685 prae-

558 687 753 735 ceptionem
772 687 930 734 pertinet,
948 687 1147 733 diligentius
1165 698 1226 721 no-

560 736 613 772 bis
631 736 872 772 consideranda
886 735 945 771 est.
997 735 1086 770 Earn
1103 735 1230 771 dividi-

560 797 640 822 mus
667 786 702 821 in
732 785 932 826 sermonem,
961 783 1228 838 contentionem,

559 834 876 882 amplificationem.
919 834 1039 868 Sermo
1054 833 1102 868 est
1118 833 1229 868 oratio

560 883 693 920 remiffa
739 892 773 918 et
825 882 972 918 finitima
1014 881 1228 936 quotidianae

559 931 740 970 locutioni.
794 931 982 967 Contentio
1027 931 1075 966 est
1118 931 1230 967 oratio

559 981 662 1025 acris,
686 991 722 1017 et
739 980 781 1016 ad
799 980 1076 1016 confirmandum
1094 990 1128 1015 et
1148 992 1229 1016 con-

557 1029 747 1067 futandum
764 1030 1033 1066 accommodata.
1062 1029 1230 1076 Amplifi-

560 1079 652 1116 catio
667 1080 714 1115 est
740 1079 863 1120 oratio,
890 1091 972 1126 quae
1002 1088 1062 1114 aut
1092 1077 1135 1113 ad
1166 1078 1228 1112 ira-

559 1127 723 1164 cundiam
742 1127 888 1170 inducit,
906 1137 966 1162 aut
982 1127 1026 1162 ad
1043 1125 1228 1162 misericor-

558 1177 652 1212 diam
706 1176 810 1211 trahit
856 1176 1021 1211 auditoris
1063 1175 1230 1210 animum.

560 1227 682 1261 Sermo
697 1225 892 1260 dividitur
885 1237 918 1261 in
937 1234 1049 1272 partes
1067 1234 1230 1272 quatuor,

558 1275 777 1323 dignitatern,
802 1274 1139 1315 demonstrationem,
1155 1285 1231 1308 nar-

560 1324 743 1378 rationem,
784 1321 1008 1370 jocationem.
1068 1321 1230 1370 Dignitas

559 1372 608 1409 est
625 1372 736 1409 oratio
751 1384 834 1408 cum
862 1371 980 1419 aliqua
1005 1371 1174 1418 gravitate
1197 1381 1232 1406 et

561 1422 660 1458 vocis
710 1421 910 1457 remiffione.
975 1419 1233 1456 Demonstrati«)

560 1470 621 1512 est,
648 1482 730 1518 quae
748 1470 850 1506 docet
872 1469 1004 1505 remiffa
1020 1481 1118 1511 voce,
1143 1481 1230 1516 quo-

560 1519 668 1555 modo
685 1519 771 1567 quid
795 1519 868 1555 fieri
885 1518 1050 1566 potuerit,
1076 1528 1136 1553 aut
1160 1530 1228 1553 non

561 1568 725 1616 potuerit.
776 1568 938 1604 Narratio
955 1567 1002 1603 est
1030 1579 1141 1603 rerum
1159 1566 1230 1614 gef-

560 1628 689 1661 tarum,
713 1627 773 1654 aut
803 1617 943 1665 perinde
975 1627 1013 1653 ut
1047 1617 1231 1671 gestarum,

560 1666 742 1715 expofitio.
782 1666 920 1712 Jocatio
936 1665 984 1701 est
1001 1665 1123 1708 oratio,
1149 1677 1231 1712 quae

560 1728 604 1752 ex
632 1716 750 1763 aliqua
778 1727 813 1751 re
842 1715 947 1751 risum
976 1715 1162 1763 pudentem
1197 1725 1231 1750 et

562 1764 736 1801 liberalem
756 1764 866 1812 potest
883 1775 1094 1812 comparare.
1136 1765 1230 1800 Con-

562 1814 672 1852 tentio
687 1813 856 1849 dividitur
878 1813 912 1849 in
937 1812 1231 1849 continuationem

561 1874 598 1899 et
619 1863 907 1900 distributionem.
942 1862 1168 1898 Continuatio
1184 1861 1231 1897 est

560 1912 726 1948 orationis
765 1911 987 1948 enuntiandae
1034 1910 1233 1946 acceleratio

562 1961 720 1997 clamosa.
772 1960 983 1996 Distributio
1007 1960 1055 1996 est
1085 1959 1118 1994 in
1150 1972 1231 1996 con-

564 2012 714 2046 tentione
731 2010 840 2046 oratio
857 2008 1032 2056 frequens,
1053 2021 1135 2045 cum
1152 2009 1233 2044 raris

561 2068 598 2095 et
615 2059 779 2095 brevibus
797 2058 997 2101 intervallis,
1017 2057 1085 2093 acri
1105 2057 1232 2093 vocife-

563 2109 703 2145 ratione.
753 2107 995 2155 Arnplificatio
1012 2106 1206 2142 dividitur
1199 2119 1231 2142 in

562 2157 835 2194 cohortationem
870 2167 904 2192 et
939 2155 1230 2204 conquestionem.

562 2206 768 2244 cohortatio
796 2206 858 2250 est,
882 2218 964 2254 quae
985 2203 1127 2252 aliquod
1154 2217 1231 2252 pec-

561 2266 679 2292 catum
706 2255 932 2303 amprfficana,
967 2255 1158 2290 auditorem
1189 2254 1231 2289 ad

562 2305 776 2341 iracundiam
814 2304 969 2342 adducit.
1019 2302 1232 2350 Conquestio

559 2354 607 2390 est
646 2354 769 2396 oratio.
812 2366 895 2402 quae
929 2353 1230 2389 incommodorum

560 2404 829 2450 amplificatione
867 2403 1022 2439 animum
1063 2401 1230 2437 auditoris

560 2453 604 2488 ad
623 2452 885 2489 misericordiam
906 2452 1075 2506 perducit.
1126 2451 1227 2497 Quo·

560 2502 651 2538 niani
672 2502 776 2550 igitur
794 2502 980 2540 mullitudo
999 2512 1095 2539 vocis
1113 2500 1147 2537 in
1163 2510 1229 2537 tres

858 248 1642 288 RHETORICORUM

1278 354 1390 399 partes
1407 344 1514 380 divisa
1529 344 1590 385 est,
1612 354 1646 380 et
1663 345 1718 380 hae
1736 355 1848 393 partes
1865 346 1947 394 ipsae

1279 406 1312 429 m
1331 393 1411 429 octo
1429 404 1541 441 partes
1558 392 1640 429 alias
1655 393 1862 438 distributae,
1890 396 1947 431 ha.-

1280 455 1357 477 rum
1383 444 1463 479 οξὶο
1494 443 1650 497 partium
1672 455 1754 491 quae
1782 443 1949 492 cujusque

1281 491 1402 526 idonea
1439 491 1676 539 pronuntiatio
1709 493 1762 536 fit,
1805 493 1949 529 demon-

1279 540 1454 575 strandum
1475 540 1621 576 videtur.

1326 589 1425 625 XIV.
1452 590 1572 624 Sermo
1594 600 1676 624 cum
1703 588 1784 624 est
1776 601 1810 624 in
1835 590 1948 638 digni-

1278 647 1358 679 tate,
1385 637 1495 685 plenis
1512 636 1674 672 faucibus
1691 649 1798 685 quarn
1817 637 1949 674 sedatis-

1277 686 1361 721 fima
1377 696 1411 721 et
1428 687 1667 733 depreffiffima
1683 698 1767 722 voce
1790 687 1842 722 uti
1867 699 1949 723 con-

1278 735 1392 770 veniet
1407 749 1414 770 :
1444 735 1491 770 ita
1507 745 1633 777 tamen,
1660 744 1700 771 ut
1718 747 1759 771 ne
1775 735 1820 771 ab
1836 745 1950 772 orato-

1279 783 1328 819 ria
1344 783 1589 820 consuetudine
1605 783 1649 819 ad
1667 783 1830 832 tragicam
1845 785 1950 820 trans-

1278 844 1408 868 eamus.
1464 833 1559 868 Cum
1594 843 1710 869 autern
1743 833 1790 868 est
1825 833 1859 869 in
1893 834 1952 869 de-

1280 881 1536 925 monstratione,
1564 894 1649 918 voce
1683 882 1866 929 paululum
1901 893 1952 918 at-

1279 941 1430 974 tenuata,
1457 931 1584 967 crebris
1603 931 1789 966 intervallis
1813 931 1951 967 etdivi-

1281 979 1449 1023 fionibus,
1483 980 1535 1015 uti
1568 979 1767 1027 oportebit:
1809 990 1848 1015 ut
1881 980 1952 1028 ipsa

1281 1028 1562 1075 pronuntiatione
1590 1040 1646 1063 eas
1676 1040 1740 1070 res,
1776 1040 1863 1076 quas
1892 1029 1950 1065 de-

1280 1077 1560 1119 monstrabimus,
1599 1076 1739 1112 inserere
1767 1087 1873 1125 atque
1900 1078 1951 1114 in-

1280 1126 1416 1161 culcare
1432 1125 1611 1162 videamur
1636 1125 1672 1162 in
1702 1125 1824 1162 animis
1853 1127 1952 1163 audi-

1281 1185 1408 1210 torum.
1459 1175 1553 1212 Cum
1569 1184 1686 1211 autem
1701 1175 1810 1211 sermo
1826 1175 1860 1211 in
1879 1188 1955 1212 nar.

1282 1224 1412 1260 ratione
1439 1223 1501 1267 est,
1526 1233 1602 1260 tum
1634 1236 1762 1260 vocum
1792 1224 1955 1261 varietate

1281 1285 1372 1321 opus
1397 1272 1458 1316 est,
1485 1283 1538 1315 ut,
1563 1285 1638 1321 quo
1663 1273 1821 1328 quidque
1850 1274 1955 1322 pac'to

1280 1322 1415 1370 gestum
1448 1322 1501 1364 fit,
1539 1322 1586 1357 im
1616 1321 1743 1358 narrari
1781 1322 1950 1359 videatur.

1281 1372 1425 1407 Strenue
1457 1371 1557 1419 quod
1584 1371 1751 1407 volumus
1778 1371 1954 1408 ostendere

1280 1418 1425 1461 factum,
1461 1419 1679 1456 celeriuscule
1707 1420 1887 1456 dicemus:
1917 1432 1953 1457 at

1282 1469 1377 1506 aliud
1394 1468 1512 1523 otiose,
1529 1468 1790 1507 retardabtmus.
1816 1469 1953 1506 Deinde

1280 1519 1386 1553 modo
1440 1518 1572 1560 acriter,
1628 1528 1704 1553 tum
1755 1519 1954 1562 clementer,

1278 1567 1411 1610 maeste,
1437 1567 1600 1609 hilariter,
1627 1567 1662 1602 in
1690 1579 1809 1603 omnes
1840 1577 1953 1616 partes

1281 1616 1590 1672 commutabimus,
1609 1626 1647 1652 ut
1664 1616 1782 1659 verba,
1810 1616 1856 1652 ita
1873 1627 1953 1664 pro-

1283 1665 1544 1701 nuntiationem.
1595 1666 1630 1701 Si
1668 1678 1740 1713 qua
1773 1665 1955 1701 inciderint

1282 1714 1316 1750 in
1362 1713 1554 1750 narratione
1586 1714 1690 1757 dista,
1735 1725 1866 1761 rogata,
1904 1727 1955 1749 re-

1281 1763 1412 1811 sponsa,
1446 1763 1470 1799 fi
1504 1775 1587 1811 quae
1621 1763 1873 1806 admirationes,
1910 1763 1954 1798 de

1281 1813 1411 1860 quibus
1431 1824 1492 1848 nos
1518 1812 1746 1855 narrabimus,
1772 1812 1954 1860 diligenter

1283 1861 1607 1902 animadvertemus,
1633 1872 1673 1898 ut
1691 1861 1849 1897 omnium
1876 1874 1951 1909 per-

1283 1910 1441 1946 sonarum
1460 1910 1570 1946 sensus
1586 1921 1691 1958 atque
1717 1911 1850 1945 animos
1868 1923 1953 1946 voce

1281 1961 1527 2014 exprimamus.
1578 1959 1638 1995 Sin
1670 1959 1734 1995 erit
1776 1959 1884 1995 sermo
1918 1959 1952 1995 in

1276 2008 1464 2056 jocatione,
1479 2009 1598 2044 leniter
1614 2009 1841 2044 tremebunda
1855 2020 1952 2051 voce,

1283 2070 1365 2094 cum
1383 2070 1491 2113 parva
1507 2057 1754 2105 significatione
1772 2057 1867 2099 risus,
1886 2058 1953 2093 fine

1283 2108 1357 2142 ulla
1373 2107 1561 2155 ίυίρίεἰοηε
1578 2106 1696 2142 mimae
1722 2107 1954 2142 cachinnatio-

1284 2156 1349 2199 nis,
1392 2156 1510 2192 leniter
1541 2156 1717 2203 oportebit
1751 2168 1770 2190 a
1804 2161 1954 2191 iermone

1283 2205 1367 2240 serio
1384 2215 1545 2253 torquere
1561 2205 1603 2240 ad
1634 2205 1656 2240 li
1662 2205 1807 2240 ber-ilem
1827 2203 1951 2251 jocum

1283 2265 1416 2290 vocem.
1469 2255 1564 2290 Cum
1596 2265 1710 2290 autem
1748 2254 1953 2290 contendere

1281 2303 1470 2351 oportebit,
1511 2303 1678 2351 quoniam
1722 2303 1756 2338 id
1789 2313 1849 2338 aut
1892 2315 1951 2351 per

1281 2352 1589 2394 continuationem,
1615 2364 1676 2388 aut
1701 2364 1762 2400 per
1788 2351 1950 2387 distribu-

1281 2401 1423 2456 tionem,
1453 2401 1652 2437 faciendum
1680 2402 1741 2444 est,
1777 2401 1812 2436 in
1839 2412 1949 2436 cont*

1280 2451 1455 2492 nuatione,
1471 2451 1618 2486 adaucto
1636 2450 1851 2487 mediocriter
1870 2455 1950 2484 tono

1279 2500 1390 2543 vocis,
1415 2501 1530 2538 verbis
1546 2499 1802 2542 continuandis,
1827 2510 1949 2535 vocem
