2241 2994
751 234 1366 277 HISTORIA.

410 329 545 364 Eodem
575 337 729 374 tempore
757 327 919 369 Catilina,
947 339 1028 362 cum

362 377 406 412 de
423 377 599 424 provincia
617 374 738 410 Africa
762 375 942 410 decessisset
970 388 1029 423 pe-

362 426 489 460 titurus
535 423 763 465 consulatum,
804 424 1029 469 pecuniarum

362 472 628 521 repetundarum
657 483 732 507 reus
760 470 884 514 factus,
912 473 1029 519 prohi-

362 521 455 556 bitus
485 519 553 555 fuit
583 529 707 568 petere,
733 524 859 555 auHore
888 520 1030 565 Sallustio

358 576 391 604 et
407 570 545 615 Asconio.
598 569 697 603 Tum
721 579 840 604 contra
867 570 1029 616 rempub-

361 617 463 653 licam
481 616 748 664 conjuraverunt
767 617 881 665 pauci,
898 618 932 652 in
951 618 1030 665 qui-

360 665 426 701 bus
452 678 471 700 a
501 665 661 701 Sallustio
688 666 728 701 P.
748 667 956 709 Autronius,
983 668 1027 703 L.

359 715 520 757 Catilina,
545 725 581 749 et
601 716 666 749 Cn.
687 714 764 749 Piso
794 725 1028 751 numerantur.

358 764 442 806 Dio,
468 773 502 798 et
530 763 714 797 Suetonius
737 765 770 797 in
800 763 874 809 Caefi
901 773 970 808 cap.
990 777 1023 810 9.

359 811 427 846 illis
445 811 576 846 addunt
596 812 636 847 P.
656 811 799 857 Syllam,
827 823 887 846 nec
906 812 1026 847 dissen-

360 860 403 895 tit
431 859 558 895 Livius
593 860 647 894 lib.
678 859 737 895 CI.
776 871 848 907 quo
890 861 1029 896 nomine

359 909 453 955 Sylla
489 909 565 956 post
595 920 701 943 annos
740 919 891 956 quatuor
927 920 946 943 a
980 909 1025 945 L.

359 958 545 1004 Torquato
561 957 750 1001 accusatus,
777 957 821 991 ab
841 959 1027 992 Hortenfio

357 1016 392 1040 et
409 1006 575 1041 Cicerone
591 1005 746 1041 defensus
765 1005 843 1041 fuit.
891 1006 943 1041 Hi
961 1006 1024 1041 cir-

357 1055 441 1089 citer
492 1055 614 1089 Nonas
666 1055 833 1089 Decemb.
885 1055 1026 1089 consilio

357 1103 626 1145 communicato,
660 1103 826 1150 parabant
857 1103 889 1137 in
920 1104 1024 1150 Capi-

357 1152 443 1187 tolio
461 1152 604 1186 Kalend.
624 1153 701 1197 Jan.
723 1154 862 1186 Cottam
879 1162 912 1186 et
933 1152 1022 1187 Tor-

358 1211 505 1247 quatum
543 1201 622 1235 coff.
661 1200 857 1235 interficere.
909 1201 962 1236 Ea
992 1212 1025 1235 re

358 1249 509 1296 cognita,
537 1249 569 1283 in
600 1249 721 1283 Nonas
751 1249 916 1284 Februar.
942 1261 1024 1284 con-

357 1296 470 1332 filium
510 1297 614 1331 caedis
653 1296 906 1332 transtulerunt.
959 1298 1024 1332 Sed

357 1357 469 1392 neque
486 1355 561 1379 tum
592 1345 703 1380 caedes
728 1344 819 1379 faeta
839 1345 899 1387 est,
926 1346 1024 1393 quod

357 1394 506 1429 Catilina
523 1393 657 1440 signum
671 1391 915 1439 conjurationis
928 1394 1023 1441 prius

356 1454 462 1490 quarn
480 1443 588 1489 parati
603 1443 706 1478 efl‘ent
723 1442 875 1485 dederit3
900 1442 1023 1488 Sallust.

355 1499 386 1527 et
401 1492 557 1538 Asconius.

357 1643 467 1681 Anno
486 1640 595 1681 Urbis
614 1641 706 1681 688.
755 1640 934 1681 Ciceronis
953 1654 1022 1692 42.

500 1711 691 1750 Consules
722 1710 884 1751 fuerunt

417 1773 466 1811 L.
498 1774 737 1811 AURELIUS
771 1773 961 1817 COTTA‚

357 1835 407 1873 L.
445 1833 671 1872 MANLms
713 1835 1021 1882 TORQJATUS.

406 1931 549 1966 Horum
577 1929 757 1965 consulum
785 1930 940 1965 meminit
963 1930 1021 1964 Ci-

358 1992 435 2016 cero
452 1980 594 2026 Agraria
612 1979 658 2014 11.
685 1989 751 2026 cap.
777 1990 831 2024 ¹7·
858 1987 886 2013 et
906 1980 940 2012 in
962 1980 1022 2014 ca-

358 2029 407 2064 til.
425 2039 492 2075 cap.
515 2029 574 2063 111.
596 2030 627 2063 8.
657 2027 707 2062 his
733 2028 871 2062 verbis:
900 2029 1022 2062 Μεηιο-

358 2079 408 2112 ria
441 2079 558 2119 tenetis,
593 2077 686 2111 Cotta
713 2085 740 2111 et
768 2077 926 2124 Torquato
958 2075 1022 2123 coffi

360 2125 524 2172 complures
546 2128 579 2160 in
599 2125 752 2171 Capitolio
782 2132 883 2160 turres
900 2125 935 2159 de
952 2125 1024 2159 caelo

359 2174 410 2221 effi·
423 2173 585 2220 penuffas,
610 2186 675 2209 cum
693 2181 720 2208 et
740 2174 914 2216 fimulacra
941 2175 1023 2209 Deo·

359 2235 426 2257 rum
459 2222 676 2257 immortalium
717 2221 839 2268 depulsa
869 2224 958 2269 sunt,
995 2232 1024 2257 et

350 2271 470 2314 statuae
492 2279 631 2305 veterum
657 2271 811 2306 hominum
838 2271 969 2317 dejeHae,
995 2278 1024 2306 et

359 2321 458 2366 legum
494 2331 558 2354 aera
598 2319 763 2366 liquefafla
778 2334 788 2354 .·
839 2324 941 2355 taHus
983 2320 1022 2364 est

359 2371 453 2403 eliam
477 2367 540 2409 ille,
565 2370 614 2413 qui
639 2368 719 2403 hanc
739 2369 845 2403 urbem
875 2367 1021 2410 condidit,

362 2416 518 2458 Romulus,
543 2416 610 2450 &a
642 2415 772 2450 Eadem
791 2417 948 2464 prodigia
964 2417 1022 2451 Ci-

360 2477 437 2501 cero
480 2465 512 2500 in
562 2464 709 2500 secundo
751 2466 793 2500 de
844 2465 1022 2501 consulatu

1673 258 1753 299 279

1078 329 1247 364 Uraniam
1276 331 1416 367 Musam
1448 344 1638 370 narrantem
1665 335 1750 372 fecit

1078 378 1232 412 verfibus
1253 380 1517 426 elegantiffimiS,
1544 384 1606 430 qui
1631 393 1750 419 extant

1079 425 1134 460 lib.
1168 426 1195 461 1.
1237 427 1274 460 de
1311 430 1466 465 Divinat.
1502 442 1569 477 cap.
1614 445 1667 468 11.
1707 433 1749 467 de

1080 473 1195 508 iisdem
1238 475 1460 523 Obsequens,
1501 488 1536 513 et
1579 480 1651 515 Dio
1691 481 1746 515 lib.

1079 522 1276 558 XXXVII.

1130 571 1185 606 M.
1204 571 1349 607 Tullius
1375 583 1418 607 ex
1444 584 1596 620 praetura
1615 576 1648 610 in
1667 589 1748 624 pro-

1081 619 1230 654 vinciam
1274 620 1320 655 ire
1357 621 1484 663 noluit,
1525 633 1562 657 ut
1590 623 1659 670 ipse
1686 635 1749 671 pro

1079 670 1222 703 Murena
1258 669 1421 705 testatur:
1460 670 1515 705 sed
1547 683 1627 706 cum
1659 684 1748 708 anno

1078 716 1237 764 sequente
1254 717 1470 753 consulatum
1487 729 1601 766 petere
1617 721 1747 767 cogita-

1079 775 1141 806 ret,
1168 765 1233 800 hoc
1252 775 1406 813 tempore
1422 767 1612 814 prensabat.
1663 770 1748 817 Qia

1079 813 1121 848 de
1144 825 1177 848 re
1203 814 1248 848 ait
1279 817 1311 848 in
1333 825 1378 860 ep.
1414 826 1443 851 1.
1470 816 1525 851 lib.
1555 817 1581 851 1.
1605 816 1650 850 ad
1677 822 1746 853 Att.

1078 874 1184 909 quam
1203 862 1267 896 hoc
1298 875 1387 898 anno
1412 873 1488 899 ante
1505 864 1647 900 comitia
1664 877 1746 900 con-

1076 910 1197 945 sularia
1215 910 1338 945 Attico
1355 911 1495 959 scripsit.

1126 958 1196 993 His
1226 959 1425 995 consulibus
1451 960 1574 997 Cicero
1600 963 1642 997 C.
1660 963 1748 998 Cor-

1078 1008 1206 1042 nelium
1224 1008 1265 1042 de
1284 1007 1453 1055 majestate
1480 1010 1574 1056 apud
1592 1011 1646 1058 Q
1661 1011 1745 1046 Gal-

1076 1057 1162 1091 lium
1198 1066 1381 1103 praetorem
1412 1057 1600 1105 quatriduo
1628 1059 1746 1095 defen-

1075 1105 1138 1147 dit,
1166 1116 1252 1151 quas
1283 1105 1431 1141 actiones
1456 1107 1489 1141 in
1516 1107 1600 1142 duas
1618 1111 1743 1143 oratio-

1075 1165 1132 1188 nes
1157 1154 1296 1188 collatas
1325 1155 1444 1196 edidit,
1471 1155 1608 1190 au&01·e
1634 1156 1744 1193 Asco-

1075 1201 1145 1244 nio,
1173 1202 1265 1249 apud
1296 1214 1400 1249 quem
1432 1203 1588 1251 reliquiae
1619 1205 1745 1240 oratio-

1075 1262 1158 1284 num
1200 1260 1328 1285 extant.
1381 1252 1514 1286 Eodem
1557 1264 1658 1296 anno,
1704 1264 1745 1289 ut

1075 1299 1146 1333 Dio
1163 1298 1215 1334 lib.
1242 1300 1436 1335 XXXVII.
1460 1300 1587 1342 scribit,
1615 1302 1655 1336 C.
1677 1302 1743 1336 Pa-

1075 1347 1154 1394 pius
1184 1347 1344 1383 tribunus
1372 1348 1482 1396 plebis
1509 1350 1619 1396 legem
1649 1351 1743 1393 tulit,

1075 1407 1117 1430 ne
1143 1395 1222 1443 quis
1249 1397 1448 1443 peregrinus
1479 1397 1513 1432 in
1538 1398 1623 1433 urbe
1652 1399 1741 1435 effet.

1074 1443 1173 1479 Hinc
1189 1444 1263 1480 Cic.
1290 1444 1343 1481 lib.
1362 1445 1427 1481 111.
1454 1455 1522 1492 cap.
1546 1458 1599 1482 11.
1618 1447 1661 1483 de
1678 1446 1743 1482 Of-

1074 1492 1173 1528 ficiis.
1225 1495 1318 1529 Male
1356 1496 1452 1528 etiam
1486 1497 1538 1542 qui
1563 1498 1746 1542 peregrinos

1073 1542 1199 1576 urbibus
1217 1545 1265 1578 uti
1280 1543 1460 1589 prohibent,
1485 1544 1584 1591 eosque
1600 1547 1742 1579 extermi-

1073 1599 1163 1633 nant,
1190 1599 1224 1626 ut
1242 1594 1359 1627 Pennus
1376 1592 1461 1638 apud
1482 1593 1599 1628 Patres
1615 1594 1742 1637 nostros,

1074 1639 1196 1685 Papius
1213 1650 1318 1686 nuper.
1347 1641 1451 1675 Hanc
1470 1641 1579 1688 legem
1599 1642 1742 1689 Papiam

1074 1688 1229 1723 nominat
1257 1689 1346 1723 idem
1369 1699 1431 1735 pro
1447 1690 1582 1731 Archia,
1609 1700 1676 1736 cap.
1706 1702 1741 1736 5.

1074 1737 1214 1772 eandem
1234 1736 1394 1784 intelligit
1411 1739 1445 1771 in
1464 1741 1607 1784 Agraria
1627 1739 1649 1773 1.
1671 1749 1739 1785 cap.

1075 1798 1108 1828 4.
1136 1797 1216 1819 curn
1246 1785 1382 1833 inquit:
1411 1786 1569 1821 Simillime
1593 1795 1684 1834 atque
1709 1791 1742 1823 in

1074 1834 1130 1867 illa
1149 1834 1223 1881 lege,
1242 1845 1302 1880 qua
1314 1836 1478 1881 peregrini
1495 1836 1599 1870 Roma
1616 1837 1741 1881 ejiciun-

1074 1891 1142 1925 tur,
1193 1883 1382 1929 Glaucispus
1431 1885 1594 1929 excipitur.
1656 1885 1741 1920 Hoc

1071 1943 1213 1978 quoque
1231 1943 1320 1966 anno
1338 1931 1487 1966 Catilina
1505 1932 1679 1968 accusatus
1693 1935 1741 1969 est

1071 1979 1338 2026 repetundarum
1369 1992 1388 2014 a
1413 1981 1452 2014 P.
1472 1982 1598 2016 Clodio
1615 1982 1742 2018 adoles·

1073 2037 1180 2069 cente,
1207 2028 1329 2063 Cicero
1348 2039 1410 2075 pro
1427 2029 1533 2072 Caelio,
1559 2040 1625 2075 cap.
1645 2044 1680 2073 4.
1707 2041 1741 2066 et

1072 2076 1229 2122 Asconius.
1281 2078 1357 2112 Reo
1391 2078 1433 2112 de
1461 2079 1616 2125 pecuniis
1647 2090 1740 2126 repe-

1073 2125 1190 2160 tundis
1241 2126 1400 2161 Catilinae
1441 2128 1629 2162 advocatus
1671 2127 1741 2162 fuit

1073 2174 1279 2222 Torquatus
1306 2174 1436 2215 consul,
1458 2185 1518 2221 pro
1543 2175 1635 2220 Sylla,
1669 2185 1737 2221 cap.

1075 2234 1131 2270 29.
1185 2223 1330 2258 Clodius
1350 2223 1523 2258 accusator
1550 2235 1567 2257 a
1590 2223 1739 2259 Catilina

1074 2271 1256 2319 pecuniam
1293 2272 1435 2318 accepit,
1474 2281 1514 2306 ut
1552 2271 1740 2318 turpissime

1071 2320 1365 2367 praevaricaretur,
1404 2320 1439 2355 de
1468 2321 1608 2366 Harusp.
1644 2321 1737 2368 Resp.

1072 2378 1138 2416 cap.
1161 2380 1216 2404 20.
