2335 3009
546 257 627 287 210

595 343 737 380 XXIX.
766 346 943 381 Permiflio
968 345 1030 388 est,
1057 358 1139 382 cum
1164 346 1216 382 os-

547 393 720 429 tendimus
750 394 782 430 in
800 395 947 430 dicendo
974 406 1036 431 nos
1063 395 1216 442 aliquam

546 449 620 478 rem
653 452 762 479 totam
804 443 934 479 tradere
966 453 1001 478 et
1033 444 1220 480 concedere

547 489 694 537 alicujus
723 492 907 535 voluntati,
947 493 1014 528 sic:
1057 493 1216 540 ,Quoniam

547 540 686 576 omnibus
702 541 792 576 rebus
809 544 936 587 ereptis,
944 543 1079 587 superest
1095 543 1217 577 animus

546 596 577 625 et
592 599 713 636 corpus,
738 589 805 625 haec
813 591 890 637 ipsa,
909 603 976 637 quae
996 591 1071 626 mibi
1086 590 1122 625 de
1138 590 1216 625 mul-

547 639 591 673 tis
606 638 676 684 sola
698 639 808 674 retina
823 640 912 683 sunt,
937 639 1026 674 vobis
1050 647 1080 674 et
1105 638 1218 683 vestrae

547 687 681 723 condono
692 688 851 733 potestati.
896 690 956 723 bos
973 699 1032 729 me,
1058 701 1114 735 quo
1127 692 1220 733 patio

548 736 639 772 vobis
653 735 824 779 videbitur,
842 738 986 778 utamini,
999 745 1091 784 alque
1107 736 1220 771 abuta-

549 786 638 827 mini,
671 786 774 821 licebit
802 790 950 831 impune:
984 787 1018 820 in
1048 797 1108 827 me,
1137 787 1221 833 quic-

547 833 625 882 quid
642 833 728 877 libet,
744 834 902 879 statuite:
928 833 1034 877 dicite,
1058 842 1153 881 atque
1169 834 1222 869 ob-

548 883 734 929 temperabo.
778 884 863 918 Hoc
885 895 993 930 genus
1011 883 1141 918 tametfi
1160 882 1221 918 ali-

549 943 588 966 as
613 943 758 980 quoque
783 943 1032 978 nonnunquam
1072 932 1218 967 trastan-

549 979 638 1016 dum
659 981 720 1024 est,
747 991 859 1016 tamen
886 981 929 1015 ad
955 980 1219 1016 misericordiam

549 1029 839 1065 commovendam
860 1029 1147 1065 vehementiffime
1171 1029 1219 1065 est

548 1079 863 1114 accommodatum.
931 1078 1118 1114 Dubitatio
1158 1078 1220 1120 est,

550 1138 634 1162 cum
664 1139 821 1174 qua-:rere
848 1126 987 1162 videtur
1013 1136 1141 1167 orator,
1181 1138 1220 1162 u·

549 1185 645 1211 trum
656 1176 700 1211 de
713 1175 853 1212 duobus
865 1174 996 1223 potius,
1009 1185 1070 1210 aut
1082 1174 1169 1223 quid
1179 1175 1223 1210 de

549 1223 713 1272 pluribus
746 1224 972 1271 potissimum,
1012 1223 1117 1266 dicat,
1155 1223 1222 1259 hoc

552 1273 680 1309 modo:
708 1272 826 1320 Obfuit
841 1285 875 1308 eo
901 1281 1033 1319 tempore
1049 1272 1222 1318 plurimum

550 1322 728 1368 reipublicae
756 1321 905 1369 confidam
934 1324 1010 1367 sve
1032 1321 1220 1366 stultitiam,

540 1371 615 1415 sve
647 1371 803 1406 malitiam
844 1371 944 1406 dicere
983 1377 1116 1417 oportet,
1148 1371 1223 1414 five

554 1428 728 1468 utrumque.
780 1420 879 1461 Item,
905 1419 939 1454 T
935 1431 956 1454 u
984 1419 1068 1463 istud
1087 1419 1178 1467 ausus
1194 1431 1225 1455 es

552 1469 665 1510 dicere,
690 1469 776 1503 homo
794 1471 927 1504 omnium
951 1467 1128 1503 mortalium
1155 1495 1163 1504 .
1184 1495 1192 1504 .
1214 1494 1223 1504 .

553 1530 654 1566 quaeio
680 1529 812 1565 quonam
841 1526 873 1552 te
901 1516 994 1564 dtgno
1010 1517 1144 1552 moribus
1160 1519 1224 1553 tuis

553 1567 703 1613 appellem
715 1570 845 1602 nomine.
864 1566 1052 1613 Expeditio
1066 1566 1127 1607 est,
1140 1578 1222 1601 cum

553 1616 745 1651 rationibus
777 1615 1018 1662 compluribus
1046 1627 1221 1651 enumera-

554 1666 610 1707 tis,
636 1665 767 1712 quibus
796 1664 913 1719 aliqua
930 1676 981 1700 res
997 1674 1057 1699 aut
1074 1663 1145 1700 fieri
1164 1674 1224 1700 aut

555 1725 624 1750 non
643 1713 714 1749 fieri
744 1713 909 1762 potuerit,
934 1723 1070 1748 caeterae
1092 1713 1222 1749 tollun-

554 1772 624 1804 tur,
665 1774 733 1798 una
761 1762 980 1809 relinquitur,
1019 1773 1126 1809 quam
1161 1774 1223 1798 nos

555 1811 778 1854 intendimus,
797 1811 862 1846 hoc
880 1811 1000 1846 modo:
1031 1810 1152 1859 Neceffe
1167 1811 1221 1855 est,

553 1873 620 1895 cum
659 1861 765 1906 constet
806 1860 894 1904 istum
931 1860 1064 1903 nostrum
1091 1860 1222 1903 fundum

545 1909 651 1958 suiffe,
677 1909 822 1954 ostendas,
849 1918 878 1949 te
901 1917 959 1944 aut
977 1921 1113 1943 vacuum
1127 1909 1222 1956 paffe-

553 1958 635 2006 dsffe,
658 1966 713 1993 aut
731 1958 784 2003 usit
803 1966 889 1994 tuum
896 1957 1012 2005 feciffe,
1037 1967 1094 1993 aut
1117 1957 1224 2006 σαψ,

553 2016 612 2044 aut
628 2007 801 2042 hereditate
829 2008 887 2042 tibi
909 2006 1030 2054 veniffe.
1074 2008 1225 2049 vacuum,

554 2069 622 2092 cum
639 2069 691 2103 ego
706 2056 844 2104 adeffenu,
867 2055 1011 2101 poffidere
1035 2068 1094 2091 non
1104 2057 1223 2102 potuis-

555 2115 591 2141 η.
645 2109 744 2141 ‘qum
773 2105 828 2151 usu
848 2105 952 2152 smffe
976 2109 1143 2140 etiamnum
1167 2117 1225 2139 non

551 2163 649 2201 potes.
692 2156 817 2202 Emptio
840 2153 925 2188 nulla
938 2153 1112 2201 profertur.
1157 2156 1222 2189 He-

555 2205 690 2239 redimte
715 2205 858 2244 t1bi,me
886 2204 977 2245 vivo,
1005 2215 1071 2237 mea
1091 2207 1222 2249 pecunia

553 2265 662 2288 ‘tenire
679 2265 738 2288 non
752 2255 865 2299 potuit.
917 2253 1118 2300 Relinquitur
1136 2265 1222 2297 ergo,

555 2312 588 2338 ut
601 2315 671 2337 me
664 2306 694 2337 i
710 2303 746 2337 de
759 2314 822 2336 meo
828 2301 931 2348 fundo
946 2301 1098 2355 dejeceris.
1129 2301 1221 2336 Haec

553 2352 730 2387 cxmnatio
754 2351 944 2399 plurimum
968 2350 1107 2404 juvabit
1137 2361 1221 2384 con-

548 2399 729 2446 ‘iecturales
776 2400 1098 2447 argumentationes.
1155 2399 1222 2434 Sed

556 2463 623 2484 nou
640 2450 715 2488 crit.
732 2460 896 2496 tanquam
916 2461 949 2483 in
968 2447 1149 2496 plerisque,
1169 2458 1221 2489 ut,

555 2511 635 2534 tum
674 2499 830 2541 velimus,
873 2510 911 2534 ca
951 2498 1116 2546 pollimus
1159 2497 1219 2533 uti.

854 250 1635 292 RHETORICORUM

1270 347 1361 382 Nam
1378 345 1488 381 facere
1506 346 1540 382 id
1559 358 1628 382 non
1647 346 1850 394 poterimus,
1876 347 1938 384 nili

1270 394 1368 430 nobis
1387 394 1457 442 ipsa
1474 395 1603 443 negotii
1621 405 1743 431 natura
1768 395 1868 432 dabit
1884 395 1940 431 fa-

1269 444 1445 480 cultatem.

1318 493 1441 529 XXX.
1469 492 1656 528 Diffolutio
1669 491 1730 536 est,
1757 505 1839 540 quae
1857 505 1939 529 con-

1262 540 1504 588 junftionibus
1539 542 1728 577 verborum
1765 554 1785 576 e
1825 542 1940 578 medio

1268 589 1421 631 sublatis,
1434 589 1592 636 partibus
1609 589 1768 637 separatis
1784 590 1938 633 effertur,

1269 639 1333 674 hoc
1369 637 1498 674 modo:
1541 638 1624 673 Gere
1654 650 1766 673 morem
1794 641 1939 683 parenti,

1262 697 1345 734 pare
1373 688 1522 733 cognatis,
1547 687 1704 734 obsequere
1731 689 1853 730 amicis,
1887 687 1940 723 ob-

1270 743 1404 781 tempera
1420 735 1547 782 legibus.
1599 735 1700 778 Item,
1726 736 1882 781 Defiende
1906 738 1942 772 in

1269 785 1424 878 {2355
1451 784 1658 879 ‘Z’Jsssifs'’
1670 784 1942 880 ,ἴῖηέὗῖῗὲἴῖ

1259 881 1351 927 stude
1375 859 1489 917 ve’rum
1509 883 1664 917 invenire.
1718 882 1802 918 Hoc
1831 861 1941 930 genus:

1266 941 1302 966 et
1318 930 1540 966 acrimoniam
1571 930 1674 966 habet
1700 929 1734 965 in
1762 931 1806 974 se,
1830 941 1864 966 et
1881 943 1940 966 ve-

1268 980 1556 1015 hementisfimum
1573 979 1634 1022 est,
1659 988 1693 1014 et
1723 979 1766 1014 ad
1793 979 1941 1015 brevita-

1268 1038 1337 1064 tem
1355 1028 1669 1063 accommodatum.
1703 1027 1865 1064 Praecifio
1880 1028 1942 1071 est,

1270 1089 1365 1117 cum,
1391 1076 1492 1112 dietis
1507 1075 1729 1130 quibusdam,
1756 1077 1944 1124 reliquum,

1271 1125 1368 1172 quod
1386 1135 1545 1172 coeptum
1562 1124 1610 1160 est
1626 1124 1709 1168 dici,
1737 1125 1944 1173 relinquitur

1273 1173 1306 1209 in
1338 1173 1551 1210 audientium
1576 1172 1724 1220 judicio,
1751 1173 1820 1209 fic:
1852 1174 1945 1211 Mihi

1270 1230 1367 1258 tecum
1379 1224 1582 1269 praecertatio
1610 1235 1670 1258 non
1693 1223 1747 1267 est,
1771 1222 1838 1259 ideo
1865 1222 1949 1272 quod

1266 1272 1400 1318 populus
1418 1273 1580 1307 Romanus
1605 1283 1652 1306 me
1679 1299 1688 1308 .
1710 1301 1717 1307 .
1738 1298 1748 1307 .
1773 1272 1841 1307 nolo
1864 1273 1944 1309 dice-

1271 1333 1316 1363 re,
1342 1332 1381 1356 ne
1397 1322 1448 1355 cui
1454 1321 1547 1365 sorte
1561 1332 1718 1367 arrogans
1743 1320 1859 1356 videar
1874 1338 1886 1363 3
1912 1329 1945 1357 te

1271 1377 1376 1405 autem
1383 1370 1470 1415 saepe
1497 1371 1668 1417 ignominia
1690 1369 1818 1417 dignum
1841 1379 1943 1416 puta-

1272 1421 1336 1454 vit.
1387 1419 1489 1461 Item,
1513 1420 1562 1455 Tu
1587 1419 1644 1463 ista
1660 1431 1741 1455 nunc
1755 1419 1849 1455 audes
1863 1419 1943 1455 dice-

1273 1479 1320 1510 re,
1345 1468 1398 1514 qui
1415 1478 1512 1514 nuper
1527 1467 1636 1503 aliene
1663 1468 1767 1503 domui
1782 1495 1792 1503 .
1808 1493 1818 1503 .
1833 1495 1841 1504 .
1865 1467 1944 1504 Non

1273 1517 1368 1563 aufim
1385 1518 1495 1558 dicere,
1514 1528 1564 1558 ne,
1581 1529 1650 1551 tum
1666 1525 1697 1551 te
1712 1516 1809 1563 digna
1825 1516 1943 1561 dixero,

1273 1578 1318 1601 me
1333 1565 1491 1612 indignum
1506 1565 1664 1613 quidpiam
1690 1565 1793 1613 dixiffe
1816 1565 1942 1602 videar.

1274 1615 1346 1650 Hic
1366 1615 1514 1650 atrocior
1531 1614 1634 1650 tacita
1650 1613 1808 1662 suspicio,
1834 1626 1944 1662 quam

1272 1663 1393 1699 diserta
1409 1663 1618 1711 explanatio,
1643 1661 1734 1698 faeta
1749 1663 1808 1699 est.
1847 1663 1942 1699 Con-

1272 1713 1380 1748 clusio
1404 1712 1466 1754 est,
1491 1724 1575 1760 quae
1603 1712 1700 1747 brevi
1724 1722 1944 1760 argumenta-

1272 1761 1364 1797 tione
1392 1773 1436 1796 ex
1460 1761 1513 1804 iis,
1539 1772 1621 1808 quae
1649 1770 1727 1796 ante
1743 1761 1836 1796 dicta
1851 1760 1950 1803 sunt,

1272 1820 1332 1845 aut
1349 1810 1451 1853 facta,
1477 1809 1619 1846 conficit
1645 1809 1692 1852 id,
1718 1810 1815 1857 quod
1834 1810 1943 1845 neees-

1272 1859 1356 1894 sario
1374 1857 1613 1906 consequatur,
1628 1857 1693 1894 hoc
1708 1859 1829 1894 modo:
1849 1858 1948 1905 ,Quod

1261 1908 1297 1952 st
1313 1909 1440 1943 Danais
1455 1907 1565 1942 datum
1590 1915 1662 1943 erat
1686 1907 1859 1950 oraculum,
1885 1920 1945 1943 non

1269 1955 1346 2004 P‘ffi
1362 1959 1434 2003 capi
1459 1956 1587 2003 Trq'am
1602 1957 1673 2001 fine
1696 1956 1878 1992 Philonem
1887 1960 1944 2004 siz-

1268 2009 1376 2053 giuis,
1403 2007 1452 2041 he
1468 2013 1571 2041 autem
1588 2005 1671 2040 nihil
1684 2005 1774 2040 aliud
1779 2006 1942 2050 fecerunt.

1274 2056 1330 2096 nifi
1361 2055 1574 2092 Alexandrum
1599 2054 1823 2100 pertuleram
1862 2055 1945 2090 hunc

1274 2107 1464 2151 extinguere,
1506 2103 1541 2139 id
1579 2105 1724 2139 nimirum
1767 2105 1838 2150 capi
1870 2105 1944 2150 suit

1273 2156 1412 2200 Yrojam.

1324 2202 1462 2238 XXXI.
1508 2200 1650 2236 Restant
1681 2201 1784 2236 etiam
1824 2201 1943 2238 decem

1272 2252 1508 2286 exornationes
1538 2250 1739 2293 verborum,
1774 2262 1861 2298 quas
1892 2251 1943 2286 id-

1272 2300 1364 2335 circo
1383 2313 1450 2336 non
1469 2312 1555 2347 vage
1580 2299 1810 2347 disperlimus,
1838 2299 1892 2335 sed
1922 2311 1943 2335 ι

1273 2349 1503 2396 superioribus
1551 2348 1792 2396 leparavimus,
1843 2349 1942 2396 quod

1272 2411 1390 2434 omncs
1422 2411 1453 2433 in
1483 2410 1553 2432 uno
1570 2409 1690 2452 genere
1762 2398 1833 2432 lita:
1853 2403 1940 2433 lunt.

1275 2448 1365 2482 Nam
1383 2459 1500 2482 earum
1527 2447 1686 2482 omnium
1736 2458 1776 2481 oc
1806 2446 1940 2493 propri-

1273 2508 1332 2531 um
1362 2496 1421 2540 est,
1462 2505 1500 2532 ut
1531 2496 1574 2532 ab
1606 2496 1727 2532 ulium
1755 2496 1942 2531 verborum
