2335 3009
755 220 862 261 AD
943 221 1352 262 BRUTUM.
1445 208 1449 211 ”
1696 242 1747 282 71

363 321 568 360 adductam
601 318 795 371 intelligit
831 318 902 371 (est
935 319 1058 365 enim,
1100 327 1145 357 ut
1179 319 1267 365 scis,
1309 320 1476 360 minime
1509 322 1668 376 stultus)
1707 337 1751 365 ut

363 388 520 439 utrique
540 385 632 423 salvi
653 384 725 422 effe
744 397 823 422 non
845 384 987 437 poffint
1005 399 1014 424 :
1047 386 1180 438 itaque
1199 398 1270 423 nos
1290 387 1457 426 mavult.
1502 389 1566 427 De
1596 399 1633 428 te
1660 404 1750 430 vero

362 451 589 491 amicissime
609 459 649 488 et
677 450 870 502 loquitur,
902 459 940 488 et
960 450 1091 490 sentit.
1138 452 1284 503 Qare,
1315 451 1343 488 fi
1375 454 1464 504 quis
1496 454 1603 494 secus
1635 457 1684 494 ad
1712 466 1751 496 te

361 517 409 554 de
428 529 474 554 eo
494 515 657 569 scripfit,
689 524 755 553 aut
786 516 812 554 fi
844 529 975 554 coram
1006 516 1164 554 locutus
1184 515 1254 561 est,
1284 525 1375 568 peto
1396 531 1416 554 a
1438 528 1474 556 te
1494 521 1610 558 etiam
1632 530 1749 574 atque

359 581 494 627 etiam,
526 581 628 620 mihi
659 591 702 620 ut
731 581 863 634 potius
885 582 1032 627 credas,
1063 582 1133 634 qui
1152 590 1191 620 et
1210 581 1367 620 facilius
1382 582 1560 635 judicare
1579 586 1747 637 poffum,

358 661 479 700 quam
499 648 567 686 ille
589 647 718 686 nescio
738 648 843 700 quiS‚
874 657 912 686 et
933 658 971 686 te
990 648 1080 701 plus
1101 647 1241 700 diligo.
1284 648 1475 687 Clodium
1496 650 1570 688 tibi
1591 652 1747 690 amicis-

358 715 502 752 fimum
520 714 713 759 existima,
743 714 950 766 civemque
970 715 1104 761 talem,
1137 714 1264 767 qualis
1285 723 1323 752 et
1343 716 1679 768 prudentiffimuS,
1709 726 1749 756 et

357 779 517 818 fortuna
535 781 689 834 optima
707 778 779 817 effe
799 779 930 820 debet.

752 981 995 1020 CICERO
1040 981 1256 1020 BRUTO
1307 982 1346 1021 S.

356 1109 412 1148 11.
437 1109 484 1181 S
501 1110 534 1148 C
550 1111 586 1148 R
602 1111 619 1148 1
635 1110 762 1148 PTA
791 1118 831 1148 et
861 1108 1061 1160 obfignata
1079 1110 1163 1161 jam
1183 1109 1358 1162 epistola,
1389 1109 1511 1149 literae
1531 1109 1633 1148 mihi
1654 1111 1744 1149 red-

513 1175 604 1213 ditae
626 1174 714 1212 sunt
735 1188 755 1211 a
776 1183 827 1219 te,
850 1174 974 1226 plenae
995 1187 1124 1211 rerum
1146 1188 1359 1212 novarum:
1392 1176 1643 1227 maximeque
1663 1177 1742 1213 mi-

353 1240 490 1285 rabile,
523 1239 772 1278 Dolabellam
805 1240 983 1290 quinque
1013 1238 1193 1276 cohortes
1214 1240 1352 1277 mififfe
1372 1239 1413 1277 in
1436 1239 1740 1280 Cherronesum.

353 1305 516 1343 Adeone
536 1305 660 1357 copiis
689 1304 875 1348 abundat,
908 1313 951 1340 ut
983 1303 1030 1348 is,
1063 1303 1132 1355 qui
1161 1317 1209 1341 ex
1238 1304 1328 1341 Afia
1356 1304 1493 1355 fugere
1523 1306 1745 1352 dicebatur,

352 1371 555 1422 Europam
575 1378 754 1422 appetere
773 1376 938 1406 conetur
956 1368 970 1405 ?
1002 1368 1193 1420 Qinque
1217 1377 1348 1406 autem
1368 1368 1600 1408 cohortibus
1622 1371 1741 1422 quid-

350 1449 441 1473 nam
464 1436 499 1474 se
519 1435 716 1473 faetus-um
736 1434 944 1472 arbitratus
974 1432 1041 1478 est,
1073 1446 1166 1471 cum
1196 1442 1239 1472 tu
1269 1447 1315 1472 eo
1344 1435 1522 1486 quinque
1550 1435 1740 1486 legiones,

349 1503 551 1554 optimum
575 1501 812 1553 equitatum,
844 1499 1017 1537 maxima
1035 1499 1194 1544 auxilia,
1227 1498 1420 1538 haberes?
1452 1513 1547 1553 quas
1579 1501 1741 1554 quidem

350 1566 533 1605 cohortes
555 1567 664 1619 spero
678 1566 762 1618 jam
784 1575 868 1604 tuas
889 1565 974 1610 effe,
1006 1565 1195 1617 quoniam
1226 1564 1326 1603 latro
1355 1565 1423 1603 ille
1453 1574 1532 1603 tam
1563 1565 1642 1604 fuit
1669 1567 1738 1605 de-

350 1645 476 1670 mens.
524 1633 662 1670 Tuum
698 1631 906 1669 confilium
940 1629 1192 1668 vehementer
1221 1630 1353 1676 laudo,
1385 1631 1492 1683 quod
1521 1644 1600 1669 non
1630 1633 1739 1684 prius

347 1698 566 1736 exercitum
587 1697 816 1750 Apollonia,
849 1695 1150 1749 Dyrrachioque
1169 1696 1340 1741 movisti,
1363 1710 1482 1749 quam
1503 1696 1549 1734 de
1570 1698 1740 1735 Antonii

346 1761 441 1814 fuga
461 1762 614 1807 audisti,
646 1762 760 1800 Bruti
780 1761 1000 1814 eruptione,
1024 1761 1163 1814 populi
1183 1761 1356 1799 Romani
1377 1761 1550 1799 victoria.
1584 1762 1737 1813 Itaque,

346 1827 454 1880 quod
476 1827 627 1872 scribis,
656 1827 784 1880 postea
803 1826 970 1865 statuisse
991 1836 1028 1864 te
1049 1826 1189 1864 ducere
1208 1826 1426 1864 exercitum
1447 1826 1489 1864 in
1512 1825 1736 1864 Cherrone-

346 1892 448 1938 sum,
479 1906 552 1931 nec
573 1893 668 1946 pati,
701 1892 986 1931 sceleratiffimo
1006 1891 1108 1930 hosti
1129 1891 1303 1929 ludibrio
1322 1891 1395 1930 effe
1421 1892 1635 1944 imperium
1662 1906 1735 1944 po-

347 1958 431 2011 puli
467 1958 654 2003 Romani,
685 1957 782 1996 facis
816 1971 864 1996 ex
894 1967 960 1995 tua
989 1957 1195 2009 dignitate,
1226 1965 1264 1994 et
1298 1970 1319 1994 e
1353 1956 1569 2009 republica.
1616 1957 1739 2008 Qod

347 2023 483 2061 scribis
505 2023 551 2061 de
572 2023 776 2069 sedidone,
808 2037 894 2076 quae
923 2021 1024 2060 faCta
1051 2022 1105 2060 est
1134 2022 1175 2060 in
1203 2021 1358 2074 legione
1383 2031 1546 2073 quarta;
1579 2021 1626 2059 de
1647 2023 1735 2059 An-

347 2089 481 2134 toniis,
516 2090 574 2143 (in
597 2090 741 2128 bonam
763 2099 913 2143 partem
932 2087 1119 2141 accipies)
1143 2089 1267 2140 magis
1289 2087 1390 2125 mihi
1417 2088 1603 2140 probatur
1624 2089 1734 2126 mili-

347 2163 435 2192 tum
455 2154 647 2201 severitas,
679 2169 798 2208 quam
828 2164 907 2194 tua.
954 2154 1015 2192 Te
1048 2153 1362 2192 benevolentiam
1395 2154 1587 2191 exercitus
1619 2154 1733 2204 equi-

347 2230 514 2271 tumque
532 2231 739 2275 expertum
760 2221 846 2267 effe,
877 2220 1129 2259 vehementer
1147 2220 1312 2274 gaudeo.
1352 2221 1415 2258 De
1437 2219 1658 2262 Dolabella,
1691 2227 1735 2256 ut

346 2285 498 2331 sw‘bis,
529 2287 556 2324 fi
576 2287 672 2339 quid
693 2286 811 2326 habes
834 2288 940 2332 novi,
971 2286 1089 2325 facies
1111 2300 1173 2324 me
1193 2286 1399 2324 certiorem
1419 2299 1428 2322 z
1461 2285 1501 2321 in
1523 2297 1603 2335 quo
1623 2283 1734 2321 valde

345 2351 530 2396 delector,
560 2366 624 2390 me
653 2363 741 2391 ante
770 2353 990 2406 providiffe,
1023 2361 1067 2390 ut
1098 2361 1211 2389 tuum
1231 2350 1430 2402 judicium
1452 2349 1621 2386 liberum
1643 2348 1733 2387 effet

342 2431 438 2456 cum
470 2417 678 2455 Dolabella
707 2419 801 2457 belli
834 2419 1021 2472 gerendi:
1053 2428 1093 2456 et
1127 2417 1166 2454 id
1201 2416 1310 2454 valde
1343 2415 1549 2468 pertinuit,
1582 2424 1625 2452 ut
1659 2428 1733 2466 ego

342 2492 433 2522 tum
471 2483 766 2539 intelligebam,
810 2485 858 2523 ad
896 2484 1213 2537 rempublicam;
1259 2491 1304 2520 ut
1342 2495 1448 2521 nunc
1482 2480 1642 2534 judico,
1684 2479 1732 2517 ad
