2335 3009
591 236 692 276 AD
748 233 1264 276 HERENNIUM
1322 235 1457 276 LIB.
1508 237 1583 276 IV.

387 329 620 372 inexorabilem,
642 331 771 376 praebes.
823 331 863 366 In
881 330 1058 366 sententia-

388 392 481 422 rum,
513 378 734 426 hujusmodi:
762 379 823 414 Vos
838 380 929 425 hey‘us
945 381 1057 414 incom-

387 427 484 463 modis
499 429 621 475 lugetis,
646 428 701 472 iste
726 428 903 474 reipublice
929 428 1057 462 calami-

387 483 457 510 tate
488 476 629 511 laetatur.
681 478 744 511 Vos
773 477 883 521 vestris
911 476 1058 523 fortunis

386 524 536 570 diffiditis,
562 525 615 569 rste
621 524 707 569 solus
715 525 785 570 suis
801 537 835 560 eo
848 527 949 571 magis
965 525 1055 569 confi-

386 573 445 608 dit.
498 574 590 608 lnter
606 573 679 608 haec
697 574 769 608 duo
795 574 1057 609 contentionum

387 633 510 668 genera
534 623 600 657 hoc
624 621 780 658 interest:
809 622 896 658 illud
921 634 963 657 ex
981 634 1057 656 ver-

388 670 441 705 bis
473 670 625 706 celeriter
663 671 776 706 relatis
811 671 966 712 constat·,
1003 671 1057 706 hic

387 717 564 753 sententiae
594 719 776 755 contrariae
807 731 850 754 ex
881 731 1056 766 compara-

389 767 482 802 tione
510 767 700 803 referantur
727 777 876 816 oportet.
928 768 1057 803 Simili-

387 816 476 851 tudo
492 816 539 851 est
564 817 675 851 oratio
706 817 887 852 traducens
913 817 957 851 ad
987 828 1057 851 rem

387 864 590 912 quampiam
621 865 754 912 aliquid
781 877 824 901 ex
863 877 899 900 re
933 864 1058 912 dispari

388 913 505 949 fimile.
556 914 609 948 Ea
637 913 784 949 sumitur
817 924 877 949 aut
913 913 1058 949 ornandi

387 960 499 1004 causa,
526 973 586 997 aut
610 962 794 1010 probandi,
821 972 882 998 aut
907 962 1058 1010 apertius

388 1010 538 1052 dicendi,
567 1022 626 1046 aut
651 1020 728 1046 ante
756 1012 878 1046 oculos
895 1011 1057 1059 ponendi.

388 1060 609 1114 Qomodo
602 1060 708 1106 igitur
725 1070 876 1107 quatuor
891 1061 934 1094 de
951 1059 1059 1095 causis

389 1107 547 1151 sumitur,
579 1109 626 1143 ita
655 1119 807 1156 quatuor
833 1109 945 1144 modis
974 1108 1058 1143 dici-

388 1166 471 1198 tur-3
498 1169 560 1204 per
575 1157 800 1199 contrarium,
827 1169 888 1205 per
906 1157 1057 1204 negatio-

389 1217 480 1248 nem,
518 1217 581 1253 per
609 1206 824 1248 brevitatem,
862 1217 924 1253 per
953 1205 1058 1240 colla-

388 1254 529 1289 tionem.
581 1255 643 1288 Ad
682 1266 966 1301 unamquamque
1005 1254 1058 1288 su-

388 1303 524 1337 mendae
560 1302 696 1337 causam
734 1302 966 1338 similitudinis
1004 1313 1058 1336 ac-

387 1350 689 1387 commodabimus
734 1351 886 1399 fingulos
935 1351 1058 1385 modos

386 1399 648 1447 pronuntiandi.

435 1448 570 1483 XLVt.
598 1447 755 1484 Omandi
783 1447 884 1483 causa
914 1447 1060 1483 sumitur

388 1508 450 1543 per
485 1497 708 1538 contrarium,
743 1497 812 1532 fic:
851 1497 928 1533 Non
962 1499 1055 1539 enim,

386 1545 639 1591 quemadmodum
653 1548 685 1580 in
704 1545 866 1591 palestra,
890 1547 942 1594 qui
959 1546 1058 1581 taedas

387 1593 553 1629 candentes
569 1597 694 1640 accipit,
721 1595 848 1629 celerior
861 1595 902 1638 est
917 1597 950 1629 in
967 1595 1056 1640 cursu

387 1645 542 1684 continuo,
567 1655 660 1690 quam
689 1643 755 1686 ille,
780 1645 833 1691 qui
855 1643 981 1684 tradit,
1008 1647 1058 1678 ita

388 1692 495 1726 melior
524 1695 694 1738 imperator
722 1704 834 1734 novus,
864 1695 916 1740 qui
943 1694 1059 1737 accipit

388 1745 567 1783 exercitum,
604 1752 698 1788 quam
731 1740 793 1783 ille,
831 1743 884 1789 qui
915 1741 1028 1776 deccdit
1045 1755 1057 1776 .·

383 1797 552 1835 propterea
578 1789 660 1836 quod
674 1789 869 1836 defatigatus
885 1790 987 1835 cursor
1009 1791 1058 1823 in-

386 1846 474 1884 tegra
496 1838 617 1884 facem,
653 1839 703 1873 hic
727 1840 850 1884 peritus
881 1840 1056 1883 imperator

386 1888 528 1934 imperito
543 1889 722 1929 exercitum,
736 1887 852 1921 tradit.
889 1887 973 1921 Hoc
988 1887 1056 1921 sine

388 1935 490 1971 simili
518 1935 594 1971 satis
612 1936 725 1984 plane,
751 1945 784 1970 et
808 1935 996 1983 perspicue,
1021 1945 1056 1970 et

387 1984 626 2031 probabiliter,
652 1985 719 2020 dici
741 1984 870 2031 potuit,
897 1984 962 2019 hoc
981 1996 1055 2019 mo-

388 2033 457 2068 do:
481 2035 595 2069 Minus
611 2036 699 2069 banos
715 2037 921 2079 imperatores
936 2046 957 2068 a
973 2033 1057 2068 meli-

388 2081 494 2117 oribus
521 2085 686 2118 exercitum
713 2085 848 2128 accipere
866 2082 978 2127 solere,
1003 2081 1059 2116 sed

389 2130 534 2166 ornandi
557 2131 656 2166 causa
670 2131 778 2167 simile
800 2130 977 2178 sumptum
997 2130 1057 2172 est,

391 2189 431 2213 ut
447 2179 593 2214 orationi
610 2180 760 2227 dignitas
780 2181 944 2227 quaedam
963 2191 1057 2214 com—

389 2237 539 2274 paretur.
586 2229 734 2264 Dietum
767 2230 814 2263 est
848 2239 964 2263 aurern
998 2239 1059 2276 per

391 2275 613 2312 contrarium.
654 2279 746 2312 Nam
764 2288 848 2312 tunc
869 2277 1058 2312 similitudo

391 2323 538 2359 sumitur
568 2337 629 2372 per
657 2327 881 2368 contrarium,
916 2337 997 2361 cum
1027 2325 1057 2366 ei

392 2373 451 2414 rei,
473 2384 580 2419 quam
599 2385 660 2409 nos
678 2375 880 2422 probamus,
905 2375 1057 2422 aliquam

391 2433 462 2455 rem
504 2433 668 2469 negamus
704 2423 769 2458 effe
810 2423 973 2465 similem,
1018 2433 1058 2458 ut

390 2470 498 2518 paulo
534 2481 624 2515 ante,
666 2481 748 2506 curn
781 2471 824 2508 de
863 2471 1059 2508 cursoribus

1699 248 1776 289 219'

1108 329 1361 366 differebamus.
1404 331 1470 366 Per
1490 330 1704 378 negationem
1723 331 1774 365 di-

1108 388 1216 420 cetur,
1243 379 1412 426 probandi
1432 379 1531 415 causa
1532 363 1619 414 c'hoc
1643 379 1771 413 modo:

1107 425 1216 474 Neque
1227 439 1318 474 equus
1335 427 1509 470 indomitus,
1519 430 1662 476 quamvis
1678 435 1776 462 natu-

1106 487 1147 510 ra
1169 475 1242 511 bene
1261 476 1438 521 compostus
1450 477 1512 520 st
1537 476 1659 511 idoneus
1677 476 1775 521 potest

1106 523 1157 570 este
1172 524 1216 558 ad
1230 535 1282 558 eas
1299 524 1462 567 utilitates,
1479 537 1547 571 quae
1561 524 1775 568 defiderantur

1105 573 1147 607 ab
1163 585 1248 620 equo,
1274 584 1366 620 neque
1385 573 1472 608 homo
1492 573 1642 615 indoctus,
1667 584 1773 620 quam-

1105 623 1158 656 vis
1173 622 1222 665 fit
1245 621 1426 668 ingeniosus,
1451 622 1496 656 ad
1508 623 1662 656 virtutem
1679 621 1775 674 pates}

1101 672 1280 717 pervenire.
1337 670 1421 705 Hoc
1455 667 1671 717 probabilius
1703 669 1774 704 fac-

1108 729 1185 754 tum
1214 719 1274 761 est,
1306 719 1404 766 quod
1436 718 1546 773 magis
1579 717 1628 753 est
1661 718 1775 754 verisi-

1108 768 1201 811 mile,
1220 780 1289 803 non
1306 767 1399 814 poss‘e
1422 768 1586 802 virtutem
1604 767 1672 801 fine
1692 767 1776 801 doc-

1108 817 1196 851 trina
1228 815 1433 863 comparari,
1471 816 1636 863 quoniam
1667 827 1710 850 ne
1741 827 1776 849 e-

1107 877 1200 912 quus
1237 864 1378 912 quidem
1414 864 1603 900 indomitus
1632 864 1778 898 idoneus

1107 915 1210 961 poffit
1248 914 1324 948 effe.
1375 913 1473 960 Ergo
1510 913 1689 960 sumptum
1729 912 1777 947 est

1108 962 1278 1010 probandi
1297 961 1406 997 causa.

1157 1011 1314 1048 XLVII.
1341 1010 1487 1045 Diftum
1510 1009 1558 1045 est
1580 1019 1694 1044 autern
1717 1021 1778 1057 per

1109 1060 1336 1107 negationem.
1372 1060 1414 1094 Id
1438 1059 1529 1094 enim
1556 1059 1777 1106 perspicuum

1108 1090 1175 1143 esto
1185 1109 1228 1143 de
1256 1109 1369 1156 primo
1399 1107 1630 1143 similitudinis
1657 1108 1776 1142 verbo.

1107 1158 1272 1192 Sumetur
1291 1166 1326 1192 et
1343 1156 1494 1204 apertius
1515 1155 1652 1191 dicendi
1679 1156 1779 1190 causa

1107 1205 1298 1240 similitudo
1341 1218 1402 1252 per
1444 1205 1659 1247 brevitatem,
1710 1204 1776 1239 hoc

1109 1254 1234 1289 modo:
1265 1254 1304 1289 In
1326 1255 1467 1288 amicitia
1479 1253 1629 1299 gerenda,
1644 1253 1728 1297 ficut
1744 1255 1778 1287 in

1109 1305 1275 1337 certamine
1298 1302 1454 1344 currendi,
1482 1304 1607 1336 nonita
1634 1303 1778 1336 convenit

1108 1353 1254 1391 exerceri,
1280 1360 1315 1385 ut
1343 1350 1443 1396 quoad
1462 1349 1568 1396 neceffi‘
1578 1350 1640 1393 fit,
1664 1359 1778 1395 perve-

1107 1402 1176 1434 nire
1187 1399 1294 1445 poffis:
1314 1399 1373 1443 sed
1388 1407 1423 1433 ut
1437 1399 1606 1444 proa'ublus
1615 1399 1720 1444 studia
1744 1405 1777 1432 et

1108 1448 1242 1490 viribus,
1257 1448 1343 1483 ultra
1356 1447 1451 1491 facile
1462 1457 1644 1494 procurras.
1681 1447 1777 1482 Nam

1106 1496 1171 1531 hoc
1194 1496 1300 1532 fimile
1327 1496 1387 1539 est,
1415 1506 1455 1531 ut
1477 1496 1628 1544 apertius
1652 1495 1776 1531 intelli-

1105 1555 1218 1592 gatur,
1262 1545 1351 1580 mala
1386 1545 1515 1580 ratione
1548 1543 1670 1587 facere,
1713 1544 1776 1591 qui

1106 1595 1353 1642 reprehendant
1369 1606 1439 1636 eos,
1459 1594 1534 1650 qui,
1548 1593 1646 1629 verbi
1664 1593 1776 1646 causa,

1108 1643 1186 1691 post
1221 1653 1368 1678 mortem
1405 1645 1505 1677 amici
1541 1642 1666 1678 liberos
1699 1640 1776 1688 ejus

1108 1691 1314 1734 custodiant,
1334 1702 1513 1738 propterea
1529 1691 1653 1738 quod
1645 1702 1678 1725 in
1697 1702 1775 1725 cur-

1107 1741 1179 1775 sore
1205 1750 1340 1774 tantum
1366 1740 1558 1775 velocitatis
1582 1740 1646 1774 effe
1672 1751 1777 1786 opor-

1107 1799 1188 1831 teat,
1215 1799 1254 1823 ut
1273 1788 1433 1823 efferatur
1454 1788 1561 1835 usque
1581 1789 1624 1822 ad
1647 1788 1774 1828 finem3

1106 1838 1140 1872 in
1175 1838 1299 1878 amico,
1342 1847 1477 1872 tanturn
1513 1836 1775 1878 benevolentia-5,

1106 1897 1145 1921 ut
1162 1886 1265 1928 ultra,
1291 1897 1396 1932 quam
1416 1885 1548 1920 amicus
1563 1885 1682 1920 sentire
1699 1884 1776 1931 pos·

1105 1935 1158 1976 fit,
1174 1945 1355 1982 procurrat
1373 1934 1533 1969 amicitia:
1552 1933 1674 1969 studio.
1691 1934 1776 1968 Dic-

1106 1993 1180 2018 tum
1205 1993 1318 2018 autem
1343 1983 1450 2018 sumile
1466 1983 1514 2018 est
1539 1995 1600 2030 per
1625 1982 1777 2018 brevita-

1109 2043 1200 2068 tem:
1230 2044 1296 2067 non
1321 2032 1412 2066 enim
1436 2032 1494 2074 ita,
1521 2041 1560 2066 ut
1584 2044 1618 2066 1n
1644 2030 1776 2065 caeteris

1109 2082 1224 2123 rebus,
1252 2093 1301 2116 res
1330 2081 1374 2115 ab
1401 2093 1435 2116 re
1462 2080 1610 2128 leparata
1634 2079 1694 2122 est,
1720 2079 1777 2114 sed

1109 2139 1256 2176 utraque
1285 2142 1335 2164 res
1365 2128 1548 2176 conjuntste
1575 2138 1610 2164 et
1635 2127 1777 2163 confuse

1109 2187 1318 2226 comparata.
1363 2181 1456 2214 Ante
1478 2178 1599 2212 oculos
1626 2175 1776 2223 ponendi

1109 2239 1234 2274 negotii
1264 2226 1561 2268 caula,1umetur
1587 2225 1777 2260 similitudo

1109 2288 1168 2333 per
1185 2276 1416 2317 ευΗηίοηεηι,
1445 2276 1510 2310 szc-
1547 2276 1604 2310 Uti
1630 2274 1776 2307 cithara-

1107 2327 1176 2367 α’Ἳικ
1214 2336 1281 2359 cum
1308 2324 1462 2370 prodierit
1491 2325 1602 2369 optime
1632 2322 1775 2365 vestitus,

1105 2374 1191 2420 palal
1171 2376 1361 2407 ainaurata
1379 2372 1517 2413 indutus,
1537 2383 1605 2405 cum
1622 2369 1778 2415 chlamyde

1103 2431 1278 2468 purpurea,
1306 2420 1451 2456 coloribus
1466 2422 1570 2455 variis
1586 2421 1719 2460 ιἠιικια,
1747 2425 1779 2452 et

1107 2483 1174 2505 cum
1201 2482 1311 2505 carana
1329 2480 1428 2503 aurea
1450 2472 1570 2515 magnis
1584 2467 1779 2518 fulgentibus

1338 2566 1474 2605 Eea
