2335 3009
529 264 609 296 222

528 348 564 382 iu
589 344 794 391 diversorium
821 341 914 385 derifi
942 339 1105 386 conferunt
1122 339 1197 386 sese.

530 395 645 430 Vident
663 394 810 428 bominem
817 391 938 437 postera
954 389 1024 424 die.-
1049 396 1201 431 narrant,

529 442 734 490 expostulant,
765 439 923 485 accusant.
965 437 1025 473 AEt
1052 437 1120 480 iste,
1153 448 1200 473 eos

518 491 723 539 finiilitudine
756 489 813 524 loci
845 487 993 533 deceptos,
1035 488 1201 532 angiporta

529 550 595 578 toto
627 537 776 586 dcerraſje
796 551 808 573 .-
848 544 957 572 contra
990 533 1201 570 valetudinem

522 591 615 638 suam
642 588 686 624 ad
716 591 829 623 noctem
862 585 994 626 multam
1025 582 1198 630 expetiaffe.

531 640 680 676 Sannioni
704 647 795 681 puero
817 637 970 682 negotium
995 632 1137 674 dederat,
1163 639 1200 666 ut

528 689 621 735 vasa,
646 687 839 731 vestimenta,
859 694 984 729 pueros,
1009 688 1197 725 corrogaret.

530 736 680 773 Servulus
707 747 765 770 non
789 732 959 767 inurbanus
975 731 1060 775 satis
1074 730 1201 773 strenue

529 794 558 822 et
591 786 734 821 concinne
767 787 926 827 comparat
945 793 956 814 .·
987 778 1040 821 iste
1073 777 1200 823 hospites

530 835 651 870 domum
668 831 801 868 deducit.
837 832 895 866 Ait
903 830 938 874 se
954 828 1032 862 aedes
1049 828 1201 861 maximas

530 883 654 919 cuidam
674 882 771 916 amico
786 878 831 914 ad
851 880 978 924 nuptias
1001 875 1199 923 commodaffi.

530 933 675 970 Nuntiat
693 935 811 966 interea
824 938 905 974 puer
921 933 1087 972 argentum
1102 925 1202 970 repeti

532 983 754 1027 (pertimuerat
784 980 861 1012 enim
889 976 943 1023 qui
972 973 1200 1017 commodarat)

529 1033 688 1077 Apagete,
728 1029 844 1074 inquit,
883 1024 962 1059 aedes
995 1021 1201 1063 commoda-vi,

522 1078 685 1127 familiam
733 1076 802 1112 dedi
820 1087 831 1109 .-
883 1079 1048 1120 argentum
1087 1083 1202 1119 quoque

530 1128 634 1164 vult?
659 1125 781 1169 tametfi
803 1123 935 1168 hospites
958 1121 1069 1162 habeo,
1097 1127 1201 1154 tamen

530 1184 646 1212 utatur
677 1174 759 1214 licet,
800 1182 854 1206 nos
888 1171 1000 1204 Samiis
1036 1168 1201 1204 delectabi-

531 1237 614 1261 mur.
677 1221 768 1270 Qid
797 1232 864 1267 ego,
904 1232 971 1266 quae
1000 1216 1108 1252 deinde
1140 1216 1201 1262 ff·

531 1277 607 1315 ciat,
641 1283 766 1308 narrem
780 1271 798 1304 ?
829 1267 970 1315 q'tffmodi
1002 1266 1040 1311 est
1072 1266 1203 1302 bominis

531 1331 664 1364 natura,
689 1327 739 1363 ut,
765 1331 832 1367 quae
845 1316 982 1364 singulis
1010 1315 1116 1366 diebus
1141 1314 1203 1360 ff·

530 1374 597 1407 ciat
631 1371 736 1418 gloria
776 1376 866 1415 atque
905 1365 1115 1409 ostentatione,
1165 1375 1203 1398 ea

531 1423 592 1456 vix
620 1430 722 1455 annuo
743 1416 884 1462 sermone
911 1424 1064 1449 enarrare
1088 1411 1202 1459 poffim.

532 1466 750 1516 Hujusmodi
782 1463 988 1506 notationes,
1033 1473 1116 1509 quae
1144 1461 1203 1496 de-

530 1518 698 1558 scribunt,
736 1513 823 1561 quid
861 1512 1125 1548 consentaneum
1162 1510 1204 1545 fir.

531 1563 802 1612 uniuscujusque
819 1571 966 1603 naturae‚
987 1560 1204 1595 vehementer

533 1616 662 1652 habent
717 1622 878 1659 magnam
929 1607 1202 1646 delectationem.

533 1665 668 1701 Totam
695 1662 788 1697 enim
817 1669 974 1696 naturam
1012 1656 1204 1704 cujuspiam

532 1721 672 1762 ponunt
700 1720 778 1746 ante
801 1709 937 1751 oculos,
963 1716 1023 1743 aut
1050 1705 1204 1753 gloriosi,

533 1772 576 1798 ut
608 1773 682 1804 nos,
717 1757 868 1806 exempli
900 1756 1012 1799 causa,
1051 1766 1204 1802 coepera-

534 1823 639 1853 mus3
665 1819 726 1845 aut
754 1806 877 1849 invidi,
903 1815 964 1842 aut
992 1804 1118 1846 timidi,
1145 1812 1207 1839 aut

534 1860 641 1903 avari,
677 1856 863 1896 ambiti0fi‚
892 1853 1066 1896 amatoris,
1104 1853 1206 1888 luxu-

535 1909 625 1952 riofi,
651 1907 751 1948 furis,
777 1903 1082 1953 quadruplatoris:
1110 1901 1206 1937 deni-

535 1970 605 2007 que
622 1955 773 2004 cujusvis
790 1953 943 1989 studium
961 1951 1114 2001 protrahi
1142 1963 1206 1998 po-

536 2007 600 2044 test
618 2007 651 2041 in
670 2004 823 2040 medium
841 2001 900 2037 tali
921 2001 1106 2037 notatione.

586 2054 671 2092 L11.
697 2050 946 2089 sermocinatio
962 2049 1023 2092 est,
1046 2060 1128 2084 curn
1146 2047 1207 2083 ali-

535 2105 594 2141 cui
619 2102 772 2152 personae
799 2101 907 2136 senno
935 2098 1151 2139 attribuitur,
1173 2106 1208 2132 et

537 2155 565 2190 is
581 2165 623 2189 ex
675 2151 768 2187 nitur
791 2161 875 2185 cum
902 2147 1032 2184 ratione
1058 2145 1208 2194 dignita-

536 2204 593 2247 tis,
643 2213 687 2237 oc
715 2199 840 2248 paolo:
869 2199 950 2237 Cum
967 2195 1116 2233 militibus
1134 2194 1208 2230 urbs

536 2250 741 2293 redundaret,
765 2255 798 2284 et
821 2257 922 2287 onnes
952 2247 1060 2281 timore
1084 2243 1210 2290 opprff

535 2301 618 2338 domi
651 2299 896 2338 continerentur.
931 2297 1020 2332 venit
1059 2294 1113 2337 iste
1141 2304 1210 2329 cum

528 2356 620 2401 sago,
641 2348 750 2397 gladio
772 2346 955 2392 succintius.
991 2352 1095 2380 tenens
1112 2343 1208 2389 jacu-

536 2406 625 2437 tum:

526 2448 630 2494 simili
644 2455 756 2483 ornatu
767 2445 1002 2491 subsequuntur.
1055 2442 1210 2487 Inumpt't

536 2502 573 2535 in
592 2496 671 2535 ades
697 2495 815 2543 subito,
839 2491 948 2530 deinde
984 2502 1097 2539 magna
1122 2502 1210 2532 vo«,

663 2400 793 2446 quinque
829 2393 1026 2441 adolescentes
1062 2392 1217 2428 bominem,

838 243 1620 295 RHETORICORUM

1249 337 1313 372 Ubi
1351 337 1393 382 cst
1418 337 1473 380 iste
1500 337 1622 380 beatus,
1655 339 1768 385 inquit,
1807 337 1923 376 aedt'um

1248 385 1387 422 dominus
1399 389 1417 422 ?
1443 389 1518 433 quin
1537 387 1616 421 mihi
1626 387 1736 433 praesto
1743 386 1788 430 fit
1801 389 1820 423 ,ἕ
1844 387 1922 435 quid

1249 437 1360 470 tacetis
1373 437 1391 471 ,Ρ
1415 435 1465 470 hic
1480 435 1539 470 alii
1555 447 1654 471 omnes
1662 435 1784 481 stupidi
1809 438 1921 472 timore

1249 484 1479 520 obmutuerunt.
1523 486 1611 520 Uxor
1626 484 1711 519 illius
1731 484 1921 531 infeliciffim'

1250 545 1317 568 cum
1342 535 1476 568 maximo
1482 532 1566 576 fletu
1583 533 1628 567 ad
1641 534 1725 578 istius
1746 532 1837 579 pedes
1860 534 1920 568 ab·

1238 582 1320 627 jecit
1329 580 1403 626 fist.
1456 581 1574 623 Parce,
1599 583 1714 629 inquit,
1739 589 1770 616 et
1782 592 1842 628 per
1868 595 1919 624 ea,

1248 642 1314 677 quae
1329 630 1387 664 tibi
1410 628 1573 674 dulciffima
1586 630 1665 676 sunt
1689 632 1723 664 in
1747 632 1835 673 vita,
1859 633 1921 665 mi·

1241 679 1347 725 serere
1366 678 1461 722 nostri
1473 691 1484 712 .·
1511 679 1574 713 noli
1597 681 1778 724 extinguere
1801 681 1921 714 extinc-

1249 735 1305 762 tos.
1357 727 1426 761 Fer
1450 727 1604 773 mansuete
1614 727 1798 772 fortunam.
1849 728 1921 765 Nos

1248 787 1362 824 quoque
1384 775 1510 821 fuimus
1545 775 1632 811 beati
1646 790 1658 811 .·
1696 776 1779 822 nosce
1809 783 1840 812 te
1868 776 1922 823 effe

1249 825 1410 859 hominem,
1451 825 1499 860 At
1521 824 1574 860 ille
1587 838 1598 859 .·
1625 824 1716 872 Qin
1737 825 1827 861 illum
1842 826 1920 860 mihi

1249 872 1347 914 datis,
1372 885 1410 908 ac
1432 885 1489 908 vos
1514 873 1644 909 auribus
1661 875 1734 909 meis
1756 874 1922 920 applorare

1249 920 1413 966 definitis?
1437 934 1495 957 non
1511 922 1623 957 abibit.
1677 922 1732 957 Illi
1753 925 1922 958 nuntiatur

1250 972 1369 1006 interea
1385 970 1496 1018 veniffe
1509 971 1607 1015 istum,
1627 978 1658 1005 et
1674 971 1805 1006 clamore
1819 974 1921 1006 maxi-

1251 1031 1299 1054 mo
1317 1026 1446 1054 mortem
1475 1022 1603 1054 minari.
1656 1019 1751 1065 Qcod
1764 1020 1863 1063 stmul
1885 1028 1923 1056 ut

1250 1068 1388 1110 audivit,
1415 1068 1513 1110 Heus,
1535 1069 1649 1115 inquit,
1675 1068 1922 1115 Gorgia‚-pedi-

1240 1116 1332 1164 seque
1342 1125 1524 1162 puerorum,
1549 1115 1694 1163 absconde
1706 1126 1820 1163 pueros
1833 1130 1845 1152 :
1869 1117 1922 1153 de-

1240 1165 1364 1210 fende:
1383 1164 1461 1210 fac,
1484 1171 1521 1200 ut
1544 1165 1708 1202 incolumes
1735 1165 1782 1200 ad
1806 1165 1924 1212 adoles-

1251 1216 1382 1251 centiam
1393 1213 1562 1260 perducas.
1614 1216 1675 1250 Vix
1701 1215 1767 1250 baec
1782 1213 1922 1258 dixerat,

1251 1275 1320 1298 cum
1349 1274 1416 1298 ecce
1440 1263 1494 1306 iste
1518 1265 1642 1309 praesto,
1675 1263 1774 1306 Sedes,
1805 1265 1923 1312 inquit,

1250 1311 1384 1348 audax?
1408 1324 1468 1347 non
1485 1324 1549 1348 vox
1565 1325 1636 1348 mea
1651 1313 1710 1348 tibi
1725 1315 1831 1348 vitam
1847 1313 1924 1348 ade·

1250 1362 1309 1395 mit
1323 1361 1343 1395 ,Ρ
1367 1360 1453 1407 exple
1476 1362 1658 1397 inimicitias
1688 1372 1783 1403 meas,
1809 1369 1841 1396 et
1854 1363 1924 1396 ira-

1251 1408 1395 1444 cundiam
1416 1410 1536 1454 satura
1568 1417 1622 1446 tuo
1649 1410 1818 1458 sanguine.
1868 1410 1928 1447 Ille

1251 1470 1321 1493 cum
1348 1470 1462 1505 magno
1479 1459 1611 1504 spiritu,
1643 1459 1838 1502 Metuebam,
1874 1461 1925 1494 in-

1252 1509 1330 1555 quit,
1367 1519 1406 1542 ne
1430 1507 1526 1553 plane
1553 1511 1656 1543 vierus
1682 1507 1776 1556 effem.
1826 1507 1926 1544 Nunc

1252 1555 1341 1592 video
1356 1558 1389 1590 in
1394 1556 1521 1602 judicio
1537 1568 1653 1592 mecum
1671 1555 1850 1592 contendere
1866 1568 1928 1592 non

1253 1607 1319 1648 vis,
1344 1605 1398 1641 ubi
1407 1605 1558 1652 superari
1575 1605 1789 1652 turpiffimum,
1814 1613 1845 1640 et
1866 1606 1927 1651 su-

1247 1664 1364 1701 perare
1384 1655 1628 1700 pulcherrimum
1660 1655 1699 1698 est
1718 1668 1730 1689 .·
1755 1653 1928 1697 interficere

1248 1715 1301 1738 -me
1326 1706 1400 1738 vis:
1427 1703 1551 1738 occidar
1575 1702 1724 1751 equidem,
1741 1702 1799 1749 sed
1821 1705 1926 1739 vitius

1254 1764 1315 1787 non
1333 1753 1454 1798 peribo.
1481 1754 1527 1788 At
1543 1751 1607 1794 ille,
1635 1752 1674 1787 lu
1688 1761 1821 1788 extremo
1845 1754 1926 1788 vita

1255 1810 1391 1848 tempore
1427 1802 1523 1836 etiam
1553 1803 1736 1847 sententiose
1763 1800 1891 1848 loqueris
1905 1802 1925 1835 ,ἓ

1254 1863 1345 1899 neque
1371 1852 1412 1893 ei,
1445 1863 1533 1897 quem
1557 1850 1645 1885 vides
1667 1850 1837 1892 dominari,
1872 1851 1927 1885 vis

1246 1899 1454 1946 ficpplicaro?
1480 1900 1561 1935 Tum
1586 1898 1708 1940 mulier,
1734 1900 1830 1935 Immo
1857 1901 1926 1946 qui-

1255 1948 1322 1984 dem
1338 1949 1393 1994 iste
1420 1956 1524 1996 rogat,
1549 1955 1580 1983 et
1597 1947 1753 1994 supplicat
1768 1961 1779 1981 :
1796 1948 1855 1993 sed
1878 1956 1927 1990 tu,

1256 1998 1366 2045 queso,
1392 2008 1605 2038 commovere·,
1632 2005 1663 2031 et
1688 2005 1738 2038 tu,
1759 2006 1819 2043 per
1844 1996 1927 2038 deos,

1257 2049 1370 2094 inquit,
1395 2046 1475 2083 bunc
1500 2044 1724 2093 examplexare.
1777 2046 1928 2082 Dominus

1257 2097 1321 2143 est,
1347 2097 1428 2131 vicit
1457 2096 1507 2131 bic
1533 2103 1576 2135 te.
1603 2097 1693 2129 vince
1710 2102 1746 2129 tu
1762 2106 1840 2130 nunc
1857 2098 1929 2130 ani-

1257 2156 1349 2180 tuum.
1398 2145 1466 2181 Cur
1481 2156 1540 2180 non
1556 2143 1677 2186 dfinis,
1703 2145 1818 2189 inquit,
1836 2155 1928 2187 uxor,

1257 2194 1351 2242 loqui,
1376 2205 1443 2240 que
1467 2205 1511 2228 me
1532 2194 1626 2240 digna
1645 2203 1704 2226 non
1712 2199 1788 2237 sunt
1803 2196 1819 2227 ,³³
1846 2200 1928 2236 tace,

1256 2251 1300 2284 et,
1340 2254 1407 2290 quae
1451 2241 1591 2277 curanda
1615 2241 1707 2287 sunt,
1746 2253 1821 2275 cura
1837 2255 1848 2276 .·
1892 2250 1929 2278 tu

1257 2291 1343 2339 ceffus
1372 2291 1450 2327 mihi
1474 2292 1590 2331 vitam,
1627 2291 1685 2325 tibi
1711 2301 1828 2325 omnem
1855 2290 1930 2326 bene

1256 2340 1389 2376 vivendi
1410 2340 1510 2387 spem,
1545 2351 1609 2374 mea
1652 2347 1751 2374 morte
1779 2342 1928 2385 eripere?

1258 2390 1314 2434 Iste
1353 2389 1510 2426 muero-
1538 2387 1653 2434 repulit
1682 2388 1724 2422 ab
1746 2387 1782 2433 se
1809 2388 1928 2424 lanen-

1258 2445 1373 2475 tuntem
1388 2451 1400 2474 .·
1438 2438 1499 2480 ilii.
1543 2438 1638 2484 ιιι-μω
1666 2437 1740 2485 quid
1769 2438 1928 2483 incipienti

1258 2489 1370 2532 dicere,
1407 2487 1489 2536 qued
1519 2486 1646 2534 dignum
1672 2485 1816 2523 videlicet
1844 2486 1929 2522 illius
