2241 2994
531 239 614 284 3¹2

531 325 631 374 apud
647 324 850 360 Ciceronem
881 323 916 359 in
947 323 1056 359 hortis
1081 323 1204 360 Cram-

533 375 631 460 ssedis
647 373 776 422 generi,
801 373 882 420 epist.
911 385 945 421 9.
972 373 1028 408 lib.
1056 373 1085 409 1.
1112 375 1204 409 Fam.

567 422 811 458 roficiscentem
831 421 956 457 Ateius
979 422 1106 469 Capito
1123 423 1205 457 Tri-

535 470 654 507 bunus
671 471 720 520 pl.
735 471 817 506 diris
836 481 919 506 cum
935 469 1112 507 ominibus
1131 471 1208 506 reti-

535 533 614 557 nere
632 529 777 556 conatus
806 519 878 561 est·,
907 519 963 555 ille
994 531 1092 562 vero,
1119 521 1208 555 dira-

537 582 615 606 rum
656 569 926 605 obnunciatione
967 569 1133 616 negle&a‚
1174 569 1208 603 in

537 619 671 667 Syriam
702 617 893 659 contendit,
922 626 1029 664 atque
1055 616 1207 652 exercitu

535 668 650 703 deleto
668 677 759 702 trans
777 667 993 714 Euphratem
1011 678 1092 700 curn
1112 666 1209 712 igno-

536 717 643 752 minia
657 725 692 751 et
708 715 874 751 dedecore
895 714 1008 762 periit,
1033 715 1139 750 Cicero
1155 714 1208 749 lib.

535 766 565 804 I.
592 774 663 812 cap.
687 765 740 800 16.
768 771 797 799 et
817 764 860 799 11.
888 771 953 809 cap.
988 775 1022 809 9.
1053 763 1091 797 de
1108 764 1209 798 Divi·

536 822 607 851 nat.
657 813 868 854 Plutarchus,
910 812 1088 857 Appianas,
1130 813 1208 854 Dio,

537 863 680 906 Velleius,
706 862 761 897 lib.
795 862 844 897 11.
871 869 939 907 cap.
972 860 1032 903 46.
1071 871 1106 896 et.
1138 861 1206 896 alii.

536 913 662 948 Cicero
677 911 780 946 etiam
799 911 865 946 hoc
895 920 1050 956 tempore
1079 909 1209 958 scripfit

537 969 605 997 tres
635 961 742 997 libros
771 959 808 995 de
836 960 984 999 Oratore,
1011 958 1054 993 de
1079 959 1209 1006 quibus

538 1011 583 1046 fic
610 1011 656 1045 ad
669 1010 742 1045 Att.
769 1008 865 1056 epist.
899 1019 953 1043 12.
981 1007 1019 1053 [l.
1045 1009 1118 1054 ¹3·]
1146 1007 1207 1042 lib.

538 1059 602 1095 IV.
654 1060 706 1095 De
726 1057 816 1092 libris
832 1058 979 1091 oratoriis
987 1055 1115 1101 fabium
1133 1057 1172 1101 est
1189 1067 1210 1090 a

537 1119 586 1143 me
600 1107 767 1153 diligenter
783 1120 792 1141 z
818 1105 873 1140 diu
885 1105 1078 1152 ,multumque
1092 1106 1127 1139 in
1144 1116 1210 1139 ma-

536 1157 628 1192 nibus
646 1156 795 1202 fuerunt,
818 1154 969 1201 describas
997 1153 1076 1189 licet.
1121 1153 1212 1188 Vide

536 1217 682 1254 quoque
698 1204 914 1253 prooemium
931 1202 986 1238 lib.
1002 1203 1046 1238 11.
1064 1202 1100 1238 de
1113 1203 1210 1238 Orat.

539 1397 652 1437 Anno
670 1393 781 1434 Urbis
804 1393 899 1446 699.
941 1392 1122 1431 Ciceronis
1142 1405 1208 1446 53.

685 1464 878 1504 Consules
907 1463 1071 1503 fuerunt

558 1527 610 1568 L.
632 1527 882 1567 Domrrrus
909 1527 1192 1564 AuENoBAR-

636 1601 734 1634 sus,
766 1589 847 1626 ΑΡ.
871 1587 1120 1626 CLAumus

758 1648 997 1688 Purcnzn.

590 1747 688 1783 Cum
727 1746 865 1783 Crassus
894 1745 961 1780 hoc
996 1754 1150 1792 ternpore
1180 1743 1215 1779 in

542 1797 677 1845 Syriam
706 1795 768 1832 iter
797 1795 948 1837 haberet,
987 1794 1112 1830 Cicero
1141 1791 1215 1840 ejus

541 1845 689 1881 absentis
706 1844 842 1880 causam
861 1844 895 1879 in
913 1843 1028 1879 senatu
1047 1841 1214 1885 defendit,

541 1904 577 1930 et
599 1906 682 1930 cum
707 1893 908 1930 consulibus
937 1902 1043 1940 atque
1059 1891 1215 1926 consula-

542 1943 641 1980 ribus
666 1953 792 1991 magna
816 1941 1036 1977 contentione
1064 1940 1214 1975 decerta·

541 1993 608 2035 vit,
645 2001 685 2027 ut
712 1991 828 2027 scribit
856 1990 925 2038 ipse
951 1990 994 2024 ad
1025 1989 1216 2025 Lentulum

541 2041 627 2089 epzst.
647 2053 681 2088 9.
707 2041 760 2076 lib.
780 2039 807 2075 1.
833 2048 868 2074 et
895 2039 940 2074 ad
956 2038 1113 2074 Crassum
1133 2038 1214 2084 epist.

544 2093 577 2127 8.
603 2089 659 2127 laeb.
679 2090 722 2125 V.
749 2088 868 2125 Famil.
921 2089 1018 2135 Quae
1037 2086 1135 2122 initio
1153 2087 1216 2122 hu-

537 2139 599 2188 jus
616 2138 694 2174 anni
714 2137 825 2173 mense
843 2136 1032 2173 Februario
1049 2136 1083 2171 in
1102 2135 1216 2171 senatu

543 2189 620 2225 acta
648 2187 739 2230 sunt,
763 2186 886 2222 Cicero
903 2186 946 2221 ad
964 2186 1119 2221 Fratrem
1139 2185 1216 2220 scri-

544 2239 597 2274 bit
620 2237 675 2273 Iib.
703 2237 747 2273 ΙΙ.
774 2237 858 2283 epist.
882 2246 937 2271 ιι.
964 2242 994 2270 et
1031 2245 1083 2269 12.
1113 2243 1152 2269 ut
1183 2233 1217 2269 in

544 2287 642 2324 libris
661 2284 877 2322 Manutianis
893 2283 1165 2332 distinguuntur.

596 2335 698 2373 Mifit
712 2334 835 2371 deinde
855 2333 889 2369 in
906 2333 1058 2370 Galliam
1076 2332 1119 2367 ad
1137 2333 1216 2367 Cae-

547 2387 651 2426 sarem
671 2397 735 2433 pro
756 2383 823 2419 cos.
841 2383 885 2419 C.
906 2381 1114 2419 Trebatium
1133 2380 1218 2416 Tes-

547 2446 618 2473 tarn
651 2432 941 2481 jurisconsultum
979 2442 1061 2467 cum
1099 2429 1216 2472 literis,

547 2485 678 2536 quibus
693 2493 774 2519 eum
790 2481 1026 2520 studiosissime
1042 2490 1217 2517 commen-

853 228 920 269 M.
979 228 1037 268 Τ.
1094 228 1626 269 CICERONIS

1254 325 1326 368 dat,
1353 325 1434 372 epist.
1455 337 1487 370 5.
1515 324 1567 359 lib.
1584 323 1665 360 VII.
1686 324 1800 360 Famil.
1827 324 1928 361 Tum

1255 374 1358 409 etiam
1389 375 1443 420 Q
1465 374 1610 408 Tullius
1645 374 1768 408 Cicero
1795 374 1929 421 legatus

1256 423 1380 458 Caesari
1420 423 1453 457 in
1485 423 1636 458 Galliam
1665 422 1841 469 profefilus
1866 423 1928 466 est,

1258 472 1301 506 de
1318 485 1391 519 quo
1408 471 1524 506 Caesar
1540 472 1592 506 lib.
1610 473 1653 505 V.
1673 472 1840 507 Comment.
1860 482 1928 518 cap.

1260 532 1318 564 24.
1360 521 1414 555 Μ.
1446 520 1570 555 Cicero
1601 520 1682 555 item
1708 521 1824 555 Roma
1848 532 1928 568 pro-

1258 567 1382 610 fectus,
1422 569 1492 603 ruri
1529 569 1660 616 scripsit
1689 570 1730 603 ad
1765 570 1930 604 Atticum

1258 618 1343 662 epist.
1373 629 1425 662 ¹3-
1451 617 1505 651 lib.
1526 618 1587 652 IV.
1641 617 1722 652 Fuit
1749 629 1862 652 autem
1894 617 1930 653 in

1259 667 1421 700 Cumano
1447 675 1482 700 et
1508 665 1744 714 Pompeiano:
1773 677 1877 713 atque
1895 666 1931 702 in

1260 715 1422 750 Cumano
1448 714 1593 750 instituit
1622 714 1764 750 scribere
1787 714 1932 758 Πολι-ιπερὶ,

1259 764 1302 798 de
1320 763 1456 811 optimo
1473 763 1560 798 statu
1579 763 1729 799 civitatis
1755 774 1790 799 et
1806 765 1850 799 de
1865 775 1932 812 op-

1261 813 1347 847 timo
1376 812 1464 854 cive,
1490 812 1575 858 epist.
1607 824 1661 858 ¹3-
1689 812 1743 848 lib.
1772 813 1818 848 ΙΙ.
1845 821 1876 848 et
1895 823 1929 857 5.

1257 861 1311 896 lib.
1331 861 1394 896 ΙΙΙ.
1412 861 1458 895 ad
1480 862 1595 898 Fratr.
1621 871 1657 897 et
1683 863 1768 908 epist.
1792 874 1847 908 ¹3-
1875 861 1930 898 lib.

1259 910 1321 946 IV.
1339 909 1384 944 ad
1399 911 1470 945 Att.

1310 959 1373 994 IV.
1400 959 1493 994 Non.
1514 958 1611 1004 Junii
1636 959 1760 994 Cicero
1779 960 1931 994 Romam

1261 1007 1372 1050 rediit,
1397 1007 1481 1053 φξβ.
1506 1019 1560 1050 14.
1588 1006 1641 1042 lib.
1672 1007 1720 1043 11.
1746 1007 1792 1042 ad
1814 1009 1932 1044 Fratr.

1260 1056 1323 1091 1V.
1340 1056 1436 1091 Non.
1450 1055 1604 1102 Qintil.
1618 1055 1776 1091 Suffenas
1791 1065 1826 1091 et
1843 1057 1935 1092 Cato

1262 1103 1409 1139 absoluti
1424 1104 1512 1146 sunt,
1539 1105 1622 1151 epist.
1648 1117 1701 1149 ¹4·
1724 1104 1764 1150 [l.
1783 1106 1857 1151 ¹5·]
1876 1105 1932 1141 lib.

1262 1154 1326 1189 IV.
1344 1153 1390 1187 ad
1406 1154 1478 1189 Aet.
1504 1153 1547 1189 de
1563 1154 1606 1188 C.
1625 1154 1758 1189 Catone
1775 1153 1935 1190 absoluto

1261 1202 1409 1249 Asconius
1419 1211 1483 1248 pro
1499 1204 1626 1238 Scauro.
1646 1203 1717 1238 His
1731 1203 1832 1238 rebus
1850 1203 1934 1239 affls

1259 1251 1384 1286 Cicero
1402 1263 1422 1286 a
1439 1251 1595 1287 Reatinis
1612 1251 1647 1287 in
1663 1264 1784 1287 eorum
1810 1264 1934 1301 agrum

1259 1301 1419 1344 eduetus,
1437 1301 1532 1349 apud
1550 1301 1623 1348 Ap.
1642 1301 1833 1336 Claudium
1851 1313 1933 1337 con-

1261 1349 1368 1385 sulem
1394 1359 1428 1385 et
1457 1350 1576 1385 decem
1606 1350 1736 1398 legatos
1767 1351 1933 1386 Reatino-

1262 1410 1339 1434 rum
1369 1398 1504 1434 causam
1538 1408 1659 1434 contra
1688 1400 1934 1435 Interamnates

1259 1447 1344 1495 egit,
1355 1449 1438 1495 epist.
1451 1459 1463 1483 1
1472 1461 1505 1491 4.
1521 1448 1560 1493 [l.
1577 1451 1650 1494 15.]
1665 1448 1721 1484 lib.
1734 1449 1794 1483 IV.
1807 1447 1932 1484 adAtt.

1262 1498 1369 1532 Varro
1385 1497 1422 1532 de
1439 1498 1492 1532 Re
1512 1497 1601 1542 Rust.
1629 1497 1686 1532 lib.
1714 1497 1780 1532 Ill.
1807 1505 1878 1543 cap.
1900 1509 1935 1532 2.

1261 1545 1342 1582 VII.
1375 1545 1428 1581 Id.
1460 1547 1610 1581 Romam
1643 1545 1752 1581 rediit.
1809 1545 1937 1594 quue

1263 1604 1419 1643 tempore
1446 1594 1477 1630 se
1506 1606 1525 1629 a
1542 1594 1650 1630 causis
1666 1604 1701 1630 et
1711 1593 1854 1642 judiciis
1871 1593 1936 1630 dis-

1264 1643 1494 1679 trifflffimum
1512 1642 1611 1679 fuisse
1629 1643 1675 1679 ait
1692 1644 1776 1689 epist.
1802 1655 1857 1690 15.
1880 1643 1935 1679 lib.

1264 1693 1310 1728 11.
1338 1693 1383 1727 ad
1396 1694 1510 1728 Fratr.
1564 1691 1730 1728 Defendit
1749 1702 1824 1727 tum
1844 1692 1937 1728 Mes·

1265 1742 1366 1785 fium,
1405 1742 1486 1777 item
1521 1741 1689 1783 Drusum,
1728 1740 1770 1776 de
1805 1741 1937 1789 quibus

1264 1792 1345 1837 epist.
1364 1803 1418 1835 ¹4·
1439 1791 1478 1838 [I.
1496 1790 1568 1837 15.]
1586 1789 1640 1825 lib.
1654 1791 1716 1826 IV.
1733 1789 1859 1826 adAtt.
1873 1791 1936 1826 ubi

1266 1840 1332 1875 hoc
1359 1851 1502 1888 quoque
1532 1838 1659 1882 scribit,
1685 1838 1716 1875 se
1744 1851 1787 1874 ex
1807 1839 1937 1888 Qrinti

1265 1888 1379 1924 fratris
1410 1889 1514 1925 literis
1545 1888 1717 1936 suspicari,
1748 1886 1822 1935 jam
1854 1900 1936 1924 eum

1265 1939 1329 1974 effe
1349 1939 1382 1973 in
1402 1938 1584 1974 Britannia.

1317 1988 1384 2022 Illo
1426 1997 1581 2035 tempore
1630 1985 1672 2021 ad
1727 1986 1937 2022 Trebatium

1266 2035 1396 2084 scripsit
1423 2036 1507 2082 epist.
1529 2036 1562 2071 6.
1584 2047 1614 2082 7.
1637 2037 1667 2069 8.
1687 2046 1722 2082 9.
1747 2042 1777 2070 et
1802 2047 1855 2072 ιο.
1881 2036 1937 2072 lib.

1267 2085 1348 2121 vll.
1376 2086 1494 2120 Famit.
1546 2084 1602 2120 Ex
1629 2083 1803 2119 Britannia
1821 2085 1938 2132 Quin-

1268 2143 1324 2170 tus
1341 2134 1384 2169 ad
1403 2134 1567 2169 Marcum
1596 2133 1706 2168 literas
1729 2133 1831 2176 misn,
1857 2134 1938 2182 qui·

1269 2183 1334 2219 bus
1365 2183 1422 2219 ille
1461 2181 1571 2219 mense
1606 2181 1725 2217 Sextili
1765 2183 1939 2231 respondit

1266 2233 1386 2268 eodem
1417 2231 1484 2274 die,
1510 2244 1583 2280 qno
1613 2232 1650 2266 P.
1670 2231 1849 2267 Vatinium
1879 2232 1936 2268 de-

1267 2281 1388 2324 fendit,
1414 2282 1495 2328 epist.
1526 2282 1583 2316 ult.
1609 2281 1664 2315 lib.
1692 2281 1735 2316 ll.
1763 2280 1807 2315 ad
1823 2282 1936 2317 fraer.

1269 2331 1324 2366 De
1343 2330 1481 2366 Vatinio
1507 2330 1539 2365 in
1571 2330 1716 2377 gratiam
1745 2340 1882 2378 recepto
1903 2340 1939 2366 et

1267 2378 1405 2417 defenso
1436 2378 1551 2415 scribit
1581 2379 1724 2427 epistola
1757 2379 1860 2427 longa
1895 2379 1938 2414 ad

1268 2429 1472 2465 Lentulum.
1526 2429 1595 2464 Pro
1630 2427 1770 2464 Vatinio
1801 2428 1939 2464 Cicero-

1268 2490 1346 2514 nem
1358 2478 1489 2521 dixifl‘e,
1504 2477 1717 2514 L.Domitio
1731 2477 1941 2525 Ap.clodio
