2335 3009
629 245 728 284 AD
787 241 1304 283 HERENNIUM
1361 245 1495 285 LIB.
1547 247 1602 285 ΙΙ.

406 341 536 382 sumus,
562 340 766 388 aperiemus.
804 339 840 375 Si
859 351 921 374 nos
939 338 1078 386 semper,

406 400 466 425 aut
490 389 564 431 diu,
600 389 634 424 in
669 389 766 423 malis
798 387 897 422 fuiss'e
925 387 1079 422 ostende-

405 450 495 473 mus.
543 437 578 472 Si
600 437 754 472 nostrum
772 435 885 471 fatum
915 447 975 471 aut
1007 435 1078 471 for-

405 495 526 521 tunam
558 497 821 532 conqueremur.
857 485 892 520 Si
923 485 1076 520 animum

406 534 560 569 nostrum
613 532 751 575 fortem,
799 533 985 581 patientem
1025 533 1077 568 in-

405 583 693 624 commodorum,
727 582 943 617 ostendemus
978 581 1075 616 futu-

405 642 495 666 rum.
550 631 889 666 Commiserationern
936 630 1076 665 brevem

403 679 468 714 esse
497 688 645 726 oportet.
696 679 795 715 Nihil
820 682 900 714 enim
939 678 1076 724 lacryma

403 730 495 763 citius
514 729 633 772 arescit.
689 728 775 763 Fere
817 727 912 762 locos
953 727 1078 763 obscu-

404 775 548 812 riffimos
573 775 679 811 totius
697 775 830 811 artificii
854 775 1078 811 traetavimus

407 825 441 859 in
460 825 525 859 hoc
544 824 644 859 libro.
672 825 899 872 Qlapropter
916 824 998 859 huic
1016 836 1077 859 vo-

406 873 530 910 lumini
562 872 686 908 modus
721 873 776 908 hic
817 874 866 908 fit.
910 872 1078 920 Reliquas

406 921 666 971 praeceptiones,
692 922 808 969 quoad
829 921 1017 963 videbitur,
1044 921 1079 956 in

405 971 547 1008 tertium
563 970 691 1006 librum
705 970 956 1007 transferemus.
985 970 1079 1006 Haec

497 2428 630 2468 Tou.
661 2425 735 2466 IX.

1735 261 1811 302 177

1130 337 1170 379 fi,
1197 347 1237 373 ut
1259 339 1449 386 conquifite
1466 339 1738 387 conscripsimus,
1759 342 1804 376 ita

1128 396 1170 421 tu
1200 387 1381 434 diligenter
1401 387 1506 423 fueris
1529 390 1742 431 consecutus,
1767 399 1803 424 et

1129 447 1190 470 nos
1206 435 1378 471 industriae
1391 435 1526 471 fruc‘lus
1540 449 1583 471 ex
1597 448 1655 471 tua
1665 438 1801 473 scientia

1127 483 1315 531 capiemus,
1341 494 1375 519 et
1393 495 1466 519 tute
1490 485 1637 520 nostram
1654 486 1800 533 diligen-

1125 532 1209 567 tiam
1232 532 1402 573 laudabis,
1429 543 1558 580 tuaque
1582 536 1801 581 perceptione

1126 580 1308 615 laetabere:
1336 591 1374 615 tu
1389 581 1544 616 scientior
1561 582 1624 615 eris
1643 595 1798 630 praecep-

1126 638 1242 664 torum
1273 629 1431 671 artificio,
1459 642 1520 664 nos
1550 630 1726 665 alacriores
1757 632 1801 665 ad

1127 678 1301 725 reliquum
1334 678 1609 725 persolvendum.
1671 678 1799 714 Verum

1126 725 1201 761 haec
1218 726 1339 761 futura
1355 726 1432 761 satis
1449 727 1539 761 scio:
1569 737 1601 761 te
1620 727 1711 761 enim
1730 740 1800 762 non

1127 773 1261 821 ignoro.
1306 776 1384 810 Nos
1415 775 1575 822 deinceps
1605 775 1648 809 ad
1677 785 1800 810 caetera

1128 833 1304 871 praecepta
1320 822 1538 866 transeamus,
1565 833 1618 865 ut,
1644 823 1741 870 quod
1760 824 1800 858 li-

1130 871 1318 907 bentisfime
1343 870 1503 914 facimus,
1530 882 1602 907 tuae
1627 872 1801 908 voluntati

1129 920 1305 957 rectiffime
1321 932 1452 957 morem
1469 931 1639 969 geramus.
