2335 3009
569 270 649 312 ²30

569 355 726 393 homines
768 354 916 391 maxime
947 355 992 390 ad
1034 355 1237 391 benevolen-

571 406 667 447 tiam,
709 415 815 452 atque
846 405 890 439 ad
924 404 1000 440 haec
1030 403 1238 451 suffragandi

571 454 682 489 studia
715 454 904 497 ducuntur,
948 453 1126 495 beneficio,
1168 452 1236 500 spe,

571 501 792 549 adjunctione
812 502 931 544 animi,
955 501 1012 536 vel
1034 501 1236 543 voluntate;

570 551 911 586 animadvertendum
928 550 989 592 est,
1013 549 1237 597 quemadmo-

570 599 658 635 dum
684 600 812 647 cuique
838 599 962 634 horum
983 599 1098 645 generi
1121 599 1160 633 sit
1185 598 1235 632 in-

570 648 797 684 serviendum.
816 647 977 683 Minimis
989 647 1161 682 beneficiis
1176 647 1235 681 ho-

572 697 680 733 mines
703 697 936 738 adducuntur,
963 707 1002 731 ut
1027 695 1103 730 satis
1127 694 1237 730 causae

571 755 696 800 putent
713 746 777 780 effe
794 746 836 780 ad
855 746 1007 780 studium
1024 743 1237 790 suffragatio-

573 807 649 830 ms:
669 795 818 829 nedum
810 794 846 837 ii,
874 793 1004 840 quibus
1014 793 1112 828 saluti
1131 792 1236 833 fuisti,

572 855 663 890 quos
681 853 718 877 tu
737 842 839 877 habes
857 842 1038 890 plurimos,
1054 853 1122 876 non
1137 841 1234 876 intel-

573 892 693 938 ligant,
710 892 732 927 fi
748 891 812 926 hoc
827 902 890 927 tuo
907 900 1062 938 tempore
1078 889 1143 924 tibi
1167 901 1236 924 non

573 939 806 982 satisfecerint,
848 940 879 975 ie
911 941 1077 988 probatos
1112 938 1238 973 nemini

573 1001 729 1036 unquam
754 988 838 1024 fore.
882 988 993 1035 Quod
1009 999 1092 1022 cum
1113 987 1161 1025 ita
1185 987 1237 1029 fit,

574 1046 687 1073 tamen
713 1037 855 1085 rogandi
879 1037 980 1077 sunt;
1005 1047 1110 1083 atque
1135 1036 1238 1070 etiarn

574 1085 609 1121 in
633 1087 720 1121 hanc
737 1086 936 1133 opinionem
954 1085 1160 1126 adducendi,
1187 1095 1239 1125 ut,

573 1135 636 1189 qui
661 1135 760 1170 nobis
789 1134 902 1169 adhuc
928 1133 1072 1180 obligati
1099 1132 1239 1175 fuerint,

574 1183 614 1219 iis
632 1183 774 1218 viciffim
789 1194 850 1218 nos
861 1182 974 1217 adhuc
989 1181 1135 1228 obligari
1148 1181 1240 1228 poffe

574 1231 767 1267 videamur.
809 1231 886 1278 Qi
908 1240 1023 1265 autem
1046 1230 1102 1277 spe
1125 1240 1239 1264 tenen-

572 1289 644 1323 tur,
669 1280 768 1328 quod
784 1292 893 1327 genus
919 1279 1100 1314 hominum
1128 1279 1241 1314 multo

572 1329 622 1365 est
654 1329 854 1376 diligentius
887 1338 992 1376 atque
1024 1327 1240 1369 officiofius·,

574 1377 628 1420 iis,
644 1375 714 1420 fac,
735 1387 776 1412 ut
793 1388 904 1425 propo
907 1377 1008 1412 situm
1026 1387 1064 1411 ac
1083 1386 1241 1423 paratum

573 1426 744 1463 auxilium
760 1435 864 1461 tuum
888 1425 952 1460 effe
967 1425 1147 1460 videatur:
1180 1425 1238 1459 de·

574 1475 693 1522 nique,
720 1484 760 1510 ut
788 1474 1008 1522 spectatorem
1038 1484 1072 1509 te
1101 1473 1240 1508 suorum

573 1524 770 1560 officiorum
794 1523 858 1558 effe
883 1523 1075 1570 intelligant
1097 1522 1242 1570 diligen-

572 1583 671 1615 tem,
660 1590 667 1597 ·
694 1583 733 1608 ut
751 1572 865 1607 videre
882 1583 915 1606 te
933 1572 1033 1619 plane
1049 1581 1154 1618 atque
1171 1573 1242 1606 ani-

573 1622 798 1664 madvertere,
825 1630 996 1668 quantum
1014 1620 1071 1654 ab
1081 1632 1241 1667 unoquo-

574 1682 645 1718 que
661 1649 910 1718 proficii'catur‚
940 1678 1113 1717 appareat.
1152 1669 1242 1703 'ler-

574 1721 664 1755 tium
702 1719 790 1754 illud
825 1729 937 1767 genus
965 1717 1014 1753 est
1048 1717 1243 1752 studiorum

572 1767 824 1810 voluntarium,
842 1766 940 1815 quod
953 1766 1095 1814 agendis
1112 1766 1242 1814 gratiis,

574 1816 877 1853 accommodandis
897 1814 1107 1851 strmonibus
1128 1816 1171 1850 ad
1189 1827 1244 1850 eas

575 1866 744 1907 rationes,
792 1874 934 1920 propter
973 1876 1062 1912 quas
1099 1863 1245 1912 quilque

576 1914 744 1951 studiosus
770 1915 838 1949 effe
859 1913 911 1949 tui
928 1913 1117 1956 videbitur,
1143 1913 1244 1960 figni-

575 1963 712 1999 ficanda
736 1973 817 2010 erga
844 1962 922 1998 illos
952 1962 1024 2016 pari
1051 1962 1245 2004 voluntate,

575 2011 780 2048 adducenda
805 2011 954 2046 amicitia
972 2023 1004 2046 m
1026 2010 1120 2058 spem
1145 2010 1245 2046 fami-

578 2060 732 2097 liaritatis
761 2070 795 2095 et
823 2059 1091 2102 consuetudinis,
1119 2059 1243 2096 confir-

576 2109 663 2145 mari
680 2109 867 2157 oportebit.
918 2107 1071 2162 Atque
1062 2120 1096 2143 m
1114 2108 1154 2144 iis
1171 2120 1246 2143 om

576 2158 682 2196 nibus
711 2157 894 2206 generibus
917 2155 1076 2205 judicato
1105 2167 1140 2192 et
1168 2169 1245 2204 per-

576 2207 734 2298 ¹55⁰&ss
752 2205 1102 2310 amffiss.
1118 2207 1247 2302 53:332

576 2305 751 2347 inservias,
774 2314 809 2340 et
825 2303 912 2352 quid
930 2314 949 2338 a
962 2315 1108 2359 quoque
1124 2315 1246 2358 expec-

577 2364 629 2391 oes
646 2365 685 2389 ac
714 2353 877 2408 postules.
929 2353 1020 2389 Sunt
1046 2352 1138 2389 enim
1165 2352 1246 2400 qui-

577 2404 660 2439 dam
687 2401 868 2439 homines
858 2414 894 2438 m
914 2401 979 2438 suit
996 2401 1197 2437 civitatibun
1213 2411 1248 2437 et

579 2451 779 2500 municipiis
809 2450 971 2499 gratiosi}
998 2450 1077 2486 sunt
1103 2451 1248 2499 diligen-

578 2510 631 2540 te:
659 2511 694 2538 et
722 2500 878 2550 copiofi3
903 2500 966 2549 qui
985 2500 1046 2537 etsi
1063 2510 1162 2536 antea
1180 2512 1248 2537 non

906 257 1014 297 DE
1072 257 1618 299 PETITIONE

1286 355 1493 391 studuerunt
1515 356 1595 392 huic
1612 357 1756 405 gratiae3
1783 365 1897 394 tamen
1912 369 1957 394 ex

1287 414 1440 452 tempore
1463 406 1637 440 elaborare
1664 405 1737 453 ejus
1760 407 1872 449 causa,
1897 407 1955 442 cui

1285 454 1413 488 debent
1439 464 1498 488 aut
1517 455 1652 496 volunt,
1678 454 1729 489 fa<
1737 455 1778 489 ile
1805 455 1955 502 possunt.

1289 502 1358 536 His
1386 501 1565 537 hominum
1589 503 1770 549 generibus
1790 504 1833 538 sic
1858 504 1956 539 inser-

1286 549 1450 584 viendum
1468 551 1528 592 est,
1555 561 1594 586 ut
1589 533 1671 598 ζῒίρῦ
1694 552 1896 599 intelligant,
1923 562 1956 587 te

1287 598 1413 639 videre,
1439 599 1525 644 quid
1556 611 1575 633 a
1601 612 1744 654 quoque
1771 601 1953 646 ςκρεᾶςςς

1287 646 1417 689 sentire,
1448 647 1535 694 quid
1554 649 1723 695 accipias,
1756 649 1956 691 meminiffe,

1288 695 1374 749 quid
1405 696 1584 743 acceperis.
1629 698 1718 732 Sunt
1745 708 1859 732 autem
1885 697 1954 740 alii,

1287 756 1348 791 qui
1383 754 1443 779 aut
1472 745 1555 779 nihil
1587 746 1738 792 possunt,
1781 756 1841 781 aut
1873 746 1956 782 odio

1288 792 1364 828 sunt
1380 792 1482 828 etiam
1501 793 1688 830 tribulibus
1706 795 1797 835 suis,
1787 811 1794 818 ·
1817 806 1878 829 nec
1897 794 1954 829 ha-

1288 841 1368 877 bent
1394 851 1528 877 tantum
1555 843 1658 877 animi
1683 853 1743 879 aut
1767 842 1954 886 facultatis,

1287 899 1327 924 ut
1353 889 1526 925 enitantur
1550 903 1593 926 ex
1619 900 1796 940 tempore:
1825 892 1887 927 hos
1915 902 1955 927 ut

1288 938 1504 982 internoscas,
1546 939 1690 982 videto;
1735 952 1787 982 ne,
1830 940 1955 988 spein

1288 987 1406 1034 aliquo
1429 987 1556 1034 majore
1575 989 1696 1035 posita,
1722 989 1871 1037 praefidii
1892 1001 1955 1038 pa·

1288 1048 1365 1071 rum
1383 1047 1612 1083 comparetur.

1339 1085 1417 1119 v.11
1457 1085 1506 1119 Et
1545 1097 1639 1140 quan
1667 1097 1747 1120 uam
1781 1085 1887 1133 partis
1922 1096 1957 1122 et

1289 1131 1444 1167 fundatis
1462 1133 1620 1169 amicitiis
1640 1098 1768 1169 pretum
1787 1146 1825 1170 ac
1844 1135 1957 1170 muni·

1291 1190 1365 1216 tum
1395 1182 1460 1216 effe
1490 1191 1652 1238 oportet3
1679 1193 1791 1219 tamen
1822 1185 1857 1219 in
1888 1183 1958 1232 ipsa

1290 1229 1455 1278 petitione
1493 1230 1654 1266 amicitiae
1692 1233 1876 1280 permultae
1917 1245 1956 1268 ac

1291 1279 1453 1326 perutiles
1495 1290 1750 1327 comparantur.
1795 1283 1888 1317 Nam
1923 1281 1957 1317 in

1291 1328 1423 1364 caeteris
1458 1328 1619 1364 molestiis
1653 1329 1756 1365 habet
1799 1329 1864 1365 hoc
1907 1341 1956 1365 ta-

1292 1388 1370 1411 men
1411 1377 1532 1424 petitio
1561 1378 1750 1421 commodi,
1789 1388 1830 1413 ut
1855 1381 1958 1427 poffis

1291 1424 1439 1468 honeste,
1466 1426 1590 1473 quod'
1581 1439 1615 1461 ιιι
1639 1437 1764 1462 caetera
1789 1428 1862 1462 vita
1888 1440 1958 1463 non

1289 1486 1409 1521 queas,
1447 1474 1674 1530 quotcunque
1708 1476 1805 1518 velis,
1837 1475 1958 1524 adjun-

1292 1534 1371 1570 gere
1411 1523 1454 1558 ad
1495 1523 1704 1559 amicitiam:
1748 1503 1958 1571 qi’ibuscum

1294 1572 1316 1606 fi
1345 1571 1414 1607 alio
1442 1582 1598 1619 tempore
1625 1585 1717 1620 agas,
1744 1584 1783 1608 ut
1800 1583 1834 1608 te
1859 1584 1958 1610 utan-

1293 1620 1656 1663 tur,ab1urdefacere
1675 1623 1830 1664 videar¹e3
1850 1623 1883 1657 in
1900 1635 1959 1671 pe-

1292 1669 1413 1704 titione
1430 1679 1544 1704 autem
1563 1670 1623 1705 nisi
1654 1670 1688 1705 id
1714 1682 1794 1718 agas
1817 1681 1853 1706 et
1877 1684 1960 1708 cum

1292 1718 1414 1754 multis
1429 1729 1463 1753 et
1479 1719 1673 1766 diligenter,
1700 1720 1816 1755 nullus
1834 1721 1962 1767 petitor

1290 1767 1356 1803 effe
1373 1767 1518 1802 videare.
1543 1749 1658 1822 ιἘςο
1678 1778 1793 1803 autem
1812 1768 1875 1803 tibi
1894 1769 1960 1806 hoc

1292 1816 1475 1859 confirmo,
1486 1817 1554 1852 effe
1571 1829 1753 1859 neminem,
1766 1817 1825 1852 nifi
1844 1817 1961 1866 aliqua

1295 1843 1535 1901 neceffitutline
1561 1866 1831 1919 competitorum
1856 1867 1961 1902 alicui

1293 1924 1436 1950 tuorum
1466 1913 1506 1949 sit
1531 1913 1728 1961 adjunctus,
1754 1926 1773 1949 a
1800 1927 1874 1962 quo
1892 1928 1960 1951 non

1292 1962 1407 2004 facile,
1446 1963 1470 1998 si
1510 1963 1738 2005 contenderis,
1781 1963 1962 2012 impetrare

1294 2013 1411 2060 pollis,
1436 2021 1476 2047 ut
1500 2012 1562 2047 suo
1589 2011 1755 2047 beneficio
1772 2024 1963 2060 promerea-

1295 2071 1365 2102 tur,
1391 2060 1422 2095 se
1439 2070 1478 2096 ut
1495 2072 1600 2103 ames,
1626 2070 1660 2095 et
1678 2060 1738 2096 fibi
1758 2072 1797 2096 ut
1814 2062 1960 2098 debeas.

1295 2110 1402 2145 modo
1421 2119 1459 2145 ut
1478 2109 1657 2157 intelligat,
1684 2119 1716 2144 te
1739 2111 1854 2158 magni
1873 2111 1961 2147 :esti-

1297 2170 1401 2200 mare,
1439 2170 1480 2193 ex
1518 2158 1635 2193 animo
1672 2170 1781 2204 agere
1819 2159 1904 2195 bene
1932 2160 1964 2196 le

1295 2218 1432 2255 ponere,
1457 2205 1532 2242 fore
1555 2219 1597 2242 ex
1620 2219 1662 2242 eo
1687 2220 1755 2243 non
1775 2209 1913 2243 brevem
1930 2220 1964 2245 et

1294 2255 1580 2311 iuffragatoriam3
1608 2256 1660 2291 sed
1687 2256 1820 2292 firmam
1837 2267 1872 2292 et
1889 2271 1964 2306 per-

1295 2314 1436 2352 petuam
1478 2304 1674 2341 amicitiam.
1727 2307 1843 2341 Nemo
1882 2307 1965 2350 erit,

1296 2353 1510 2396 mihicrede,
1539 2354 1571 2389 in
1598 2366 1671 2409 quo
1701 2355 1806 2391 modo
1833 2355 1964 2403 aliquid

1296 2402 1434 2438 virtutis
1462 2402 1513 2444 sit,
1547 2403 1609 2450 qui
1640 2403 1706 2439 hoc
1732 2413 1870 2452 tempus
1901 2404 1963 2440 fibi

1295 2452 1454 2487 obianum
1496 2451 1658 2487 amicitie
1687 2462 1803 2488 tecum
1838 2452 1963 2489 consti-

1298 2502 1437 2539 tuendae
1474 2501 1738 2549 praetermittun
1776 2501 1964 2551 praesertim
