2335 3009
547 228 601 266 40
899 208 1586 251 EPISTOLARUM

550 316 717 355 senatus.
760 311 955 352 Consules
988 323 1066 348 non
1102 308 1191 347 sunt
1221 308 1411 360 persecuti
1445 321 1582 346 eorum
1611 305 1834 351 sententias,
1865 305 1936 358 qui

552 381 719 422 Afranio
738 391 830 417 cum
851 376 970 414 effent
998 373 1144 418 assenfi,
1176 373 1423 418 addiderunt,
1455 382 1499 410 ut
1531 381 1711 424 praetores
1743 373 1797 409 ita
1826 383 1935 409 crea-

552 456 700 490 rentur,
731 453 776 481 ut
795 442 876 480 dies
900 454 955 479 Lx
978 439 1118 492 privati
1136 437 1270 476 effent.
1318 438 1378 476 Eo
1409 437 1471 475 die
1503 438 1697 475 Catonern
1727 436 1843 489 plane
1873 448 1934 473 re-

551 511 779 566 pudiarunt.
824 505 936 558 Qid
963 504 1121 543 multa?
1154 511 1288 541 tenent
1317 503 1464 547 omnia,
1496 501 1614 555 idque
1641 503 1696 540 ita
1713 514 1849 540 omnes
1871 500 1935 539 in-

552 578 636 619 telli
639 589 729 631 gere
748 573 902 614 volunt.

865 773 1133 812 Mancus
1180 769 1534 821 QFRATnt
1580 769 1618 807 S.

551 907 607 946 X.
731 904 769 942 U
791 901 950 946 metuis,
968 913 1016 938 ne
1036 911 1099 937 me
1119 897 1343 950 interpelles
1360 898 1373 935 ?
1405 895 1585 935 Primum
1606 895 1632 934 fi
1653 895 1693 934 in
1715 894 1786 933 isto
1805 894 1936 940 effem,

741 977 783 1007 tu
805 967 892 1012 scis,
923 965 1020 1019 quid
1041 964 1087 1002 fit
1106 963 1367 1015 interpellare.
1413 963 1479 1000 An
1510 970 1548 999 te
1568 961 1708 1000 Ateius
1726 962 1740 998 ?
1772 959 1938 998 Meher-

554 1037 643 1076 cule
672 1033 774 1074 mihi
803 1033 941 1072 docere
975 1030 1165 1069 videbaris
1196 1029 1304 1067 istius
1334 1028 1485 1080 generis
1514 1027 1830 1065 humanitatem:
1863 1038 1940 1078 qua

553 1101 716 1155 quidem
737 1112 811 1151 ego
831 1097 933 1136 nihil
954 1105 1043 1134 utor
1062 1094 1129 1132 abs
1151 1103 1202 1132 te.
1248 1095 1315 1130 Tu
1342 1105 1433 1130 vero
1460 1100 1503 1129 ut
1531 1105 1593 1130 me
1619 1102 1658 1130 et
1684 1091 1870 1143 appelles,
1901 1099 1942 1128 et

555 1165 795 1218 interpelles,
825 1171 864 1200 et
897 1161 1124 1211 obloquare,
1164 1166 1203 1195 et
1234 1156 1475 1208 colloquare,
1506 1156 1641 1195 velim.
1688 1155 1799 1208 Qid
1833 1155 1942 1194 enim

554 1230 656 1269 mihi
678 1229 828 1267 suavius
848 1228 862 1264 ?
894 1225 990 1264 Non
1011 1221 1238 1262 mehercule
1264 1220 1472 1273 quisquam
1491 1216 1778 1269 pauo-miram&
1807 1220 1938 1259 liben-

554 1297 634 1336 tius
654 1296 719 1334 sua
739 1293 907 1332 recentia
927 1298 1105 1343 poemata
1124 1288 1235 1340 legit,
1266 1300 1386 1340 quam
1415 1299 1488 1339 ego
1513 1295 1551 1324 te
1570 1285 1686 1324 audio
1705 1299 1942 1340 quacunque

554 1362 602 1401 de
622 1375 677 1406 re,
708 1358 882 1413 publica,
913 1355 1075 1408 privata,
1108 1352 1261 1397 rustica,
1293 1351 1453 1389 urbana.
1500 1351 1572 1389 Sed
1602 1365 1688 1390 mea
1710 1349 1859 1389 saecum
1887 1351 1942 1390 est

555 1426 698 1466 insulsa
717 1421 962 1466 verecundia,
992 1429 1035 1458 ut
1057 1429 1094 1458 te
1114 1416 1362 1472 proficiscens
1384 1430 1463 1455 non
1485 1416 1679 1455 tollerem.
1713 1416 1944 1469 Opposuisti

556 1492 673 1532 semel
699 1487 907 1526 «ἐπείσακτον
935 1485 1103 1530 causam,
1136 1483 1339 1522 Ciceronis
1370 1481 1488 1521 nostri
1518 1482 1810 1521 valetudinem:
1843 1496 1941 1521 con-

557 1557 670 1596 ticui.
713 1556 860 1594 Iterum
882 1552 1011 1590 caeteri
1031 1562 1166 1589 omnes
1186 1564 1195 1587 :
1228 1548 1375 1601 quievi.
1418 1547 1540 1586 Nunc
1562 1546 1662 1585 mihi
1678 1546 1942 1599 jucunditatis

556 1623 672 1677 plena
704 1619 864 1673 epistola
892 1617 969 1657 hoc
998 1615 1178 1669 adsperfit
1207 1613 1408 1660 molestiae,
1439 1613 1546 1667 quod
1575 1613 1732 1658 videris,
1764 1627 1812 1651 ne
1842 1611 1944 1652 mihi

557 1686 742 1727 molestus
763 1684 869 1729 esses,
899 1682 1044 1721 veritus
1065 1681 1152 1726 esse,
1183 1690 1299 1733 atque
1327 1680 1445 1717 etiam
1476 1691 1582 1717 nunc
1603 1679 1739 1717 vereri.
1786 1679 1942 1731 Litiga-

556 1766 640 1792 rem
661 1761 808 1795 tecum,
840 1749 866 1787 sl
887 1748 944 1787 fas
965 1747 1054 1786 esset
1073 1762 1081 1785 ε
1117 1746 1178 1784 sed
1199 1744 1423 1784 mehercule
1444 1744 1540 1783 istuc
1562 1745 1587 1783 fi
1618 1757 1792 1796 unquam
1818 1744 1943 1797 suspi-

557 1828 666 1858 catus
687 1831 766 1862 ero,
798 1814 899 1853 nihil
920 1814 1050 1852 dicam
1071 1812 1192 1857 aliud,
1224 1812 1293 1849 nifi
1316 1811 1489 1856 verebor,
1523 1811 1729 1864 nequando
1749 1824 1823 1863 ego
1852 1810 1942 1855 tibi,

557 1898 651 1923 cum
683 1882 767 1922 sum
797 1894 887 1925 una,
919 1879 1102 1918 molestus
1135 1877 1388 1916 fin1.Vide0
1423 1886 1459 1915 te
1495 1876 1738 1930 ingemuifl‘e.
1786 1877 1848 1914 Sic
1883 1875 1943 1920 fit,

556 1943 644 1985 αλδ
637 1963 663 1984 εν
691 1946 754 1983 ἰιιαι
781 1942 910 1997 {Can-5.
956 1946 1176 1997 Nunquam
1210 1944 1318 1981 enim
1351 1944 1481 1981 dicam
1516 1938 1554 1977 ἔα
1581 1940 1716 1980 παίσας.
1768 1942 1946 1979 Marium

558 2025 689 2055 autem
712 2011 916 2052 nostrum
907 2025 947 2049 in
975 2011 1151 2048 lecticam
1181 2008 1407 2047 mehercule
1433 2007 1695 2060 conjeciffem,
1728 2021 1807 2045 non
1835 2008 1945 2046 illam

560 2082 661 2134 regis
684 2078 885 2119 Ptolemaei
906 2077 1155 2115 Anicianam.
1190 2075 1362 2113 Memini
1383 2075 1489 2113 enim
1510 2087 1602 2112 cum
1624 2072 1829 2111 hominem
1851 2087 1944 2125 por-

560 2157 682 2186 tarem
711 2145 757 2184 ad
788 2144 912 2188 Baias,
945 2142 1129 2195 Neapoli,
1160 2140 1376 2193 oCtophoro
1404 2141 1613 2184 Aniciano,
1646 2138 1945 2192 machaeropho-

561 2214 613 2252 ris
632 2222 795 2251 centum
825 2209 1092 2261 sequentibus,
1125 2207 1244 2245 miros
1276 2206 1370 2244 risus
1404 2220 1472 2244 nos
1502 2205 1627 2248 edere,
1660 2219 1751 2243 cum
1784 2205 1850 2242 ille
1882 2206 1944 2257 ig-

562 2293 676 2318 narus
711 2277 767 2316 sui
803 2276 1029 2320 comitatus,
1067 2283 1222 2326 repente
1258 2273 1407 2325 aperuit
1443 2272 1635 2315 lcfficam,
1673 2281 1710 2308 ct
1748 2285 1843 2323 pene
1879 2271 1947 2309 ille

563 2346 718 2388 timore,
748 2357 822 2396 ego
842 2341 918 2380 risu
937 2340 1083 2379 corrui.
1128 2341 1261 2382 Tunc,
1295 2348 1336 2376 ut
1358 2338 1462 2382 dico,
1494 2348 1596 2376 certe
1629 2337 1870 2381 sustulissem,
1902 2345 1947 2375 ut

562 2410 773 2463 aliquando
800 2407 1056 2446 subtilitatem
1080 2406 1218 2444 veteris
1241 2405 1471 2443 urbanitatis
1503 2414 1541 2442 ct
1569 2403 1834 2441 humanissimi
1867 2401 1944 2440 ser·

560 2477 692 2517 monis
713 2476 947 2529 attingerem
965 2489 974 2513 :
1007 2473 1069 2513 scd
1089 2472 1295 2513 hominem
1316 2471 1519 2511 infirmum
1540 2471 1582 2510 in
1604 2470 1738 2510 villam
1758 2479 1944 2523 apertam,
