2241 2994
537 262 1388 304 PHILOSOPHORUM.

286 362 381 395 rent;
407 365 528 390 eorum
545 354 809 390 controverfiam
825 353 954 390 solebat

284 411 450 450 tanquam
477 402 677 439 honorarius
708 403 834 438 arbiter
855 401 952 449 judi-

284 461 371 486 care.
409 451 501 486 Cum
513 451 605 486 enirn
622 463 844 498 quaecunque
862 452 953 486 bona

283 498 533 546 PeripateticiS,
562 500 679 534 eadem
707 499 830 534 Stoicis
856 511 951 534 com-

283 547 385 582 moda
401 547 615 583 viderentur:
637 559 747 595 neque
758 559 871 583 tamen
885 549 950 583 Pe-

282 595 451 643 ripatetici
479 597 560 643 plus
588 597 778 632 tribuerent
806 597 949 639 divitiis,

282 643 387 679 bonae
401 644 604 687 valetudini,
621 645 807 692 ceterisque
819 646 950 693 generis

281 691 444 739 ejusdem,
471 705 578 741 quam
594 693 701 728 Stoici
715 706 722 727 :
750 706 831 729 cum
848 707 887 729 ea
902 707 949 737 re,

283 753 352 776 non
365 742 479 777 νει-δὴ
493 742 783 790 ponderarentur;
815 743 950 778 causam

280 789 346 824 effe
367 790 544 825 diffidendi
572 791 729 838 negabat.
772 791 858 826 Mos
877 791 950 838 ejus

280 847 353 873 erat
383 838 598 886 disputandi,
638 839 726 874 ficut
759 849 950 876 ceterorum

280 887 588 930 Academicorum,
607 896 726 922 contra
739 899 842 923 omne
855 889 951 935 quod

280 935 361 970 effet
377 936 593 983 propositum
609 949 618 972 ε
655 945 691 971 et
705 943 832 982 vgocom‘v
850 939 952 985 pugi-

281 983 337 1024 lis,
364 994 399 1019 ει
422 987 622 1019 retentionem
652 986 783 1031 aurigae
811 986 951 1022 similem

282 1031 430 1068 faciebat
445 1036 553 1081 ’ἐποχὶλ
593 1033 753 1068 Tandem
781 1046 864 1069 vero
890 1048 951 1070 no-

282 1081 423 1128 naginta
457 1094 562 1117 annos
591 1092 692 1117 natus
717 1082 817 1118 obiit.
861 1084 951 1120 Vide

281 1130 364 1166 Luc.
383 1132 417 1173 6,
445 1132 514 1166 &c.

343 1227 491 1263 Decreta
507 1226 580 1275 ejus
597 1227 676 1263 sunt
693 1227 864 1276 sequentia
880 1242 888 1264 :

331 1325 484 1361 Mortale
507 1337 610 1361 omne
635 1326 772 1366 animal,
797 1336 831 1361 et
847 1326 948 1362 diffo-

281 1373 406 1415 lubae,
449 1383 484 1409 et
523 1374 709 1409 dividuum
748 1375 948 1417 necessario,

280 1423 380 1470 quod
393 1423 516 1458 habeat
529 1422 707 1469 patibilem
720 1433 888 1458 naturam.
914 1422 951 1458 de

280 1470 364 1509 Nat.
383 1473 482 1507 Deor.
502 1472 563 1507 ΙΙΙ.
585 1483 640 1507 12.

344 1521 499 1556 Nullum
534 1532 661 1568 corpus
695 1520 949 1569 sempiternum.

279 1568 318 1607 dc
334 1569 419 1605 Nat.
441 1569 590 1604 Deorum.
611 1569 672 1604 111.
695 1581 748 1604 12.

330 1618 416 1653 Non
433 1616 506 1653 fato
524 1617 594 1652 fieri
613 1629 836 1666 quaecunque
849 1617 950 1660 fiunt,

279 1665 345 1703 effe
361 1666 452 1702 enim
470 1666 582 1701 multa
595 1665 628 1701 in
647 1666 758 1701 nostra
774 1667 950 1715 potestate.

279 1716 318 1752 de
334 1717 428 1751 Fam.
455 1726 510 1758 14,
534 1715 603 1750 ὅτε.

329 1763 590 1799 Divinationem
611 1775 678 1799 non
701 1763 765 1798 esse
792 1763 867 1810 (etsi
887 1763 948 1798 im-

279 1812 494 1849 mutabilitas
525 1812 558 1847 in
582 1811 783 1848 futurorum
808 1813 950 1847 veritate

280 1862 338 1904 fit)
362 1862 423 1897 nili
439 1863 473 1896 in
492 1861 545 1902 iis,
572 1873 653 1909 quae
673 1861 887 1896 naturalibus
914 1870 949 1896 et

280 1910 467 1947 necessariis
477 1909 584 1944 caulis
595 1908 860 1945 continerentur.
890 1912 948 1944 An

278 1959 371 1995 enim
385 1959 526 2006 Jupiter
540 1958 712 1993 cornicem
726 1970 745 1992 a
759 1958 858 1998 laeva,
874 1969 949 1993 cor-

279 2020 367 2043 vum
384 2020 404 2043 a
415 2008 535 2042 dextra
547 2019 665 2042 canere
675 2005 795 2054 juflit?
813 2007 948 2043 deFato.

277 2067 313 2093 et
328 2055 366 2092 de
382 2058 497 2093 Divin.
517 2057 542 2091 Ι.
565 2065 597 2100 7.

327 2107 386 2141 Ne
415 2104 621 2153 Apollinem
654 2103 797 2152 quidem
830 2102 949 2139 futura

279 2154 373 2203 posse
389 2153 513 2195 dicere,
539 2153 601 2188 nisi
623 2165 662 2188 ea
687 2164 839 2200 quorum
866 2164 947 2188 cau-

279 2205 329 2239 sas
347 2211 468 2238 natura
483 2202 530 2237 ita
546 2201 747 2244 contineret,
772 2211 811 2236 ut
822 2213 862 2236 ea
875 2201 947 2236 fieri

280 2251 407 2288 neceffe
423 2251 515 2286 esset.
557 2250 659 2298 Qid
678 2251 771 2285 enim
795 2248 946 2298 spe&ans

278 2301 377 2337 Deus
406 2298 475 2347 ipse
507 2298 646 2342 diceret,
680 2299 750 2335 ὅτε.
794 2298 883 2334 Vide
911 2298 948 2334 de

278 2351 373 2387 Fata.
397 2360 452 2392 14,
479 2347 549 2383 &c.

329 2397 415 2432 Duo
423 2396 487 2431 effe
499 2395 649 2430 visorum
661 2407 801 2443 genera:
828 2396 861 2431 in
876 2407 948 2431 uno

279 2446 367 2482 hanc
380 2445 592 2486 divisionem,
605 2444 688 2479 Alia
700 2445 768 2480 visa
776 2445 851 2486 esse,
863 2456 945 2492 quae

276 2494 409 2545 percipi
426 2494 563 2542 possint,
591 2493 655 2528 alia
677 2505 759 2542 quae
782 2506 850 2530 non
868 2493 944 2542 pos-

375 2543 442 2579 To
455 2555 498 2578 M.
524 2542 589 2578 lX.

1586 281 1662 318 401

1003 355 1086 390 sint:
1115 355 1149 390 in
1164 355 1269 390 altero
1283 365 1409 398 autem,
1428 355 1511 390 Alia
1525 356 1592 390 visa
1605 357 1669 391 esse

1002 403 1216 450 probabilia,
1259 404 1324 438 alia
1358 416 1426 439 non
1461 404 1666 452 probabilia.

1002 451 1135 498 Itaque,
1163 464 1244 498 quae
1269 462 1388 487 contra
1405 453 1514 487 sensus
1533 463 1667 488 contra-

1001 511 1071 546 que
1100 500 1375 547 perspicuitatem
1409 501 1585 543 dicantur,
1628 514 1666 536 ea

999 547 1167 595 pertinere
1178 548 1218 582 ad
1231 548 1434 594 superiorem
1446 549 1663 584 divisionem:

999 605 1118 631 contra
1136 596 1354 643 posteriorem
1370 597 1454 631 nihil
1471 597 1540 631 dici
1563 609 1666 643 opor-

999 654 1078 680 tere.
1118 646 1238 691 Quare
1255 644 1301 678 ita
1319 645 1464 691 placere,
1477 646 1543 679 tale
1556 646 1666 681 visum

1000 693 1136 728 nullum
1149 694 1225 735 effe,
1244 702 1283 727 ut
1296 693 1471 740 perceptio
1483 693 1667 741 conseque-

1001 751 1115 784 retur;
1145 752 1185 777 ut
1202 751 1316 776 autem
1345 741 1516 789 probatio,
1545 744 1664 777 multa.

999 790 1138 825 Etenim
1172 799 1291 825 contra
1324 800 1482 825 naturam
1514 791 1605 832 essct,
1643 791 1665 826 si

999 838 1181 886 probabile
1200 838 1284 873 nihil
1301 839 1392 874 effet.
1417 841 1495 874 Luc.
1517 850 1574 884 31.

1050 887 1223 923 Virtutem
1238 887 1314 921 satis
1332 887 1455 922 habere
1473 888 1515 922 ad
1534 888 1668 923 beatam

1000 935 1108 970 vitam
1127 935 1287 983 praelidii.
1312 936 1444 980 Tusav.
1462 948 1518 982 ²9·

1042 984 1237 1032 Sapientem
1249 984 1421 1019 interdum
1433 984 1576 1031 opinari.
1587 985 1668 1020 Luc.

1002 1045 1015 1068 1
1028 1034 1060 1068 8.

1039 1081 1140 1116 Nihil
1153 1081 1311 1129 improbe
1319 1079 1528 1122 faciendum,
1539 1082 1668 1116 etiamsi

1001 1129 1143 1176 impune
1156 1131 1225 1165 fieri
1241 1132 1351 1177 poffit.
1378 1130 1415 1165 de
1429 1130 1532 1166 Finib.
1549 1131 1594 1165 Il.
1611 1143 1619 1165 1
1634 1135 1669 1166 3.

1043 1179 1126 1221 Eos,
1141 1181 1200 1225 qui
1217 1179 1384 1213 Rhetores
1397 1179 1668 1221 nominarentur,

999 1236 1032 1262 et
1051 1227 1113 1274 qui
1130 1227 1265 1262 dicendi
1284 1237 1458 1275 praecepta
1484 1229 1667 1269 traderent,

1000 1276 1085 1310 nihil
1120 1277 1221 1323 plane
1255 1286 1386 1317 tenere,
1431 1288 1541 1323 neque
1575 1277 1668 1323 polle

999 1335 1198 1371 quenquam
1228 1324 1427 1359 facultatem
1459 1326 1585 1372 affequi
1614 1325 1665 1359 di-

1000 1373 1111 1415 cendi,
1140 1373 1199 1408 nili
1223 1373 1284 1420 qui
1312 1373 1596 1421 philosophorum
1615 1373 1666 1408 in-

999 1431 1102 1456 venta
1118 1422 1294 1457 didicisset.
1322 1421 1358 1457 de
1374 1423 1470 1458 Orat.
1487 1422 1513 1457 1.
1531 1424 1585 1457 18.

1182 1568 1211 1603 P
1246 1567 1286 1602 H
1322 1568 1337 1603 Ι
1371 1567 1405 1603 L
1438 1568 1485 1604 O.

1084 1664 1250 1707 HILO,
1293 1664 1462 1700 Antiochi
1497 1665 1666 1712 magister,

1089 1713 1144 1747 vir
1178 1725 1323 1760 magnus
1352 1712 1432 1754 fuit,
1467 1719 1501 1748 et
1531 1715 1667 1749 Acade-

1001 1760 1080 1796 miae
1112 1774 1214 1797 novae
1246 1761 1476 1809 patrocinium
1510 1762 1666 1810 suscepit.

999 1810 1164 1857 Cumque
1198 1810 1254 1845 ille
1284 1823 1365 1845 cum
1404 1811 1667 1846 Atheniensium

998 1859 1227 1906 optimatibus
1244 1858 1485 1894 Mithridatico
1500 1859 1592 1894 bello
1605 1860 1666 1895 do-

1001 1919 1059 1942 mo
1076 1907 1292 1956 profugisset,
1320 1909 1543 1954 Romamque
1559 1908 1666 1943 venis-

999 1955 1059 1997 set,
1086 1957 1288 1991 Ciceronem
1314 1956 1435 2001 habuit
1462 1957 1667 1993 auditorem.

999 2005 1163 2051 Negabat
1179 2005 1264 2040 duas
1283 2004 1488 2040 Academias
1500 2006 1589 2046 esse,
1615 2018 1667 2040 er-

999 2065 1182 2102 roremque
1213 2065 1347 2096 eorum,
1389 2052 1452 2101 qui
1486 2053 1532 2089 ita
1566 2063 1668 2102 puta-

1000 2101 1095 2145 bant,
1129 2102 1416 2138 vehementissime
1444 2104 1665 2150 coarguebat.

998 2151 1085 2186 Alio
1109 2161 1264 2199 tempore
1289 2151 1464 2186 rhetorum
1491 2162 1666 2199 praecepta

997 2200 1139 2243 tradere,
1166 2200 1234 2235 alio
1261 2199 1546 2247 philosophorum
1571 2199 1663 2235 insti-

996 2248 1085 2285 tuit:
1118 2258 1223 2296 atque
1238 2248 1358 2283 harum
1373 2247 1562 2290 causarum,
1580 2259 1663 2295 quae

997 2297 1163 2333 universae
1180 2297 1270 2339 sunt,
1287 2296 1343 2331 vel
1361 2295 1588 2342 temporibus,
1611 2297 1663 2332 lo-

996 2346 1057 2388 cis,
1065 2345 1167 2381 rebus
1178 2343 1594 2391 definitae,cognitionem‚
1604 2357 1663 2380 ex·

995 2394 1297 2440 ercitationemque
1328 2392 1523 2428 celebravit.
1574 2393 1662 2441 Epi-

995 2455 1115 2478 cureos
1139 2455 1221 2478 vero
1243 2442 1329 2477 ferre
1353 2453 1421 2476 non
1439 2451 1585 2489 poterat,
1612 2442 1660 2477 asl-

994 2491 1127 2576 permiti
1149 2491 1269 2527 molles
1291 2500 1326 2527 et
1349 2489 1510 2537 delicatas
1534 2491 1659 2540 volup-

1141 2550 1160 2576 e
1175 2551 1194 2576 e
