2241 2994
729 226 1379 271 HISTORIA..

342 331 383 358 ut
408 322 537 358 Roscio
563 322 736 358 theatralis
767 321 899 357 auctori
926 320 1011 368 legis

341 372 468 425 plebs
460 371 642 418 ignoverit,
667 380 702 406 et
728 380 880 406 notatam
898 370 928 405 le
944 369 1009 405 dis-

341 419 483 455 crimine
500 419 583 455 sedis
609 431 716 466 aequo
742 418 858 455 animo
880 417 1009 460 tulerit,

342 476 383 503 ut
399 467 535 503 Plinius
559 467 613 503 lib.
632 468 711 503 V11.
739 477 806 513 cap.
827 479 884 512 30.
911 467 1008 502 testa-

341 525 408 550 tur.
453 515 663 551 Plutarchus
680 527 762 551 vero
779 515 909 557 1cribit,
936 515 1011 563 ple-

342 564 421 599 bem
446 575 490 599 ex
516 564 592 600 aede
609 564 768 601 Bellonae
787 565 821 599 in
839 564 1010 599 theatrum

341 613 520 653 reversam,
556 614 688 649 Othoni
721 625 886 660 magnum
913 613 1011 659 plau-

341 660 415 696 sum
445 661 583 705 dedisse,
617 672 652 698 et
679 662 722 698 de
751 662 907 698 ornando
934 661 1013 697 viro

339 709 487 757 equestri
503 711 615 746 ordini
635 711 721 746 nihil
736 711 936 746 conceffisse.

398 759 536 806 Qarta
574 760 685 794 oratio
727 759 912 794 consularis
950 768 1012 804 pro

339 807 478 842 Rabirio
527 817 642 850 extat,
694 807 748 843 sed
800 807 1010 855 imperfecta.

341 855 449 891 Unde
465 865 540 891 orta
565 856 641 892 haec
665 856 765 892 causa
790 855 895 891 fuerit
921 856 1009 891 dixi-

341 916 419 939 mus
436 903 538 952 supra
555 906 597 940 ad
614 917 743 940 annum
773 917 911 941 nemu.
939 917 1012 952 quo

340 953 546 989 Saturninus
565 954 697 989 occisus
715 953 795 990 fuit.
826 954 912 989 Hoc
930 965 1013 989 vero

340 1011 495 1085 fflff
504 1003 716 1093 sffssoffiffi
729 1002 1011 1098 3323&ss

341 1098 393 1182 {³⁰
414 1099 659 1184 per-duellionks
673 1100 776 1195 fieri]
797 1100 951 1184 diceret}
969 1108 1011 1154 ut

369 1158 526 1183 uetonius
563 1161 598 1183 m
654 1162 680 1183 ,ε
735 1161 772 1184 ca
839 1160 877 1184 12
945 1160 1010 1183 cri-

343 1196 407 1238 bit,
445 1206 480 1231 et
512 1197 584 1233 Dio
616 1158 805 1244 pluribusp
808 1197 921 1232 verbis
952 1197 1008 1232 lib.

340 1245 536 1280 XXXVII.
588 1246 650 1281 Est
677 1256 792 1281 autem
819 1245 1011 1293 perduellio

339 1292 541 1328 summum
533 1294 727 1330 imminutae
745 1293 926 1341 majestatis
944 1294 1008 1328 cri-

341 1353 435 1384 men,
459 1342 503 1377 de
527 1354 601 1390 quo
623 1343 815 1378 Duumviri
838 1355 858 1377 a
876 1343 1010 1390 populo

340 1390 444 1426 cneati
461 1402 616 1438 quaerere
632 1391 807 1427 solebant:
837 1391 934 1439 quod
954 1402 1010 1426 ve-

340 1449 398 1474 tus
425 1439 481 1474 lex
510 1440 605 1487 apud
631 1440 778 1476 Livium
804 1440 858 1476 lib.
890 1441 917 1476 Ι.
944 1449 1010 1486 cap.

343 1488 402 1523 26.
443 1488 602 1524 ostendit.
654 1490 776 1537 ltaque
806 1491 848 1525 C.
891 1498 927 1524 et
963 1489 1008 1524 L.

340 1537 492 1573 Caesares
525 1537 718 1573 Duumviri
754 1538 787 1572 in
822 1537 885 1572 hac
913 1537 1014 1572 causa

341 1585 458 1629 creati,
496 1597 566 1622 non
597 1597 620 1621 a
650 1587 786 1634 populo
825 1596 865 1621 ut
907 1586 1013 1622 moris

339 1644 424 1677 erat,
449 1634 504 1670 sed
533 1646 554 1670 a
581 1645 742 1682 praetore‚
768 1636 866 1683 quod
883 1647 952 1670 non
972 1635 1014 1670 li-

340 1683 452 1725 cebat,
495 1683 679 1719 Rabirium
721 1684 1009 1726 condemnarunt,

341 1741 382 1767 ut
398 1732 471 1767 Dio
488 1731 614 1767 scribit.
658 1733 700 1768 C.
719 1732 846 1774 Caesar,
872 1733 1011 1768 auctore

341 1781 521 1824 Suetonio,
536 1782 627 1826 sorte
639 1781 745 1828 judex
773 1783 808 1816 in
831 1793 918 1817 reum
934 1781 1010 1817 duc-

339 1836 392 1865 tus
419 1837 490 1865 tam
516 1829 624 1877 cupide
651 1830 882 1873 condemnavit,
907 1838 943 1865 ut
966 1830 1012 1865 ad

333 1879 481 1925 populum
494 1882 683 1925 provocanti
708 1879 790 1915 nihil
805 1891 886 1927 aeque
907 1891 944 1913 ac
952 1881 1007 1927 ju-

337 1927 416 1964 dicis
453 1928 608 1964 acerbitas
643 1929 812 1975 profuerit.
869 1928 1009 1982 Populo

339 1977 526 2024 appellato,
552 1977 693 2012 comitia
710 1976 912 2018 centuriata,
929 1976 1008 2023 qui

339 2026 407 2061 bus
423 2025 466 2061 de
494 2026 729 2073 perduellione
749 2025 899 2072 judicari
926 2025 1009 2060 sole-

340 2074 438 2117 bat,
431 2087 466 2110 in
481 2085 607 2122 campo
624 2075 758 2110 Martio
775 2074 892 2110 habita
910 2073 1006 2108 sunt.
999 2086 1006 2094 ·

340 2122 405 2158 ubi
437 2122 556 2158 consul
590 2123 714 2159 Cicero
747 2124 786 2158 C.
822 2122 1006 2158 Rabirium

340 2169 506 2214 defendit,
531 2181 608 2207 tum
624 2172 722 2220 quod
749 2171 907 2207 senatus'
900 2183 1007 2218 impe-

343 2219 396 2254 rio
432 2219 605 2266 paruisset,
645 2230 723 2256 tum
763 2221 861 2268 quod
904 2221 1009 2256 fidem

342 2267 521 2322 publicam
539 2281 607 2304 non
623 2269 788 2311 violasset,
803 2281 909 2317 quam
929 2269 1010 2303 Ma-

344 2328 415 2351 rius
432 2316 502 2351 fine
517 2317 551 2352 S.
569 2318 612 2352 C.
641 2318 722 2352 dare
742 2330 810 2354 non
837 2318 1010 2366 potuiffet.

345 2365 402 2400 De
430 2364 492 2400 hac
522 2365 620 2400 causa
646 2367 680 2400 in
708 2367 861 2412 Pisonem,
888 2376 956 2412 cap.
977 2377 1010 2401 2.

346 2414 421 2448 haec
439 2413 550 2449 dixit:
578 2415 648 2460 Ego
675 2416 709 2448 in
734 2417 769 2450 C.
789 2416 922 2450 Rabirio
939 2425 1015 2461 per-

345 2461 506 2499 duellionis
534 2474 585 2498 rea
601 2473 661 2499 xi..
686 2466 778 2498 annis
795 2473 865 2499 ante
881 2474 928 2497 me
944 2475 1012 2499 con·

1657 228 1735 282 283

1052 320 1153 367 fidem
1174 320 1382 366 interpositam
1402 322 1532 368 stamius
1558 323 1731 356 austorita-

1059 377 1121 404 tem
1140 370 1274 414 sustinui
1299 379 1408 406 contra
1434 370 1601 412 invidiam,
1640 379 1731 417 atque

1058 417 1194 463 defendi.
1246 419 1302 453 De
1333 420 1451 455 eadem
1494 420 1529 455 in
1570 420 1730 459 Oratore,

1063 477 1139 514 cap.
1161 478 1217 512 ²9·
1261 467 1324 511 Jus
1339 479 1423 502 omne
1439 468 1606 503 retinena‘ae
1622 466 1730 513 majes-

1060 517 1139 549 tatis
1171 514 1305 550 Rabirii
1348 517 1442 561 causa
1484 516 1728 556 continebatur·²

1061 575 1132 610 ergo
1166 565 1201 597 in
1237 566 1319 598 omni
1341 576 1453 611 genere
1484 565 1730 611 amplificationis

1061 611 1163 655 exors
1149 625 1239 647 mus

1109 661 1249 715 Qinta
1275 661 1386 697 oratio
1402 660 1587 697 consularis
1605 659 1674 695 fuit
1689 660 1731 695 de

1060 710 1332 757 proicriptorurn
1374 710 1465 746 filiis.
1532 708 1587 744 Hi
1630 709 1731 751 sunt,

1061 771 1150 806 quos
1185 758 1394 794 Plutarchus
1435 761 1469 793 in
1500 761 1566 793 Cic.
1601 757 1730 798 scribit,

1061 808 1136 854 lege
1153 807 1313 843 Cornelia
1342 807 1533 842 honoribus
1558 805 1730 846 exclusos,

1061 867 1143 891 cum
1170 868 1282 903 neque
1311 855 1451 897 infirmi,
1487 867 1598 902 neque
1627 854 1731 902 pauci

1060 905 1181 947 effent,
1225 904 1399 952 populum
1442 904 1646 939 concitasse:
1691 914 1730 937 ac

1055 952 1146 1000 juste
1179 953 1322 1000 quidem
1365 953 1472 999 Syllae
1514 952 1730 999 tyrannidem

1061 1002 1238 1044 accusaffe,
1274 1014 1396 1037 verum
1427 1002 1537 1036 alieno
1575 1010 1731 1047 tempore

1062 1051 1221 1098 rempub.
1280 1050 1502 1098 perturbasse.
1571 1049 1732 1083 Dictator

1057 1099 1150 1135 enim
1185 1099 1281 1146 Sylla
1323 1111 1392 1134 non
1426 1099 1537 1134 solum
1574 1097 1731 1132 inimicos

1058 1148 1136 1183 suos
1163 1147 1372 1196 proscripsit,
1397 1148 1453 1182 sed
1479 1158 1600 1182 eorum
1628 1146 1732 1181 etiam

1060 1197 1150 1232 filios
1179 1197 1407 1244 petendorum
1440 1197 1612 1231 honorum
1637 1193 1730 1241 jure,

1060 1246 1134 1292 lege
1152 1246 1231 1288 lata,
1258 1245 1419 1291 privavit.
1464 1244 1636 1279 Auctores
1653 1241 1732 1278 sunt

1060 1293 1299 1329 Plutarchus
1286 1306 1320 1328 tn
1339 1294 1376 1339 Sy
1378 1293 1434 1334 lla,
1452 1293 1655 1328 Paterculus
1674 1292 1729 1327 lib.

1061 1343 1106 1377 ΙΙ.
1132 1351 1199 1387 cap.
1221 1344 1279 1377 28.
1304 1352 1339 1377 et
1364 1341 1551 1388 Dionyfius
1569 1340 1730 1375 Halicar-

1061 1391 1193 1426 naffeus
1221 1390 1275 1425 lib.
1302 1390 1401 1425 VIIl.
1441 1389 1502 1437 qui
1539 1389 1634 1424 addit
1665 1389 1731 1424 iilis

1060 1439 1164 1476 etiarn
1181 1439 1315 1474 aditum
1343 1438 1378 1473 in
1405 1437 1556 1473 senatum
1575 1437 1731 1472 obstruc-

1060 1498 1137 1524 tum
1154 1487 1263 1523 fuisse.
1300 1487 1421 1534 Itaque
1437 1487 1635 1535 petentibus
1653 1486 1733 1527 illis,

1061 1547 1114 1581 ut,
1141 1537 1216 1584 lege
1236 1536 1399 1571 Cornelia
1415 1536 1592 1583 abrogata,
1619 1535 1732 1583 capes-

1061 1586 1244 1621 sendorum
1280 1585 1453 1621 honorum
1487 1584 1634 1632 potestas
1668 1583 1732 1620 fibi

1062 1636 1170 1677 fieret,
1196 1634 1320 1670 Cicero
1348 1633 1467 1668 consul
1495 1633 1625 1675 restitit,
1660 1644 1734 1680 qua

1058 1684 1102 1719 de
1120 1695 1154 1718 re
1171 1682 1414 1737 Qlintilianus
1435 1681 1491 1717 lib.
1511 1681 1578 1716 XI.
1605 1690 1674 1727 cap.
1700 1693 1731 1717 1.

1059 1742 1094 1767 et
1136 1732 1261 1768 Cicero
1295 1743 1329 1765 in
1363 1730 1534 1772 Pisonem,
1582 1742 1657 1777 cap.
1695 1741 1732 1764 2.

1062 1782 1133 1827 Ego
1160 1781 1355 1825 adolescentes
1379 1779 1471 1814 bonos
1495 1787 1526 1814 et
1540 1778 1656 1825 fot-,les
1673 1778 1734 1825 sed

1057 1831 1122 1876 ustas
1150 1841 1188 1864 ea
1224 1828 1396 1863 conditione
1423 1827 1581 1874 sortunae‚
1619 1835 1668 1870 ut,
1694 1826 1731 1870 si

1056 1878 1143 1925 effint
1160 1878 1358 1924 magistratus
1374 1876 1494 1930 adepti,
1520 1879 1596 1922 reip.
1605 1877 1729 1920 statum

1057 1926 1236 1973 convulfim'
1266 1925 1462 1967 viderentur,
1499 1928 1573 1960 meis
1598 1927 1729 1961 inimici-

1057 1977 1123 2017 tiis,
1148 1975 1235 2010 nulla
1247 1975 1376 2017 senatus
1393 1975 1477 2009 mala
1489 1976 1616 2022 gratia,
1641 1985 1684 2010 co
1678 1986 1732 2008 m

1058 2026 1174 2059 tiorum
1199 2026 1321 2058 ratione
1331 2025 1482 2070 privavi.
1534 2023 1633 2058 Hinc
1661 2023 1732 2058 Pli-

1060 2073 1137 2108 nius
1154 2073 1208 2108 lib.
1223 2072 1304 2108 VII.
1331 2082 1398 2119 cap.
1421 2082 1476 2118 30.
1528 2073 1731 2107 Ciceronem

1057 2122 1247 2169 appellans,
1286 2121 1318 2156 ‘T
1314 2133 1330 2156 e
1358 2130 1478 2163 orante,
1505 2120 1631 2167 inquit,
1653 2130 1730 2166 pro-

1048 2171 1238 2217 scriptorum
1255 2169 1365 2205 liberos
1391 2171 1518 2205 honores
1537 2175 1647 2216 petere
1667 2179 1730 2216 pu-

1058 2219 1140 2255 duit.

1111 2269 1249 2302 Sextam
1291 2267 1482 2302 orationem
1519 2264 1732 2300 consularem

1062 2317 1119 2352 M.
1141 2317 1297 2357 Tullius,
1323 2316 1366 2350 ad
1381 2317 1534 2355 Atticum,
1561 2323 1731 2356 numerat,

1059 2377 1169 2418 quam
1200 2365 1334 2405 habuit,
1361 2375 1442 2398 cum
1464 2362 1678 2416 provi-'nciam
1698 2362 1731 2397 in

1064 2426 1229 2449 concione
1246 2412 1413 2458 depoiuit.
1465 2411 1665 2446 Provincias
1686 2411 1734 2446 se-

1067 2472 1166 2497 natus
1199 2461 1397 2497 consulibus
1432 2460 1504 2508 lege
1533 2460 1736 2508 Sempronia

1288 2556 1438 2595 an
