2335 3009
467 193 575 237 sm.
916 180 1440 222 POEMATUM

483 279 648 320 Occidit
669 279 931 320 Andromedae
951 280 1103 320 clarum
1124 290 1256 334 caput,
1287 291 1326 320 et
1345 281 1426 321 fera
1447 281 1590 322 Pistrix

481 347 664 392 Labitur,
695 345 904 385 horribiles
933 346 1066 399 epulas
1097 345 1247 384 funesta
1276 348 1506 400 requirens:

483 412 602 451 Hanc
622 421 758 450 contra
779 409 962 464 Cepheus
982 424 1063 450 non
1081 411 1198 449 cess‘at
1217 411 1375 450 tendere
1394 413 1542 465 palmas
1561 428 1571 452 :

483 478 559 516 Illa
588 477 708 530 usque
737 477 784 534 ad
813 477 966 529 spinam
991 490 1174 530 mergens
1204 477 1241 515 se
1269 477 1411 516 caerula
1438 478 1590 518 condit.

483 545 541 582 At
562 542 745 597 Cepheus
767 552 899 596 caput,
930 552 1047 596 atque
1067 542 1269 588 humeros,
1300 543 1525 598 palmasque
1544 544 1721 585 reclinat.

483 611 592 648 Cum
620 623 713 648 vero
741 609 799 647 vis
829 609 891 648 est.
911 608 1121 647 vehemens
1150 619 1284 647 exorta
1313 609 1459 663 Nepai,

483 676 582 714 Late
610 674 696 713 fusa
723 675 857 713 volans
887 675 928 712 in
950 684 1067 712 terras
1089 675 1236 713 labitur
1255 675 1386 721 unda;

484 741 693 793 Orionque
722 749 831 779 metu
862 739 1061 792 perculsus
1090 740 1276 779 conditur
1304 754 1396 780 una.

484 806 585 844 Pace
613 805 732 859 hujus
763 806 879 843 liceat
907 805 1061 843 causam
1091 805 1319 858 explicuisse
1349 807 1519 854 timoris,

483 872 625 924 Virgo,
657 881 747 916 tua;
780 870 883 909 mihi
912 871 1040 924 quaeso
1070 873 1158 909 veni
1187 872 1338 925 placata
1367 873 1509 912 Diana.

484 938 584 977 Haec
604 937 709 976 fama
727 937 781 975 est
801 937 1029 983 hominum,
1060 936 1143 976 haec
1164 951 1233 990 per
1254 948 1370 976 terras
1392 938 1495 977 fama
1515 947 1702 992 vagatum

484 1004 544 1041 Ut
573 1003 772 1055 quondam
805 1003 931 1040 Orion
962 1003 1144 1040 manibus
1175 1002 1328 1040 violasse
1359 1004 1531 1042 Dianam

483 1068 660 1114 Dicitur,
691 1068 850 1106 excelfis
879 1081 1007 1106 errans
1037 1069 1078 1105 in
1109 1067 1280 1105 collibus
1310 1080 1460 1114 amens,

480 1134 596 1185 Qos
628 1142 734 1171 tenet
763 1134 900 1184 AEgaeo
930 1132 1056 1170 defixa
1083 1133 1125 1170 in
1155 1133 1312 1185 gurgite
1343 1132 1470 1172 Chius

483 1197 690 1244 Bacchica,
721 1211 840 1251 quam
870 1199 987 1237 viridi
1015 1198 1206 1237 convestit
1236 1200 1411 1252 tegmine
1440 1199 1547 1239 vitis.

484 1264 558 1303 Ille
588 1263 685 1302 feras
716 1277 849 1302 vecors
879 1264 1026 1302 amenti
1056 1263 1173 1302 corde
1203 1264 1379 1310 necabat,

482 1330 722 1382 OEnopionis
752 1342 866 1367 avens
896 1329 1030 1382 epulas
1060 1343 1194 1367 ornare
1225 1330 1410 1370 nitentes,

482 1397 539 1434 At
570 1409 659 1433 vero
688 1395 854 1448 pedibus
886 1395 1015 1432 subito
1045 1395 1219 1448 perculsa
1249 1396 1387 1434 Dianae

483 1460 615 1499 Insula
645 1459 825 1505 disceffit,
857 1460 1093 1513 disjectaque
1124 1460 1209 1498 saxa
1239 1461 1427 1500 revellens

484 1527 674 1571 Perculit,
705 1535 744 1564 et
773 1539 891 1564 caecas
922 1526 1097 1564 lustravit
1127 1527 1215 1565 luce
1246 1527 1430 1566 lacunas:

482 1593 518 1631 E
549 1591 694 1644 quibus
726 1591 878 1643 ingenti
908 1590 1159 1629 existit'cum
1189 1605 1351 1644 corpore
1381 1606 1458 1644 prae
1488 1591 1525 1630 se

485 1657 669 1709 Scorpius
700 1654 878 1701 infestus,
910 1665 1148 1708 pra‘portans
1179 1656 1310 1694 flebile
1340 1670 1521 1696 acumen.

483 1722 565 1760 Hic
596 1720 725 1759 valido
754 1720 898 1773 cupide
927 1730 1134 1759 venantem
1165 1722 1334 1774 perculit
1365 1722 1459 1766 ictu,

484 1785 744 1826 Mortiferum
776 1786 816 1823 in
847 1799 960 1824 venas
992 1785 1116 1838 figens
1148 1800 1214 1839 per
1245 1787 1404 1824 vulnera
1434 1788 1566 1826 virus:

484 1853 558 1892 Ille
587 1853 694 1905 gravi
724 1851 895 1889 moriens
926 1851 1135 1890 constravit
1165 1865 1327 1905 corpore
1359 1862 1515 1892 terram.

483 1919 616 1970 Qare
645 1929 737 1955 cum
768 1916 922 1968 magnis
953 1917 1027 1955 sese
1058 1917 1174 1969 Nepa
1203 1918 1360 1956 lucibus
1390 1917 1517 1964 effert,

485 1983 612 2022 Orion
643 1981 800 2034 fugiens
831 1982 1084 2020 commendat
1113 1996 1276 2035 corpora
1306 1978 1432 2022 terris.

484 2050 595 2088 Tum
618 2062 706 2086 vero
727 2047 833 2099 fugit
854 2047 1121 2093 Andromeda,
1153 2058 1191 2086 et
1214 2049 1417 2102 Neptunia
1440 2049 1581 2089 Pistrix

484 2117 590 2155 Tota
620 2115 741 2159 latet5
774 2113 878 2152 cedit
908 2114 1094 2153 converso
1123 2129 1284 2168 corpore
1315 2115 1515 2168 Cepheus,

485 2183 692 2221 Extremas
723 2178 855 2218 medio
884 2180 1120 2233 contingens
1150 2194 1311 2233 corpore
1344 2191 1475 2221 terras».

487 2248 568 2286 Hic
598 2254 717 2299 caput
745 2254 784 2283 et
814 2244 966 2298 superas
996 2245 1100 2299 potis
1129 2245 1182 2284 est
1212 2246 1434 2299 demergere
1456 2256 1609 2300 partes:

486 2311 615 2352 infera
645 2311 874 2350 lumborum
906 2325 1110 2365 nunquam
1139 2312 1352 2351 convestiet
1382 2313 1546 2352 umbra:

486 2379 594 2418 Nam
625 2378 794 2416 retinent
826 2378 937 2416 Arcti
968 2377 1172 2417 lustrantes
1203 2378 1355 2416 lumine
1386 2378 1502 2417 suras.

484 2444 654 2486 Labitur
682 2444 752 2483 illa
780 2443 894 2483 limul
923 2454 1084 2498 gnatam
1115 2444 1328 2498 lacrymosa
1356 2446 1556 2499 requirens

1789 348 1869 402 665

1791 677 1872 731 670

1795 1331 1873 1372 680

1797 1659 1875 1712 685

1797 1987 1876 2037 690
