2335 3009
535 224 583 274 58
888 226 1577 267 EPISTOLARUM

534 325 730 363 everterit.
776 326 980 378 Cognosce
1001 339 1108 364 nunc
1127 324 1303 364 hominis
1322 325 1538 372 audaciam,
1569 335 1609 364 et
1627 325 1779 379 aliquid
1799 327 1839 365 in
1862 341 1925 366 re-

533 390 696 443 publica
715 390 866 442 perdita
886 390 1087 430 delectare.
1115 393 1221 430 Cum
1243 391 1456 437 Gabinius,
1474 406 1710 445 quacunque
1729 394 1924 439 veniebat,

534 455 788 508 triumphum
821 455 858 494 se
888 456 1082 508 postulare
1112 457 1280 502 dixisset,
1313 457 1522 510 subitoque
1554 458 1681 496 bonus
1713 459 1926 512 imperator

535 522 654 558 noctu
674 521 717 559 in
739 521 894 567 urbem,
923 520 1097 560 hostium
1128 522 1257 575 plane,
1288 522 1491 568 invafiffet,
1523 523 1564 561 in
1592 523 1767 562 senatum
1789 524 1825 562 se
1845 538 1927 563 non

532 587 826 626 committebat.
872 587 1039 626 Interim
1066 587 1150 640 ipso
1177 587 1334 626 decimo
1360 588 1438 634 die,
1469 588 1553 641 quo*
1570 589 1699 641 ipsum
1720 591 1928 642 oportebat

532 652 707 691 hostium
729 666 940 691 numerum
959 662 999 691 et
1019 653 1197 691 militum
1219 654 1454 698 renuntiare,
1486 654 1652 707 irrepsit,
1682 655 1835 693 summa
1861 657 1927 694 in·-

533 717 769 770 frequentia.
803 719 910 756 Cum
929 718 1049 756 vellet
1068 718 1188 763 exire,
1211 732 1231 757 a
1251 718 1479 757 consulibus
1501 728 1673 758 retentus
1693 719 1772 759 est:
1795 720 1925 760 intro-

533 783 642 822 ducti
662 783 881 836 publicani.
914 784 1053 822 Homo
1074 783 1251 836 undique
1270 785 1391 830 aestus,
1409 797 1502 822 cum
1518 798 1538 822 a
1557 799 1622 823 me
1641 786 1814 824 maxime
1833 786 1926 825 vul-

533 857 747 893 neraretur,
777 861 857 886 non
888 848 997 893 tulit,
1028 856 1068 886 et
1097 860 1162 886 me
1190 849 1376 886 trementi
1396 861 1492 887 voce
1518 850 1676 887 exulem
1696 850 1924 903 appellavit.

534 914 632 959 Hic,
657 915 694 951 Ο
717 912 794 950 dii!
818 912 921 951 nihil
943 926 1117 965 unquam
1137 912 1466 953 honorificentius
1488 914 1602 953 nobis
1622 915 1781 954 accidit.
1812 917 1926 954 Con-

532 978 699 1017 surrexit
719 979 871 1017 senatus
892 991 985 1017 cum
1006 978 1177 1017 clamore
1195 979 1242 1017 ad
1263 993 1406 1025 unum,
1436 979 1487 1018 fic
1518 989 1562 1018 ut
1591 980 1638 1018 ad
1667 994 1810 1034 corpus
1839 982 1925 1034 ejus

532 1045 759 1082 accederet:
791 1044 875 1097 pari
895 1043 1066 1082 clamore
1085 1053 1202 1097 atque
1222 1045 1375 1097 impetu
1405 1045 1624 1097 publicani.
1671 1047 1783 1097 Qid
1813 1060 1925 1099 quae-

532 1110 584 1148 ris
605 1111 618 1147 ?
649 1123 802 1154 omnes,
829 1119 1015 1162 tanquam
1037 1109 1064 1147 fi
1085 1117 1127 1147 tu
1149 1109 1256 1154 effes,
1288 1110 1342 1147 ita
1361 1109 1538 1149 fuerunt.
1571 1109 1690 1149 Nihil
1712 1110 1926 1152 hominum

530 1175 708 1213 sermone
727 1173 824 1212 foris
845 1174 1003 1212 clarius.
1036 1175 1125 1226 Ego
1146 1183 1277 1212 tamen
1299 1183 1414 1213 teneo
1434 1175 1482 1213 ab
1503 1175 1734 1222 accusando,
1751 1177 1818 1215 vix
1838 1192 1926 1217 me-

529 1239 717 1279 hercule:
750 1238 814 1277 sed
836 1248 965 1277 tamen
986 1247 1116 1284 teneo,
1147 1239 1209 1278 vel
1229 1240 1337 1292 quod
1357 1239 1451 1278 nolo
1471 1253 1564 1278 cum
1597 1241 1789 1294 Pompeio
1819 1257 1926 1296 pug-

530 1319 636 1350 nare,
670 1304 778 1357 (satis
798 1304 852 1342 est
872 1304 979 1356 quod
1000 1303 1115 1342 instat
1135 1304 1183 1342 de
1204 1305 1382 1356 Milone)
1404 1305 1464 1344 vel
1486 1306 1593 1359 quod
1608 1307 1764 1359 judices
1792 1309 1929 1348 nullos

528 1370 721 1409 habemus
740 1385 751 1409 ε
775 1367 990 1418 ἀπότευγμα
1010 1368 1200 1409 formido.
1231 1370 1348 1408 Addo
1367 1371 1484 1410 etiarn
1508 1372 1824 1411 malevolentiam
1847 1373 1924 1413 ho-

530 1437 717 1481 minum;
748 1443 788 1473 et
809 1434 946 1479 timeo,
979 1447 1026 1472 ne
1046 1435 1122 1479 illi,
1145 1448 1209 1473 me
1229 1435 1446 1481 accusante,
1468 1437 1619 1489 aliquid
1639 1438 1818 1484 accidat;
1851 1453 1924 1479 nec

529 1501 688 1555 despero
709 1514 791 1539 rem
811 1509 850 1538 et
871 1499 948 1537 fine
969 1513 1047 1546 me,
1078 1509 1116 1538 et
1138 1500 1323 1538 nonnihil
1345 1515 1413 1554 per
1434 1514 1511 1547 me,
1543 1503 1687 1540 confici
1709 1503 1826 1556 poffe.
1860 1506 1925 1544 De

531 1567 684 1605 ambitu
705 1565 888 1619 postulati
910 1565 999 1604 sunt
1019 1579 1171 1611 omnes,
1193 1567 1260 1618 qui
1282 1566 1530 1605 consulatum
1551 1577 1719 1620 petunt:
1743 1583 1763 1607 a
1783 1569 1924 1609 Mem-

531 1633 628 1677 mio,
660 1631 895 1670 Domitius:
928 1644 948 1668 a
983 1632 1050 1683 Q
1073 1632 1230 1677 Curtio,
1263 1632 1368 1670 bono
1402 1641 1440 1670 et
1474 1633 1629 1671 erudito
1662 1634 1920 1682 adolescente,

531 1697 775 1736 Memmius:
799 1709 820 1733 a
840 1697 1125 1749 QPompeiQ
1149 1697 1333 1736 Messala:
1356 1711 1377 1735 a
1397 1698 1569 1742 Triario,
1588 1699 1766 1737 Scaurus.
1799 1701 1920 1754 Mag-

531 1777 582 1802 uo
602 1776 661 1801 res
682 1763 722 1801 in
745 1771 858 1800 motu
878 1761 930 1799 est
949 1776 958 1799 τ
991 1771 1195 1814 propterea
1215 1762 1321 1816 quod
1342 1772 1408 1801 aut
1428 1762 1656 1809 homiuum,
1682 1774 1747 1802 aut
1770 1765 1921 1818 legum,

530 1829 712 1867 interitus
734 1827 964 1866 ostenditur.
1012 1828 1143 1880 Opera
1164 1829 1291 1874 datur,
1325 1838 1367 1867 ut
1383 1829 1534 1881 judicia
1556 1843 1602 1867 ne
1625 1830 1718 1868 fiant
1737 1846 1745 1869 ε
1779 1845 1836 1870 res
1859 1834 1920 1869 vi-

528 1895 643 1933 detur
674 1895 841 1947 speetare
871 1892 919 1931 ad
950 1893 1237 1947 interregnum.
1284 1894 1475 1933 Consules
1503 1896 1666 1934 comitia
1687 1895 1828 1936 habere
1849 1913 1922 1937 cu·

530 1961 673 2014 piunt:
707 1961 761 1997 rei
794 1958 952 2004 nolunt,
983 1969 1022 1997 et
1054 1961 1226 1998 maxime
1259 1961 1496 2007 Memmius,
1528 1962 1634 2014 quod
1665 1963 1823 2002 Caesaris
1851 1965 1921 2003 ad-

529 2035 649 2064 ventu
672 2025 795 2078 sperat
816 2025 851 2063 se
872 2023 1054 2063 futurum
1076 2026 1278 2064 consulem
1298 2041 1306 2064 :
1340 2026 1402 2065 scd
1433 2028 1580 2066 mirum
1610 2028 1649 2065 in
1677 2029 1839 2068 modum
1856 2032 1919 2083 ja-

528 2101 605 2131 cet.
652 2091 858 2130 Domitius
892 2104 986 2129 cum
1023 2091 1184 2130 Mess'ala
1217 2102 1347 2131 certus
1381 2092 1453 2131 effe
1485 2094 1715 2133 videbatur:
1756 2097 1922 2136 Scaurus

529 2157 747 2196 refrixerat.
786 2157 941 2210 Appius
963 2157 1040 2195 sine
1062 2158 1147 2210 lege
1169 2159 1328 2196 Curiata
1349 2158 1557 2197 confirmat
1579 2159 1613 2197 sc
1636 2161 1809 2199 Lentulo
1831 2163 1921 2201 nos-

531 2234 590 2262 tro
620 2222 909 2262 successurum:
942 2223 1012 2275 qui
1044 2223 1206 2276 quidem
1240 2224 1432 2263 mirificus
1466 2225 1537 2263 illo
1568 2225 1631 2264 die
1665 2228 1790 2279 (quod
1823 2243 1922 2281 pene

527 2289 713 2342 praeterii)
739 2287 814 2327 fuit
836 2289 876 2327 in
899 2289 1119 2328 Gabinium
1140 2305 1149 2328 ε
1182 2290 1374 2328 accusavit
1397 2291 1603 2343 majestatis
1624 2307 1631 2330 :
1670 2294 1830 2332 nomina
1849 2295 1920 2333 da-

528 2367 579 2400 ta.
611 2369 703 2393 cum
726 2355 792 2394 ille
815 2354 977 2394 verbum
1001 2356 1174 2395 nullum.
1213 2357 1345 2395 Habes
1367 2356 1544 2396 forensia.
1592 2359 1712 2397 Domi
1736 2363 1849 2404 redte,
1879 2370 1918 2399 et

527 2422 606 2475 ipsa
627 2421 768 2460 domus
790 2435 810 2459 a
831 2421 1145 2475 redemptoribus
1168 2427 1351 2462 tractatur
1374 2437 1452 2463 non
1475 2425 1743 2479 indiligenter.
1777 2426 1891 2466 Vale.
