2241 2994
544 221 622 262 288

542 328 648 371 atque
664 317 791 366 ingenii
821 317 976 352 invectus
1000 317 1048 352 est
1076 316 1110 353 in
1128 327 1210 352 con-

536 367 746 413 jurationem
778 377 818 402 ut
845 366 963 401 ardore
989 366 1056 402 oris
1083 367 1210 401 oratio-

543 428 621 451 nem
662 416 819 451 omnium
854 414 1027 450 lenitatem
1069 415 1210 450 suaden-

541 465 630 500 tium
664 464 820 500 societate
855 463 986 499 consilii
1023 463 1209 511 suspectam

541 512 685 554 fecerit3
713 513 757 549 sic
787 513 1018 560 impendentia
1038 525 1081 547 ex
1104 512 1210 547 ruinis

543 561 774 616 incendiisque
811 561 906 597 urbis
945 571 980 596 et
1017 570 1210 596 commuta-

540 610 636 646 tione
652 611 757 646 status
775 610 907 658 publici
930 610 1090 664 'pericula
1105 621 1210 656 expo-

542 659 634 701 suit,
663 660 708 694 ita
737 659 885 695 consulis
903 659 1068 693 virtutem
1087 657 1210 712 ampli-

541 709 672 751 ficavit,
692 719 731 743 ut
749 707 925 744 universus
943 706 1096 742 senatus
1090 719 1123 741 in
1137 717 1211 752 elus

542 757 739 792 sententiam
781 756 945 792 transiret.
998 755 1092 790 Haec
1126 755 1208 790 Vel-

542 805 628 841 leius
647 807 699 841 lib.
720 806 763 841 ΙΙ.
791 815 859 852 cap.
880 817 936 851 35.
963 813 1002 839 tu
1022 804 1095 851 lege
1112 804 1209 839 Cice-

540 867 660 890 ronem
673 865 734 901 pro
751 857 864 896 Sextio,
891 862 958 899 cap.
979 855 1036 888 28.

593 903 700 939 Facto
728 903 834 951 igitur
867 903 901 937 S.
932 903 974 936 C
1005 901 1038 936 in
1067 901 1209 936 Catonis

541 952 752 994 sententiam,
794 950 1004 1000 supplicium
1037 950 1080 985 de
1115 950 1208 985 Len-

540 1001 630 1043 tulo,
656 1001 823 1048 Cethego,
861 1000 1009 1041 Statilio,
1045 998 1210 1040 Gabinio,

540 1049 702 1104 Caepario
733 1049 765 1084 in
793 1060 925 1084 carcere
945 1047 1122 1095 sumptum
1151 1047 1208 1082 est.

540 1098 689 1145 Atque
682 1108 728 1133 ita
745 1098 800 1132 M.
818 1097 942 1133 Cicero
958 1096 1025 1131 suis
1050 1095 1210 1137 confiliis,

540 1145 608 1182 suis
633 1146 824 1189 laboribus,
850 1145 898 1181 sui
925 1144 1047 1193 capitis
1076 1144 1210 1192 pericu-

541 1194 596 1238 lis,
619 1195 687 1230 fine
704 1195 873 1237 tumultu,
891 1194 959 1229 sine
975 1193 1123 1236 dele&u,
1142 1193 1210 1228 fine

540 1243 657 1286 armis,
683 1243 751 1280 sine
767 1243 932 1285 exercitu,
958 1242 1118 1290 quinque
1148 1242 1210 1277 ho-

541 1293 694 1328 minibus
715 1291 969 1340 comprehensis
995 1300 1100 1339 atque
1128 1303 1210 1327 con-

539 1340 647 1384 fossis,
674 1341 865 1377 incensione
894 1340 1030 1382 urbem,
1067 1340 1210 1394 interne-

540 1391 640 1427 cione
669 1391 774 1432 cives,
801 1389 955 1425 vastitate
984 1388 1130 1428 Italiam,
1162 1387 1210 1423 in-

539 1439 645 1476 teritu
674 1439 846 1486 rempubl.
870 1437 1040 1480 liberavit,
1065 1441 1099 1473 in
1125 1445 1208 1472 orat.

533 1498 596 1535 pro
614 1488 709 1534 Sylla,
735 1498 802 1534 cap.
829 1500 882 1524 ιι.

590 1538 651 1572 Ad
679 1537 872 1585 vesperum,
897 1547 978 1572 cum
1008 1534 1143 1577 Cicero,
1170 1544 1209 1569 ut

540 1585 736 1621 Plutarchus
775 1585 903 1626 scribit,
941 1597 1002 1632 per
1031 1583 1147 1619 forum
1181 1583 1209 1618 se

539 1635 686 1670 domum
716 1634 810 1669 suam
841 1633 1016 1681 reciperet,
1044 1645 1112 1668 non
1135 1631 1209 1680 jam

539 1683 672 1720 silentio
690 1683 795 1727 cives,
822 1694 935 1731 neque
961 1682 1081 1718 ordine
1110 1682 1210 1717 illum

538 1732 778 1768 deducebant.
817 1731 872 1767 sed
907 1742 1122 1779 quocunque
1155 1742 1210 1765 ac-

540 1782 689 1825 cesserat,
725 1793 845 1817 omnes
884 1791 966 1815 eum
992 1780 1139 1814 vocibus
1178 1789 1212 1814 et

539 1830 661 1879 plausu
688 1830 919 1884 excipiebant,
944 1838 979 1864 et
1007 1827 1211 1864 servatorem

540 1891 578 1914 ac
596 1879 809 1914 conditorem
829 1878 950 1926 patriae
976 1876 1209 1926 appellabant.

541 1929 581 1963 In
608 1927 743 1963 foribus
773 1927 947 1981 lampades
972 1936 1006 1961 et
1034 1925 1125 1961 faces
1156 1937 1210 1961 ac-

540 1977 647 2012 censa:
667 1977 760 2012 vicos
789 1986 822 2010 et
852 1975 1055 2023 angiportus
1072 1975 1210 2010 clarim-

541 2038 597 2061 ina
622 2026 698 2060 luce
727 2025 985 2066 collustrabant,
1021 2035 1085 2071 pro
1115 2023 1211 2058 tectis

541 2074 699 2110 mulieres
731 2074 876 2115 stabant,
916 2083 955 2107 ut
983 2083 1062 2107 eum
1094 2072 1209 2107 virum

539 2124 744 2160 honorarent
760 2132 795 2157 et
825 2121 1023 2169 spectarent,
1049 2121 1111 2168 qui
1141 2121 1209 2155 cla-

540 2172 673 2208 riffimis
688 2171 768 2206 viris
780 2171 967 2206 comitatus
985 2179 1082 2205 tanto
1100 2169 1209 2217 splen

539 2223 622 2257 dore
640 2233 699 2269 per
716 2220 832 2255 forum
850 2219 1050 2255 ascenderet.
1088 2220 1210 2266 Atque

541 2272 615 2306 haec
649 2270 740 2305 fasta
772 2269 849 2304 sunt
878 2268 992 2304 Nonis
1022 2267 1208 2302 Decembr.

539 2331 626 2367 quas
645 2320 768 2355 Cicero
797 2318 928 2366 semper
956 2317 990 2354 in
1018 2328 1077 2352 ore
1107 2316 1209 2351 habe-

541 2370 613 2410 bat,
640 2378 679 2402 ut
697 2367 812 2403 scribit
830 2365 1092 2403 BrutusadAu.
1121 2365 1210 2400 Vide

575 2418 621 2458 nst.
658 2431 690 2464 9.
733 2416 862 2451 lib.1.
903 2416 995 2451 Fam.
1031 2414 1113 2462 epist·
1154 2426 1208 2460 13-

537 2428 593 2502 [b.
625 2466 651 2502 1
677 2474 706 2501 et
734 2465 814 2513 epist.
851 2477 881 2502 ι.
907 2463 962 2500 lib.
994 2463 1043 2500 X.
1072 2462 1209 2502 admi.

857 220 921 260 M.
982 222 1038 260 T.
1097 221 1626 262 CICERONIS

1260 317 1300 353 In
1338 317 1516 353 consulatu
1551 317 1607 354 M.
1644 317 1788 354 Tullius
1818 317 1927 365 legem

1259 378 1404 450 flt'ffli?
1422 367 1854 452 3535531220³1333ss33552⁵
1873 377 1929 450 3215

1260 475 1414 499 annuum
1443 475 1580 511 tempus
1609 476 1726 500 earum
1754 464 1846 505 esset,
1872 463 1927 499 lib.

1260 513 1322 547 111.
1352 512 1390 547 de
1419 513 1558 558 Legibus
1584 522 1652 559 cap.
1685 515 1716 548 8.
1762 513 1929 561 Qiaestor

1260 561 1437 595 Ciceronis
1455 560 1521 595 cos.
1541 559 1609 596 fuit
1626 562 1675 596 T.
1694 561 1824 596 Fadius
1837 578 1848 602 ·‚
1860 561 1929 607 post

1260 609 1367 644 Redit.
1397 611 1431 643 in
1455 611 1581 650 Senatu,
1607 619 1674 655 cap.
1697 611 1728 644 8.
1782 609 1928 645 Antonii

1259 657 1413 704 quaestor
1436 656 1505 692 fuit
1532 658 1569 692 Ρ.
1600 657 1749 700 Sextius,
1771 667 1829 704 pro
1855 659 1930 693 Sex·

1258 711 1314 749 tio,
1341 716 1406 753 cap.
1442 718 1474 752 3.
1525 706 1659 742 Eodem
1687 718 1777 742 anno
1807 706 1930 742 Cicero

1259 754 1378 790 consul
1410 757 1451 791 L.
1471 755 1616 790 Luculli
1643 767 1784 790 currum
1807 755 1928 791 trium-

1260 803 1397 851 phalem
1415 816 1500 851 pene
1519 804 1552 839 in
1577 805 1698 839 urbem
1723 803 1928 845 introduxit,

1259 855 1293 887 in
1311 853 1454 895 Lucullo,
1481 862 1550 899 cap.
1577 865 1605 888 1.
1633 853 1749 907 itaque
1766 853 1929 888 Murena:

1259 900 1475 936 consulatum
1493 901 1621 955 petenti
1639 901 1808 936 exercitus
1834 911 1929 937 totus

1259 950 1418 993 Luculli,
1458 962 1518 997 qui
1549 950 1592 984 ad
1621 949 1838 997 triumphum
1869 962 1930 998 per

1260 1010 1318 1033 eos
1358 998 1428 1033 dies
1464 1008 1614 1040 venerat,
1657 998 1782 1046 praesto
1816 997 1929 1041 affuit,

1256 1057 1316 1093 pro
1333 1049 1488 1087 Murena,
1507 1056 1576 1093 cap.
1603 1049 1656 1082 18.
1694 1046 1830 1082 Eodem
1847 1058 1930 1082 con-

1260 1095 1330 1130 sule
1348 1094 1522 1138 referente,
1550 1095 1702 1143 primum
1724 1096 1843 1130 decem
1860 1095 1932 1131 die·

1261 1156 1338 1179 rum
1371 1144 1420 1179 est
1452 1143 1660 1192 supplicatio
1696 1144 1831 1179 decreta
1863 1145 1931 1180 Cn.

1258 1193 1439 1240 Pompeio,
1491 1193 1696 1228 Mithridate
1739 1192 1931 1235 interfecto,

1258 1240 1489 1289 confectoque
1506 1241 1749 1278 Mithridatico
1768 1242 1873 1286 bello,
1896 1245 1930 1277 in

1259 1298 1338 1326 orat.
1357 1290 1394 1325 de
1411 1291 1514 1325 Prov.
1533 1290 1653 1335 Consul.
1672 1300 1740 1337 cap.
1766 1303 1778 1326 1
1791 1303 1820 1326 1.

1310 1339 1492 1374 Hactenus
1511 1339 1728 1374 consulatum
1753 1339 1931 1376 Ciceronis

1259 1387 1508 1435 descripsimus.
1553 1389 1607 1423 De
1625 1400 1698 1436 quo
1719 1389 1772 1424 Μ.
1792 1388 1931 1424 Crassus

1262 1436 1308 1472 ita
1323 1437 1424 1478 dixit,
1451 1440 1499 1479 Se,
1523 1436 1604 1483 quod
1619 1436 1684 1484 effe-t
1694 1438 1834 1482 senator,
1853 1437 1934 1485 quod

1261 1488 1350 1526 civis,
1376 1485 1454 1532 quod
1474 1486 1563 1527 liber,
1588 1487 1665 1532 quod
1680 1490 1820 1528 viz-eret,
1846 1488 1932 1522 Cice·

1258 1536 1328 1569 roni
1351 1542 1508 1581 acceptum
1533 1535 1662 1579 referre.
1713 1535 1843 1579 ‚Quoties
1861 1547 1931 1570 con-

1250 1584 1371 1631 jugern,
1408 1587 1524 1631 quoties
1563 1583 1694 1623 domum.
1728 1593 1842 1631 quoues
1870 1594 1931 1630 pa.

1259 1636 1367 1675 triam,
1403 1633 1542 1673 videret,
1579 1634 1666 1667 toties
1687 1633 1723 1679 se
1756 1633 1931 1676 beneficium

1259 1694 1322 1728 qus
1345 1680 1464 1724 videre,
1489 1681 1586 1729 epist.
1612 1693 1665 1717 ιι.
1699 1682 1740 1728 [l.
1765 1683 1839 1728 14]
1868 1682 1929 1718 lib.

1262 1733 1289 1767 Ι.
1309 1730 1352 1765 ad
1372 1733 1448 1766 Att-

1312 1779 1469 1814 Maxime
1493 1790 1577 1814 vero
1602 1778 1818 1814 consulatum
1838 1779 1929 1814 hunc

1261 1827 1328 1863 Cn.
1360 1828 1551 1882 Pompeius
1576 1828 1749 1875 probavit,
1775 1828 1851 1876 qui,
1892 1838 1931 1864 ut

1261 1877 1463 1912 Ciceronem
1501 1889 1654 1925 primum
1690 1877 1855 1911 decedens
1884 1889 1927 1912 ex

1262 1926 1360 1973 Syria
1389 1926 1488 1968 vidit,
1514 1926 1718 1973 complexus
1747 1935 1782 1960 et
1812 1936 1930 1979 gratu-

1262 1975 1347 2015 lans,
1373 1973 1446 2022 ejus
1477 1974 1644 2010 beneficio
1693 1974 1812 2009 aeriam
1832 1975 1861 2009 le
1879 1987 1930 2009 vi-

1261 2023 1376 2058 surum
1393 2024 1458 2059 effe
1473 2024 1574 2065 dixit,
1601 1987 1719 2069 Pbipp.
1741 2024 1783 2058 11.
1811 2034 1867 2071 cap
1869 2036 1929 2068 ,5.

1262 2072 1358 2108 Idem
1376 2073 1429 2107 vir
1454 2071 1632 2107 abundans
1663 2072 1794 2107 bellicis
1821 2073 1930 2107 laudi

1262 2121 1340 2163 bus,
1375 2121 1534 2157 Ciceroni
1564 2120 1682 2156 multis
1710 2121 1930 2156 audientibus

1261 2169 1326 2205 hoc
1353 2170 1488 2212 tribuit,
1515 2179 1555 2204 ut
1580 2169 1719 2211 diceret,
1747 2168 1870 2205 frustra
1900 2171 1930 2206 se

1261 2219 1398 2254 tertium
1418 2196 1634 2272 triiimplium
1664 2218 1928 2266 deportaturum

1260 2266 1370 2311 fuisse,
1396 2267 1456 2303 nisi
1484 2279 1557 2315 ejus
1585 2280 1616 2301 ιιι
1637 2267 1808 2315 rempubl.
1829 2268 1931 2303 bene-

1260 2317 1352 2359 ficio,
1380 2317 1441 2352 ubi
1459 2316 1698 2363 triumpharet
1723 2315 1802 2351 esset
1832 2316 1928 2352 habi-

1259 2375 1371 2408 turus,
1397 2365 1452 2401 lib.
1473 2366 1499 2401 1.
1519 2364 1699 2411 deOffiais,
1724 2374 1791 2411 cap.
1813 2376 1870 2400 22.

1309 2415 1511 2450 Ciceronem
1530 2424 1693 2461 pra-terea
1715 2415 1766 2460 Q
1782 2414 1928 2449 Catulus

1261 2463 1421 2514 princeps
1450 2463 1582 2500 senatus
1608 2473 1643 2499 et
1661 2463 1779 2499 aanor
1796 2463 1929 2512 publici
