2241 2994
491 204 572 249 286

489 304 589 346 illum,
613 304 665 351 qm·
690 302 790 337 armis
817 310 911 348 remp.
930 306 1070 347 gereret,
1095 312 1160 337 mu-

489 365 561 388 rum
575 350 718 398 intereffe.

540 400 690 438 Catilina
716 399 823 446 igitur
846 397 947 434 noste
963 397 1162 445 intempesta

491 461 574 485 cum
603 449 762 485 trecentis
791 447 942 489 armatis,
979 447 1159 483 liekoribus

490 508 525 533 et
548 497 698 534 fascibus
724 496 858 544 imperii
885 496 1074 544 insignibus
1102 495 1161 531 ad·

492 547 623 590 bibitis,
643 559 686 583 ex
704 546 790 583 urbe
807 545 842 582 in
859 545 1040 581 Manliana
1055 544 1164 579 castra

490 595 667 644 profec‘tus
684 595 743 631 est.

543 644 710 681 Postridie
733 655 842 692 quam
861 642 1011 678 Catilina
1037 639 1159 688 profu-

491 693 556 741 git,
582 693 704 730 Cicero
719 693 908 729 orationem
927 692 967 726 ad
986 691 1160 738 populum

493 742 627 785 habuit,
666 753 772 789 quam
814 742 974 776 octavam
1005 738 1159 774 consula-

493 804 565 827 rem
599 800 756 826 numerat
784 791 865 836 epist.
902 801 930 824 1.
959 788 1012 823 lib.
1044 788 1090 823 11.
1120 786 1165 822 ad

492 841 567 876 Att.
592 849 627 875 et
654 839 701 874 est
727 838 874 875 secunda
889 836 1100 879 Catilinaria,
1128 837 1163 870 in

491 901 565 936 qua
589 890 717 924 Orator
745 887 938 935 gratulatur
966 885 1104 933 populo
1129 895 1164 920 et

492 937 640 985 reipubl.
660 937 758 984 quod
785 936 936 971 Catilina
959 947 1002 970 ex
1021 935 1106 969 urbe
1124 934 1165 969 sit

491 985 694 1034 profectus:
722 995 827 1032 atque
844 985 886 1019 ad
909 983 1164 1019 confirmandos

492 1035 625 1071 animos
643 1034 818 1069 bonorum
833 1033 978 1074 civium,
991 1042 1025 1067 et
1043 1030 1163 1067 infrin-

492 1084 623 1131 gendos
640 1081 836 1130 conjuratos
855 1081 1032 1128 utriusque
1057 1079 1164 1128 partis

492 1132 610 1180 copias
628 1132 714 1167 inter
731 1131 762 1166 se
779 1139 967 1178 comparat.

542 1180 733 1228 Postquam
775 1180 903 1214 Romae
943 1186 1163 1226 compertum

492 1229 574 1272 fuit,
601 1228 789 1264 Catilinam
810 1228 843 1263 in
861 1227 967 1262 castra
984 1226 1165 1262 Manliana

493 1278 692 1328 profestum
718 1277 795 1320 esse,
821 1276 954 1312 senatus
976 1275 1164 1312 Catilinam

491 1338 528 1364 et
545 1326 724 1363 Manlium
742 1326 853 1362 hostes
865 1325 1049 1373 judicavit.
1093 1325 1166 1359 De-

494 1376 603 1412 crevit
619 1385 797 1423 praeterea,
816 1374 868 1410 uti
884 1373 1039 1410 consules
1056 1373 1167 1408 delec-

494 1435 571 1461 tum
589 1424 765 1467 haberent,
779 1423 956 1459 Antonius
972 1434 1054 1457 cum
1071 1433 1164 1457 exer-

494 1475 566 1510 citu
582 1473 769 1509 Catilinam
787 1472 942 1520 persequi
969 1480 1166 1512 maturaret,

492 1524 617 1559 Cicero
635 1522 714 1558 urbi
742 1522 901 1571 praefidio
925 1521 1017 1563 esset,
1042 1523 1168 1555 auHore

494 1572 646 1616 Sallqllio,
670 1580 740 1617 cap.
760 1571 820 1617 36.
994 1612 997 1613 ⁷

543 1620 697 1657 Catilina
723 1619 797 1666 jam
840 1618 973 1654 bellum
1015 1627 1164 1665 gerente,

492 1682 577 1706 cum
591 1669 666 1717 ejus
682 1668 763 1704 socii
782 1669 816 1704 in
834 1668 919 1703 urbe
942 1667 1050 1703 relicti
1079 1679 1164 1703 non-

493 1720 580 1755 dum
598 1719 702 1754 effent
717 1717 928 1766 deprehensi,
943 1716 1067 1752 Cicero
1079 1716 1165 1751 Mu-

495 1780 610 1804 renam
644 1766 818 1803 consulem
860 1766 1075 1813 designatum
1108 1767 1166 1801 de-

495 1817 618 1860 fendit,
644 1827 684 1853 ut
713 1828 755 1851 ex
786 1815 857 1863 ipsa
883 1815 1050 1856 oratione,
1088 1827 1164 1863 cap.

494 1877 555 1951 52⁷1?
581 1865 1167 1951 ‘²2¹2‘0232530’.53·d{⁹;.213333

494 1966 564 2000 Ser.
583 1963 772 2011 Sulpicius,
808 1963 864 1999 M.
892 1962 1039 1998 Porcius
1067 1963 1166 2005 Cato,

493 2023 527 2049 et
545 2014 612 2049 Cn.
631 2011 840 2048 Postumius.
876 2011 1055 2058 Sulpicius
1071 2022 1165 2046 com-

541 2062 623 2098 titor
638 2060 712 2108 ejus
730 2059 854 2102 fuerat,
871 2069 905 2095 et
923 2060 1092 2107 repulsam
1111 2069 1167 2095 tu-

509 2120 590 2147 erat.
626 2110 796 2145 Catonem
814 2109 1023 2145 Plutarchus
1042 2109 1075 2144 in
1092 2107 1167 2156 ejus

495 2160 568 2195 vita
602 2159 718 2195 scribit
746 2158 885 2206 jurasse,
923 2157 1166 2194 accusaturum

495 2210 526 2244 se
553 2219 800 2257 quemcunque
830 2207 1012 2255 pecuniam
1032 2219 1080 2256 po
1108 2207 1169 2242 ulo

494 2258 576 2293 dare
613 2254 826 2304 cognovisset
845 2268 854 2291 :
895 2255 1043 2303 ideoque
1129 2267 1168 2291 u-

496 2318 587 2343 renae
616 2318 740 2342 nomen
770 2305 814 2340 ab
839 2316 883 2340 eo
909 2304 1064 2343 delatum
1092 2305 1169 2347 elle,

497 2356 595 2441 puod
614 2356 641 2390 is
659 2354 804 2402 pecunia
820 2353 993 2396 effecisset,
1019 2364 1060 2390 ut
1085 2365 1169 2389 con-

512 2406 546 2440 ul
566 2416 647 2439 cum
666 2405 784 2439 Sil-ino
801 2403 1045 2452 designaretur.

547 2452 785 2490 Defenderam
803 2453 990 2490 Murenam
1003 2455 1060 2501 Q
1072 2451 1168 2489 Hor-

802 203 867 244 M.
928 204 982 244 T.
1045 203 1576 244 CICERONIS

1210 301 1348 343 tensius,
1375 301 1429 337 M.
1449 301 1599 343 Crassus,
1618 309 1653 336 et
1670 301 1725 336 M.
1741 300 1879 344 Cicero,

1210 351 1285 397 qui,
1312 362 1392 385 cum
1413 350 1641 385 Hortensium
1670 350 1880 398 eloquentiae

1211 399 1312 434 laude
1330 409 1405 434 tum
1431 399 1607 434 florentem
1625 398 1780 447 superare
1796 410 1882 434 con-

1210 448 1373 490 tenderet,
1415 447 1547 484 nullani
1590 459 1722 496 partem
1770 447 1880 482 nostis

1209 497 1424 544 conquievit,
1451 496 1557 543 usque
1573 509 1616 532 eo
1630 507 1669 532 ut
1687 496 1801 532 nimiis
1818 507 1881 530 cu·

1211 545 1255 580 ris
1293 556 1327 580 et
1367 545 1495 592 vigiliis
1539 546 1698 588 afflictus,
1740 543 1882 580 inferior

1211 606 1318 640 quam
1338 593 1393 628 ille
1423 593 1457 628 in
1487 594 1619 629 actione
1647 593 1739 628 visus
1763 592 1880 628 fuerit.

1210 643 1305 677 Haec
1346 642 1554 677 Plutarchus
1589 646 1623 677 in
1658 643 1815 685 Cicerone,
1841 651 1884 676 ut

1209 703 1275 738 ego
1298 690 1508 738 jampridem
1539 700 1786 733 converteram,
1821 690 1883 725 ubi

1211 741 1309 788 quod
1327 740 1381 774 alii
1399 746 1435 785 μ),
1453 740 1597 782 addunt,
1625 740 1680 774 alii
1702 741 1798 781 αὑτοῖ,
1818 751 1884 787 pro

1212 790 1310 831 ‹121an,
1337 789 1469 836 legunt,
1498 789 1595 824 nullo
1613 789 1718 824 modo
1735 789 1884 836 probare

1213 838 1361 886 possum.

1264 886 1405 923 Interim
1424 887 1464 922 P.
1484 886 1658 922 Lentulus
1684 887 1771 921 Sura
1790 885 1885 933 lega-

1213 945 1267 971 tos
1318 935 1571 982 Allobrogum,
1617 935 1679 982 qui
1731 936 1884 970 Romam

1213 983 1374 1031 questum
1403 984 1446 1019 de
1463 984 1604 1018 avaritia
1621 983 1886 1030 magistratuum

1212 1042 1387 1075 venerant,
1430 1032 1638 1074 sollicitavit,
1679 1031 1804 1078 eosque
1849 1031 1885 1066 in

1213 1081 1366 1116 Galliam
1396 1080 1439 1115 ad
1465 1081 1542 1116 suos
1570 1081 1662 1116 cives
1679 1092 1761 1115 cum
1778 1080 1886 1116 literis

1214 1130 1316 1165 misit.
1367 1129 1491 1165 Cicero
1516 1130 1611 1165 omni
1634 1141 1679 1171 re,
1706 1141 1811 1177 opera
1835 1130 1889 1177 Q

1213 1177 1314 1213 Fabii
1333 1178 1458 1225 Sangae
1489 1179 1622 1226 patroni
1653 1177 1802 1214 civitatis
1820 1178 1888 1213 Al-

1214 1227 1402 1275 lobrogum
1456 1228 1610 1275 cognita,
1661 1227 1706 1262 L.
1746 1227 1887 1262 Valerio

1214 1276 1343 1312 Flacco
1368 1285 1403 1311 et
1432 1277 1475 1312 C.
1501 1276 1703 1324 Pomptinio
1729 1275 1889 1323 praetori-

1217 1325 1284 1360 bus
1301 1324 1496 1373 imperavit,
1523 1335 1563 1360 ut
1588 1326 1620 1360 in
1651 1336 1757 1373 ponte
1784 1324 1888 1360 Mul-

1216 1374 1277 1410 vio
1293 1385 1354 1421 per
1370 1373 1503 1410 insidias
1522 1374 1761 1420 Allobrogum
1779 1373 1889 1409 comi-

1215 1432 1308 1458 tatus
1341 1423 1642 1471 deprehenderent.
1693 1422 1807 1470 Igitur
1834 1434 1887 1458 iv.

1216 1472 1340 1508 Nonas
1358 1472 1543 1507 Decembr.
1571 1484 1653 1507 cum
1676 1470 1888 1519 advesperas-

1217 1531 1307 1556 ceret
1345 1521 1484 1556 occulte
1516 1532 1558 1555 eo
1590 1519 1749 1568 profecti,
1791 1519 1891 1555 tertia

1217 1569 1288 1606 fere
1327 1570 1448 1618 vigilia
1487 1570 1630 1612 exacta,
1677 1568 1892 1616 Allobroges

1215 1631 1296 1654 cum
1327 1618 1495 1654 comitatu
1526 1629 1560 1653 et
1595 1619 1700 1653 literis
1729 1630 1891 1665 compre·

1218 1668 1421 1710 henderunt,
1463 1677 1567 1715 atque
1596 1668 1638 1702 ad
1672 1667 1890 1708 Ciceronem,

1216 1729 1297 1753 cum
1310 1716 1385 1764 jam
1403 1716 1635 1758 dilucesceret,
1658 1715 1888 1751 deduxerunt.

1267 1767 1332 1802 111.
1377 1766 1496 1801 Nonas
1544 1765 1669 1800 Cicero
1717 1764 1890 1817 principes

1216 1813 1465 1862 conjurationis
1483 1814 1525 1849 ad
1546 1813 1575 1849 se
1592 1814 1707 1849 venire
1720 1815 1830 1860 Juss'it,
1856 1822 1891 1848 et

1217 1864 1369 1900 senatum
1402 1863 1437 1898 in
1466 1864 1577 1899 aedem
1601 1863 1808 1899 Concordia:
1827 1873 1890 1896 vo-

1217 1913 1321 1949 cavit.
1373 1912 1427 1948 Ibi
1453 1913 1500 1948 T.
1521 1911 1698 1948 Vulturcii
1727 1921 1762 1946 et
1788 1910 1888 1946 Allo-

1219 1963 1369 2010 brogum
1399 1961 1534 1997 indiciis
1560 1960 1754 2009 conjuratio
1777 1960 1890 1995 omnis

1216 2010 1387 2059 patefacta
1402 2010 1461 2046 est.
1513 2009 1722 2046 Introductis
1745 2010 1778 2044 in
1798 2008 1891 2043 sena-

1217 2071 1293 2095 tum
1329 2059 1516 2102 indicibus,
1555 2059 1680 2094 Cicero
1713 2057 1892 2093 constituit

1217 2111 1256 2144 C.
1288 2108 1511 2151 Cosconium,
1539 2107 1594 2143 M.
1625 2107 1819 2148 Messalam,
1847 2107 1889 2142 P.

1216 2157 1418 2206 Nigidium,
1466 2159 1539 2205 Ap.
1574 2156 1778 2197 Claudium,
1829 2155 1891 2202 qui

1217 2207 1335 2242 omnia
1365 2206 1519 2241 indicum
1538 2205 1642 2248 dicta,
1671 2205 1892 2251 interrogata,

1220 2254 1372 2303 msponsn
1389 2255 1643 2303 perscriberent.
1691 2254 1803 2301 Qiod
1823 2252 1893 2300 ipse

1216 2314 1275 2351 pro
1308 2304 1392 2350 Sylla
1426 2303 1539 2345 refert,
1580 2313 1648 2349 rap.
1687 2314 1740 2345 14.
1792 2303 1892 2337 Tum

1218 2353 1417 2396 Lentulus,
1468 2353 1662 2399 Cethegus,
1714 2350 1892 2393 Statilius,

1218 2402 1392 2439 Gabinius
1409 2411 1442 2438 et
1460 2402 1644 2450 Caeparius
1667 2412 1708 2436 ex
1734 2402 1768 2435 S.
1786 2401 1827 2435 C.
1857 2399 1891 2433 in

1218 2451 1411 2489 custodiam
1428 2451 1504 2488 sunt
1523 2450 1649 2487 traditi.
1674 2450 1770 2498 Qioe
1787 2448 1894 2485 cicer·
