2241 2994
540 262 1384 305 PHILOSOPHORUM.

380 407 845 444 POSSIDONIUS.

354 503 671 540 OSSlDONIUM
703 501 772 538 fere
801 502 943 550 semper,

372 564 453 587 cum
483 553 526 586 de
553 563 595 586 eo
623 551 779 597 loquitur
797 550 943 586 familia-

279 611 349 635 rem
389 600 489 635 suum
523 600 674 648 appellat
708 600 840 635 Cicero.
892 601 945 635 De

279 649 415 684 Natura
443 650 584 684 Deorum
613 648 720 683 libros
744 647 884 696 scripsit,
912 648 945 682 in

280 709 432 744 quorum
467 698 592 744 quinto
624 696 788 738 differuit,
832 697 947 731 nullos

279 746 344 781 effe
360 747 440 781 deos
458 746 614 793 Epicuro
632 745 764 780 videri:
785 754 949 792 praeterea

280 795 438 841 quinque
453 794 490 829 de
506 795 727 829 Divinatione.
769 793 948 840 Sphaeram

280 843 408 883 effecit,
435 841 534 888 cujus
552 842 696 888 fingulae
713 842 949 877 converslones

282 889 373 925 idem
391 890 585 925 efficiebant
602 890 636 924 in
654 889 732 932 sole,
750 900 784 924 et
802 890 836 924 in
854 890 948 932 luna,

280 949 315 974 et
349 939 384 973 in
418 939 575 986 quinque
607 938 709 973 stellis
743 939 948 980 errantibus,

282 987 381 1034 quod
413 987 563 1022 efficitur
605 987 639 1021 in
673 987 768 1021 coelo
808 987 949 1033 singulis

281 1036 405 1071 diebus
420 1046 455 1070 et
472 1036 642 1070 noetibus.
684 1035 826 1069 Censuit
843 1047 947 1070 vero:

333 1085 374 1119 In
394 1094 515 1119 natura
531 1084 625 1131 figna
641 1083 802 1130 quaedam
819 1084 883 1118 effe
900 1096 949 1118 re-

285 1145 361 1168 rum
379 1132 588 1168 futurarum.
614 1133 652 1167 de
671 1133 786 1167 Divin.
807 1133 834 1167 1.
854 1144 911 1179 57.

333 1183 485 1217 Omnem
526 1182 600 1216 vim
633 1180 810 1215 divinandi
849 1181 951 1215 ratio-

285 1242 446 1277 nemque,
488 1230 642 1278 primum
683 1229 898 1276 repetendam
933 1241 953 1263 a

283 1280 362 1321 deo,
389 1279 511 1313 deinde
527 1290 547 1314 a
570 1278 654 1320 fato,
681 1277 802 1312 deinde
818 1289 836 1311 a
853 1287 950 1313 natu-

285 1340 332 1363 ra.
359 1327 396 1362 de
415 1329 530 1362 Divin.
553 1328 579 1362 Ι.
600 1337 657 1371 55.

335 1375 470 1411 Tribus
503 1375 615 1410 modis
644 1375 788 1410 deorum
807 1373 954 1421 appulsu

287 1424 442 1460 homines
492 1424 680 1459 somniare:
734 1435 817 1465 uno,
857 1422 954 1469 quod

286 1473 479 1520 praevideat
511 1472 645 1508 animus
687 1471 754 1520 ipse
787 1483 847 1519 per
880 1470 953 1511 lese,

287 1522 422 1569 quippe
464 1521 526 1568 qui
569 1521 713 1556 deorum
751 1519 955 1567 cognatione

289 1579 467 1605 teneatur:
497 1570 615 1612 altero,
641 1569 738 1616 quod
756 1569 878 1616 plenus
901 1580 956 1602 aer

288 1619 329 1653 sit
370 1618 616 1653 immortalium
667 1629 873 1658 animorum,
922 1616 955 1650 in

289 1667 420 1714 quibus
461 1676 626 1714 tanquam
662 1665 830 1713 insignitae
865 1674 956 1699 notae

292 1716 442 1751 veritatis
476 1724 682 1763 appareant:
721 1696 834 1756 tertio,
862 1714 958 1760 quod

292 1764 352 1811 ipsi
381 1764 431 1799 dii
459 1775 541 1798 cum
568 1763 820 1798 dormientibus
850 1762 957 1796 collo-

292 1822 468 1860 quantur;
486 1812 590 1858 idque
607 1811 742 1846 facilius
767 1810 880 1845 evenit
898 1822 957 1857 ap-

292 1861 548 1909 propinquante
574 1870 696 1902 morte,
725 1869 762 1893 ut
779 1858 882 1893 animi
901 1858 957 1892 fu-

292 1920 370 1945 tura
388 1919 610 1956 augurentur.
629 1907 666 1942 de
683 1908 801 1942 Divin.
821 1907 848 1942 1.
870 1918 927 1952 30.

342 1958 443 1993 Nihil
459 1957 523 1992 effe
541 1958 686 1999 bonum,
705 1956 765 1990 nisi
783 1955 879 2003 quod
896 1955 958 1990 ho-

292 2007 437 2042 nestum.
464 2006 551 2051 Tusc.
572 2006 614 2040 11.
635 2016 680 2050 25

333 2056 501 2091 Do:0rem
518 2066 587 2090 non
599 2054 664 2088 effe
660 2017 818 2088 5malum.
836 2051 957 2088 ibidem.

438 2199 810 2235 PRODICUS.

373 2295 611 2336 RODICUS‚
637 2296 742 2337 Ceus,
782 2295 960 2342 Phy‚s1cus

389 2357 440 2387 ea,
466 2355 548 2391 quae
572 2344 763 2391 prodefl‘ent
781 2345 960 2378 hominum

297 2394 393 2435 vitae,
427 2393 570 2427 deorum
606 2405 639 2426 in
675 2404 818 2427 numero
848 2392 963 2426 habita

294 2442 362 2477 effe
377 2441 474 2477 dixit.
493 2440 531 2475 de
546 2439 631 2476 Nat.
651 2441 748 2476 Deor.
771 2441 794 2475 1.
816 2452 874 2483 42-

1594 279 1671 317 419

1095 409 1559 445 PROTAGORAS.

1094 503 1294 540 BDERI'l
1298 506 1359 540 Es
1391 506 1657 542 PROTAGO-

1120 552 1229 594 RAS,
1256 553 1428 599 Sophistes
1445 555 1658 609 temporibus

994 599 1061 634 illis
1078 600 1134 635 vel
1165 601 1348 641 maximus,
1376 613 1457 635 cum
1483 602 1515 636 in
1535 603 1659 649 princi-

995 647 1055 695 pio
1073 648 1152 683 libri
1170 649 1218 683 sui
1236 649 1408 696 posuisset,
1428 651 1477 684 De
1493 650 1553 684 diis
1569 663 1662 697 neque

996 704 1033 731 ut
1048 697 1129 740 sint,
1156 709 1249 745 neque
1264 704 1300 732 ut
1318 709 1376 731 non
1383 697 1466 740 snt
1491 697 1589 732 habeo
1614 698 1662 732 di-

998 757 1076 788 cere,
1104 746 1364 781 Athenienfium
1389 744 1483 791 juffu
1511 746 1596 780 urbe
1614 757 1662 781 at-

999 805 1067 840 que
1096 806 1180 840 agro
1207 794 1255 829 est
1287 794 1542 835 exterminatus,
1569 794 1662 829 libri-

999 854 1068 889 que
1101 842 1174 888 ejus
1210 843 1242 877 in
1277 842 1442 878 concione
1481 843 1663 878 combusti.

1000 891 1135 925 Tenuit
1151 891 1185 925 id
1203 891 1330 938 cuique
1342 903 1462 925 verum
1480 891 1555 933 effe,
1568 892 1665 938 quod

1000 938 1127 986 cuique
1145 939 1313 975 videatur.
1339 938 1376 973 de
1403 939 1486 975 Nat.
1510 941 1610 975 Deor.
1637 940 1664 975 Ι.

1002 999 1060 1034 23,
1085 997 1120 1022 et
1137 999 1196 1032 42.
1226 989 1304 1026 Luc.
1325 988 1383 1031 46.

1156 1132 1506 1169 PYRRHO.

1079 1229 1282 1271 YRRHO,
1308 1229 1427 1272 Eleus,
1454 1240 1473 1264 a
1492 1240 1565 1276 quo
1583 1230 1667 1276 Pyr-

1097 1277 1213 1312 rhonei
1243 1278 1408 1312 nominati
1438 1278 1526 1319 sunt,
1553 1279 1669 1313 omnia

1002 1326 1213 1373 exaequavit,
1240 1336 1342 1373 atque
1358 1326 1488 1361 virtute
1504 1327 1668 1362 constitu·

1003 1387 1049 1414 ta,
1077 1375 1162 1409 nihil
1192 1375 1348 1416 omnino,
1384 1375 1481 1422 quod
1507 1385 1667 1422 appeten-

1003 1423 1088 1458 dum
1124 1423 1176 1465 sit,
1215 1422 1376 1469 reliquit:
1409 1433 1443 1458 et
1478 1423 1670 1459 introduxit

1003 1473 1153 1513 :inde-cm,
1181 1471 1216 1505 id
1245 1471 1305 1513 est,
1332 1471 1539 1506 vacuitatem
1568 1472 1670 1506 affec·

1005 1529 1120 1563 tuum,
1147 1529 1186 1554 ut
1211 1519 1339 1566 sapiens
1365 1520 1460 1554 omni
1491 1521 1670 1567 perturba-

1005 1569 1098 1603 tione
1115 1568 1290 1608 liberatus,
1310 1567 1393 1602 nihil
1412 1578 1562 1615 appetat,
1587 1569 1669 1603 nihil

1005 1615 1130 1664 fugiat,
1157 1628 1216 1651 nec
1241 1616 1305 1651 hoc
1324 1617 1440 1662 potius
1459 1629 1564 1663 quam
1583 1617 1669 1651 illud

1006 1664 1189 1712 sequatur3
1230 1664 1283 1698 sed
1312 1665 1474 1699 omnibus
1505 1666 1537 1698 in
1570 1665 1670 1699 rebus

1009 1715 1156 1759 (virtute
1181 1723 1215 1748 et
1240 1712 1322 1747 vitio
1347 1713 1514 1759 exceptis)
1538 1713 1667 1748 indiffe-

1008 1772 1118 1797 renter
1134 1772 1168 1797 et
1186 1762 1253 1796 sine
1268 1761 1340 1795 ullo
1352 1761 1476 1796 affeetu
1493 1761 1523 1796 se
1538 1762 1668 1796 habeat.

1006 1811 1086 1846 Luc.
1107 1821 1167 1855 42.
1186 1821 1219 1845 et
1237 1809 1272 1844 de
1290 1809 1396 1846 Finib.
1416 1810 1460 1845 11.
1485 1822 1538 1856 ¹3·
1557 1820 1591 1845 et
1608 1811 1670 1845 IV.

1012 1859 1067 1894 16.

1130 1957 1153 1990 S
1173 1955 1186 1990 1
1205 1955 1250 1990 Μ
1268 1956 1302 1990 Ο
1322 1955 1358 1990 N
1379 1955 1391 1989 1
1412 1954 1446 1988 D
1466 1955 1497 1989 E
1516 1956 1551 1990 S.

1105 2052 1137 2087 E
1165 2051 1460 2094 SIMONIDF‚
1487 2062 1586 2098 poeta
1604 2064 1672 2087 non

1130 2100 1240 2135 solum
1273 2100 1380 2141 suavi,
1417 2112 1535 2135 verum
1570 2101 1673 2135 etiam

1009 2149 1114 2183 docto
1131 2149 1358 2196 sapienteque,
1372 2161 1451 2183 cum
1467 2149 1675 2194 quaesiviffet

1011 2197 1123 2232 Hiero
1152 2207 1329 2243 tyrannus,
1368 2196 1453 2242 quid
1483 2207 1541 2230 aut
1571 2199 1674 2242 quale

1009 2246 1088 2280 effet
1111 2246 1220 2286 Deus,
1246 2245 1454 2279 deliberandi
1482 2245 1579 2279 causa
1611 2245 1672 2279 fibi

1013 2306 1121 2328 unum
1138 2294 1228 2328 diem
1247 2292 1455 2340 postulavit:
1484 2305 1563 2327 cum
1584 2293 1673 2327 idem

1011 2354 1052 2376 ex
1080 2355 1121 2377 eo
1152 2342 1311 2389 postridie
1346 2341 1462 2375 itidem
1492 2351 1673 2388 quaereret,

1013 2390 1160 2425 biduum
1188 2389 1330 2437 petivit:
1359 2401 1438 2423 cum
1469 2389 1592 2436 saepius
1609 2390 1672 2424 du-

1013 2439 1153 2485 plicaret
1184 2449 1363 2472 numerum
1391 2439 1536 2480 dierum,
1569 2438 1676 2473 admi-

1016 2487 1156 2533 musque
1185 2487 1296 2521 Hiero
1327 2487 1521 2532 requireret,
1547 2499 1608 2521 cur
1634 2487 1678 2521 ita

1114 2537 1145 2569 (j
1165 2547 1188 2581 g
1207 2548 1229 2581 g
1259 2546 1274 2568 2
