2335 3009
658 245 752 284 AD
813 244 882 296 Q
927 242 1293 281 FRATREM
1350 242 1484 282 LIB.
1536 246 1570 283 1.
1760 258 1814 299 27

421 344 584 399 quidem
602 341 829 381 arbitrabar.
862 342 1050 387 Intimus‚
1081 341 1302 395 proximus,
1334 341 1670 387 familiariffimus,
1702 343 1809 395 quis-

421 424 500 464 que
519 419 585 448 aut
606 409 676 447 fibi
698 409 919 462 pertimuit,
950 418 1016 447 aut
1048 407 1150 446 mihi
1182 408 1340 447 invidit.
1387 410 1447 446 Ita
1475 409 1577 447 mihi
1607 408 1709 447 nihil
1731 409 1810 447 mi-

422 475 519 521 sero,
550 484 689 528 praeter
708 474 828 513 fidem
851 474 1085 519 amicorum,
1116 482 1277 511 cautum
1309 486 1443 511 meum
1475 473 1684 512 confilium
1716 472 1809 511 fuit.

423 541 544 592 Qod
565 541 591 578 fi
613 550 650 578 te
671 540 759 579 satis
781 540 1007 578 innocentia
1033 549 1100 578 tua
1128 548 1166 578 et
1196 538 1461 577 misericordia
1489 538 1702 577 hominum
1722 539 1813 577 vin-

422 606 528 644 dicat
561 605 639 644 hoc
669 615 845 659 tempore
874 619 895 643 a
924 605 1126 651 molestia;
1159 605 1344 658 perspicis
1379 603 1556 657 profesto
1589 617 1815 657 ecquaenam

423 673 538 710 nobis
560 673 643 725 spes
674 672 807 710 salutis
835 672 1093 724 relinquatur.
1140 671 1248 710 Nam
1275 685 1339 709 me
1366 670 1627 724 Pomponius,
1659 679 1697 708 et
1719 670 1814 707 Sex-

422 739 517 784 tius,
562 748 601 777 et
640 739 729 777 Piso
768 739 895 777 noster
932 737 1061 776 adhuc
1095 737 1380 776 Theffalonicae
1414 737 1677 781 retinuerunt,
1722 748 1817 774 cum

425 805 584 857 longius
619 804 813 842 discedere
848 813 1008 857 propter
1038 804 1168 841 nescio
1200 817 1298 855 quos
1332 811 1465 842 motus
1500 811 1689 841 vetarent.
1733 802 1814 839 Ve-

426 883 516 908 rum
537 883 610 922 ego
630 870 755 921 magis
783 869 951 914 exitum,
983 868 1146 906 illorum
1178 868 1317 913 literis,
1349 881 1468 920 quam
1500 868 1564 920 spe
1596 876 1714 912 certa,
1745 880 1816 905 ex-

425 935 642 988 pediabam.
690 935 797 973 Nam
829 934 926 986 quid
957 934 1122 987 sperem,
1163 933 1431 986 potentiffimo
1462 933 1643 978 inimico,
1685 932 1817 970 domi-

425 1002 585 1039 natione
619 1001 942 1045 obtrectatorum,
974 999 1202 1037 infidelibus
1237 999 1390 1044 amicis,
1423 998 1603 1051 pluribus
1640 997 1816 1036 invidis?

428 1066 492 1104 De
525 1067 635 1104 novis
667 1075 798 1104 autem
832 1065 1001 1103 tribunis
1034 1065 1161 1117 plebis
1193 1064 1248 1102 est
1278 1064 1346 1102 ille
1378 1063 1542 1116 quidem
1571 1064 1612 1101 in
1639 1077 1703 1101 me
1729 1063 1819 1101 offi-

429 1131 656 1170 cioslffimus
679 1131 848 1175 Sextius,
879 1139 932 1175 et,
964 1130 1088 1183 spero,
1121 1131 1299 1175 Curtius,
1331 1131 1453 1175 Milo,
1486 1129 1646 1174 Fadius,
1678 1129 1819 1168 Fabri-

429 1198 542 1243 cius;
575 1197 638 1235 sed
659 1197 768 1235 valde
789 1196 1009 1234 adversante
1031 1195 1202 1240 Clodi0;
1236 1195 1306 1247 qui
1335 1196 1453 1233 etiam
1483 1196 1655 1247 privatus
1685 1195 1822 1233 eadem

429 1277 549 1302 manu
584 1263 728 1315 poterit
763 1262 972 1300 conciones
1008 1261 1231 1298 concitare:
1271 1261 1412 1298 deinde
1445 1261 1563 1298 etiam
1599 1261 1822 1299 interceffor

430 1328 644 1382 parabitur.
690 1327 790 1365 Haec
823 1325 926 1364 mihi
960 1325 1225 1379 proficiscenti
1259 1339 1338 1362 non
1369 1325 1716 1377 proponebantur:
1759 1326 1822 1364 sed

431 1395 528 1448 saepe
560 1393 692 1432 triduo
723 1392 876 1431 summa
906 1405 999 1430 cum
1030 1392 1156 1444 gloria
1185 1391 1342 1429 dicebar
1362 1391 1433 1428 effe
1454 1391 1665 1429 rediturus.
1712 1392 1824 1443 Qid

432 1469 477 1498 tu
498 1459 652 1512 igitur?
684 1458 854 1511 inquies.
902 1456 1012 1509 Qid
1032 1458 1045 1494 ?
1076 1456 1203 1495 multa
1227 1465 1511 1501 convenerunt,
1542 1470 1628 1509 quae
1649 1466 1825 1495 mentem

430 1526 685 1565 exturbarent
720 1537 875 1562 meam:
918 1523 1046 1561 subita
1079 1521 1246 1560 defectio
1282 1522 1477 1575 Pompeii,
1508 1522 1691 1561 alienatio
1725 1537 1824 1562 con-

434 1591 580 1636 sulum,
611 1591 729 1628 etiam
750 1599 978 1642 praetorum,
1010 1589 1131 1627 timor
1157 1588 1479 1641 publicanorum,
1509 1601 1628 1628 arma.
1675 1590 1825 1641 Lacry-

433 1671 508 1696 mae
542 1670 722 1695 meorum
756 1670 820 1694 me
853 1655 900 1693 ad
935 1664 1105 1693 mortem
1140 1654 1195 1692 ire
1229 1653 1547 1707 prohibuerunt;
1580 1654 1688 1706 quod
1721 1665 1828 1694 certe

432 1732 473 1761 et
498 1722 545 1760 ad
571 1721 812 1760 honestatem
843 1730 881 1758 et
908 1720 955 1759 ad
986 1719 1231 1772 effugiendos
1264 1719 1530 1757 intolerabiles
1562 1719 1715 1758 dolores
1747 1720 1828 1759 fuit

433 1788 691 1841 aptiffimum.
740 1786 812 1825 Sed
844 1786 890 1824 de
922 1785 999 1824 hoc
1035 1785 1164 1837 scripfi
1197 1785 1243 1822 ad
1275 1794 1312 1822 te
1344 1785 1385 1822 in
1418 1797 1461 1822 ea
1490 1784 1665 1837 epistola,
1707 1799 1828 1837 quam

435 1853 677 1893 Phaethonti
712 1852 815 1890 dedi.
862 1853 985 1891 Nunc
1020 1861 1078 1897 tu,
1111 1851 1300 1904 quoniam
1334 1851 1376 1889 in
1412 1859 1568 1889 tantum
1601 1851 1755 1889 lu&um
1788 1862 1828 1890 et

434 1920 612 1959 laborem
632 1919 808 1957 detrusus
830 1931 884 1963 es,
916 1926 1111 1971 quantum
1133 1930 1250 1955 nemo
1278 1930 1469 1970 unquam,
1501 1916 1527 1954 fi
1557 1917 1724 1955 relevare
1752 1931 1827 1971 po-

437 1995 494 2025 tes
515 1999 773 2025 communem
799 1984 931 2023 casum
961 1983 1226 2022 misericordia
1255 1981 1484 2027 hominum,
1516 1982 1666 2021 scilicet
1696 1983 1828 2021 incre-

436 2051 561 2089 dibile
592 2050 780 2103 quiddam
814 2049 1033 2102 ass'equeris.
1081 2049 1147 2086 Sin
1182 2048 1298 2101 plane
1330 2047 1579 2086 occidimus:
1612 2061 1676 2087 me
1710 2048 1829 2086 mise-

437 2117 553 2155 rum!
587 2130 660 2169 ego
691 2116 879 2154 omnibus
912 2116 1010 2153 meis
1041 2114 1165 2152 exitio
1194 2113 1320 2158 fuero,
1352 2113 1497 2166 quibus
1527 2123 1616 2151 ante
1647 2113 1830 2152 dedecori

439 2196 519 2220 non
553 2196 673 2221 eram.
720 2181 792 2219 Sed
825 2191 882 2226 tu,
916 2190 960 2219 ut
993 2189 1082 2218 ante
1116 2179 1162 2218 ad
1198 2188 1236 2217 te
1270 2179 1415 2232 scripfi,
1453 2179 1626 2231 perspice
1661 2193 1759 2224 rem,
1789 2189 1830 2218 et

441 2256 643 2300 pertenta3
684 2256 723 2286 et
754 2247 800 2285 ad
832 2261 909 2292 me,
942 2255 986 2284 ut
1016 2255 1195 2299 tempora
1228 2245 1369 2290 nostra,
1401 2258 1480 2282 non
1516 2254 1559 2282 ut
1593 2257 1703 2282 amor
1737 2253 1829 2283 tuus

442 2311 534 2356 fert,
563 2325 651 2350 vere
679 2311 887 2365 perscribe.
934 2312 1022 2363 Ego
1053 2311 1190 2356 vitam,
1221 2310 1351 2362 quoad
1378 2309 1526 2361 putabo
1554 2318 1620 2346 tua
1638 2309 1831 2355 interesse,

443 2386 510 2414 aut
529 2376 575 2412 ad
596 2377 702 2428 spem
723 2377 946 2415 servandam
965 2376 1052 2422 effe,
1084 2376 1277 2414 retinebo.
1321 2376 1388 2413 Tu
1410 2374 1524 2412 nobis
1554 2374 1832 2414 amiciffimum

444 2441 622 2479 Sextium
643 2441 882 2493 cognosces;
915 2442 1032 2480 credo
1052 2451 1119 2480 tua
1144 2440 1269 2485 causa,
1300 2440 1361 2478 vel
1395 2440 1630 2485 Lentulum,
1661 2441 1731 2492 qui
1760 2441 1835 2478 erit

444 2505 609 2545 consul:
641 2519 867 2558 quanquam
897 2506 987 2544 sunt
1018 2505 1117 2545 fafta
1148 2505 1276 2545 verbis
1308 2505 1545 2543 difficiliora.
1592 2506 1658 2543 Tu
1678 2513 1716 2542 et
1737 2503 1834 2557 quid

1440 2570 1479 2608 D
1512 2583 1534 2609 2
