2241 2994
761 244 1034 286 HIST

371 342 476 389 pania
536 348 651 383 raetor‚
690 340 865 393 populum
895 339 1040 374 Gadita-

373 402 457 426 num
497 353 638 424 AEmmis
671 388 879 441 ornamentis
913 388 1040 431 affecit,

372 437 616 474 controversias
633 436 773 479 sedavit,
789 435 871 491 jura
889 436 1041 483 ipsorum

370 486 532 535 permissu
571 485 700 527 statuit,
747 496 783 520 et
820 485 1042 520 inveteratam

370 534 549 582 quondam
568 534 760 569 barbariam
778 546 819 569 ex
850 534 1040 570 Gaditano-

371 594 449 618 rum
478 583 634 618 moribus
669 582 918 630 disciplinaque
951 583 1040 618 dele-

371 632 436 675 vit,
461 641 503 666 ut
531 632 656 667 Cicero
685 644 720 667 in
747 632 866 666 eadem
890 633 1043 667 oratione

369 689 439 726 cap.
464 693 519 726 19.
537 681 687 715 testatur.

421 730 519 764 Tum
554 740 698 776 quoque
730 728 771 763 C.
807 728 1042 775 Pomptinius‚

371 778 433 832 qui
452 789 541 812 anno
559 777 729 825 superiore
755 777 790 811 in
819 777 968 812 Galliam
989 778 1042 812 ul-

371 826 531 862 teriorem
560 838 602 860 ex
629 835 784 873 praetura
813 826 929 860 miffus
959 836 1041 868 erat,

371 875 586 921 Allobrogas
633 874 781 916 domuit,
825 884 865 909 ut
907 874 1043 921 copiose

371 925 444 959 Dio
461 924 515 958 lib.
536 923 730 958 XXXVII.
751 932 874 958 narrat.
914 923 1040 958 Memi-

372 973 423 1008 nit
454 973 577 1008 Cicero
609 974 643 1006 in
675 979 757 1006 orat.
789 971 827 1006 de
860 973 1043 1007 Provinciis

370 1021 460 1066 Consi
488 1030 557 1066 cap.
582 1032 635 1066 ¹3·
662 1031 696 1055 et
722 1019 849 1055 Livius
873 1020 928 1055 lib.
947 1021 1040 1056 c111.

371 1070 486 1105 Nonis
514 1070 682 1105 Decemb.
722 1069 846 1104 Cicero
874 1069 919 1103 ad
941 1071 1042 1104 Attic.

372 1118 502 1166 scripsit
518 1118 603 1165 epist.
626 1131 680 1160 ¹4·
710 1117 748 1163 [l.
773 1118 846 1164 17.]
874 1117 926 1153 lib.
947 1118 975 1153 I.

373 1269 484 1307 Anno
506 1268 614 1308 Urbis
633 1269 728 1321 693.
773 1267 953 1307 Ciceronis
971 1280 1039 1320 47.

518 1341 709 1380 Consules
738 1340 902 1380 fuerunt

393 1403 720 1454 QCAEcitms
758 1402 1022 1440 METELLUS

432 1464 606 1508 CELER,
643 1464 693 1501 L.
726 1464 989 1501 AFRANws.

425 1561 482 1596 De
499 1560 551 1596 his
569 1560 768 1595 consulibus
785 1559 907 1595 Cicero
931 1559 985 1594 lib.
1015 1559 1042 1594 1.

374 1609 418 1645 ad
434 1613 506 1645 Ait.
550 1609 674 1644 Primis
706 1608 808 1656 hujus
827 1609 905 1643 anni
924 1607 1043 1643 mensi-

377 1660 443 1694 bus
463 1658 606 1693 Tullius
623 1658 656 1693 in
676 1658 761 1693 urbe
777 1657 858 1700 fuit,
884 1657 967 1702 epist.
989 1669 1043 1702 15.

374 1717 410 1742 et
433 1708 485 1742 16.
512 1707 565 1742 lib.
588 1708 612 1742 1.
633 1706 677 1741 ad
690 1709 760 1743 Att.
789 1706 984 1753 effecitque,
1003 1717 1045 1740 ne

376 1754 541 1804 eratri
570 1755 604 1790 in
623 1756 706 1790 Asia
723 1755 970 1797 succederetur,
996 1764 1042 1800 ep.

381 1817 410 1840 1.
437 1804 491 1840 lib.
512 1805 536 1839 l.
556 1804 790 1851 adQFratr.

424 1853 470 1889 L.
490 1853 633 1888 Flavius
664 1853 825 1888 tribunus
855 1852 904 1900 pl.
933 1852 1044 1899 legem

375 1902 559 1950 Agrariam
589 1902 728 1937 andstore
762 1901 930 1948 Pompeio
966 1912 1044 1948 pro-

374 1951 547 1998 mulgavit
573 1951 615 1986 de
637 1951 726 1998 agris
743 1949 936 1986 dividendis
955 1949 1045 1984 mili-

376 1999 469 2035 tibus
500 1981 680 2047 Pompeii:³
691 2010 725 2035 et
755 1999 863 2047 plebi,
901 1999 944 2033 de
974 2009 1045 2044 qua

376 2047 498 2083 Cicero
526 2049 580 2083 li'b.
610 2049 636 2083 1.
666 2049 710 2083 ad
736 2051 808 2084 Att.
841 2057 875 2082 et
901 2046 970 2081 Dio
987 2047 1042 2082 lib.

377 2098 572 2133 XXXVII.
608 2097 671 2145 qui
701 2096 829 2138 scribit,
856 2096 1044 2130 Metellum

377 2146 550 2181 consulem
578 2156 654 2181 tum
684 2158 702 2180 a
727 2145 851 2181 flavio
873 2144 906 2179 in
932 2156 1043 2179 carce-

380 2206 450 2229 rem
467 2195 611 2229 duc'tum
641 2194 763 2230 fuiffe:
793 2194 884 2229 unde
907 2193 1043 2235 Cicero,

378 2243 474 2290 epist.
498 2256 526 2278 1.
547 2243 606 2278 lib.
627 2244 671 2278 11.
689 2244 730 2278 ad
749 2243 924 2285 Atticum,
949 2242 1047 2278 Nunc

379 2292 493 2338 confide
518 2294 551 2325 in
578 2301 699 2326 carcere
727 2292 850 2337 incluso.
903 2292 941 2326 P.
962 2291 1046 2325 Clo-

380 2341 471 2381 dius,
500 2349 539 2374 ut
568 2339 658 2374 idem
688 2342 752 2376 Dio
781 2339 908 2381 scribit,
935 2340 1045 2374 tribu-

381 2399 481 2424 natus
510 2388 671 2435 cupidus,
706 2389 859 2443 primum
890 2388 1047 2423 tribunos

381 2437 547 2485 quosdam
565 2436 730 2479 submisit,
755 2437 816 2484 qui
847 2437 955 2483 legem
981 2435 1048 2470 fer

382 2496 469 2529 rent,
520 2496 557 2522 ut
599 2485 750 2533 patriciis
791 2496 933 2534 quoque
973 2483 1047 2531 ejus

1083 244 1121 283 O
1170 245 1209 284 R
1258 245 1279 285 1
1327 246 1380 284 A.
1688 259 1769 301 293

1091 339 1307 387 magistratus
1326 340 1490 389 capiundi
1504 341 1651 389 potestas
1673 343 1765 378 estet.

1091 389 1214 442 Quod
1230 389 1291 424 ubi
1314 402 1383 425 non
1406 390 1579 438 persuasit,
1606 391 1766 438 patricia·

1092 447 1169 472 tum
1186 435 1347 484 ejuravit,
1374 448 1478 486 atque
1501 439 1534 474 in
1561 439 1764 475 concionem

1092 486 1286 532 progressus
1304 486 1347 520 ad
1373 487 1510 533 plebem
1529 488 1667 523 transiit.
1721 488 1763 522 ln

1091 534 1178 568 hanc
1197 533 1393 569 sententiam
1411 536 1486 570 Dio.
1539 536 1662 571 Cicero
1679 547 1763 572 vero

1091 583 1172 628 epist.
1205 595 1259 627 ¹5·
1288 583 1327 628 [l.
1360 583 1430 629 18.]
1457 584 1528 618 libri
1558 585 1585 619 1.
1616 584 1661 618 ad
1687 586 1760 619 Att.

1094 631 1142 666 ita
1174 631 1312 666 scribit:
1351 633 1387 667 C.
1418 633 1594 667 Herennius
1619 632 1762 667 tribunus

1090 680 1169 726 pleb.
1187 680 1231 714 ad
1239 680 1358 726 plebem
1378 680 1420 715 P.
1440 680 1576 715 Clodium
1594 680 1736 716 traducit
1749 695 1761 716 .-

1093 729 1228 776 idemque
1241 729 1326 774 fert,
1352 736 1388 764 ut
1409 729 1571 775 universus
1582 729 1710 776 populus
1728 731 1762 763 in

1094 787 1201 823 campo
1220 779 1347 814 Martio
1355 777 1546 824 sufflagium
1561 778 1597 813 de
1613 789 1647 813 re
1663 777 1771 813 Clodii·

1083 828 1187 870 ferat.
1219 826 1333 862 Addit
1349 828 1439 862 Dio:
1467 826 1591 862 Clodius
1615 827 1761 862 tribuna-

1092 882 1159 910 tum
1181 875 1294 918 statim
1318 877 1411 921 petiit
1424 889 1435 909 .·
1466 876 1524 919 sed
1550 883 1674 911 creatus
1701 887 1762 910 non

1092 924 1145 968 est,
1171 923 1301 959 Metello
1323 926 1352 957 ei
1377 924 1550 968 resistente:
1577 926 1628 972 qui
1644 932 1671 959 et
1683 934 1762 971 pro-

1086 976 1221 1019 pinquus
1245 972 1347 1008 Clodii
1374 980 1459 1014 erat,
1486 981 1516 1008 et
1545 985 1594 1014 ea,
1621 985 1688 1020 quae
1712 973 1764 1008 ille

1091 1022 1220 1068 agebat,
1247 1033 1307 1056 non
1323 1021 1489 1067 probabat.
1541 1021 1773 1057 Praetendebat*

1091 1081 1168 1105 ‘ts-ero
1195 1069 1384 1116 adoptionem
1411 1082 1494 1105 more
1525 1072 1677 1117 majorum
1705 1083 1764 1106 non

1092 1118 1145 1165 effe
1165 1119 1293 1164 fadum
1307 1133 1317 1152 :
1344 1121 1415 1166 quia
1438 1119 1590 1165 plebeius,
1617 1120 1674 1163 nist
1700 1119 1766 1166 lege

1092 1170 1230 1210 curiata,
1261 1167 1337 1210 fieri
1379 1179 1462 1202 nemo
1497 1167 1597 1215 poffet.
1650 1168 1763 1215 Apud

1092 1216 1267 1252 Dionem’
1258 1234 1283 1252 εν
1301 1234 1335 1259 τῃ
1353 1217 1427 1258 εἷα-φο
1430 1220 1461 1261 ςᾷ
1476 1219 1511 1252 ‘tii'
1526 1218 1674 1259 ςταἽιωτικῖἷ
1659 1234 1710 1252 κν
1700 1222 1761 1262 ’,με

1093 1264 1250 1306 mendose
1264 1265 1311 1299 est
1325 1277 1389 1312 pro
1400 1270 1446 1301 τοῦ
1464 1267 1641 1310 φριτειαιικοι
1628 1265 1763 1311 ‚quod

1093 1312 1199 1348 exlib.
1220 1314 1399 1349 XXXIX.
1429 1313 1659 1360 cognoscitur,
1687 1314 1762 1355 ubi,

1093 1369 1139 1397 τῐιν
1157 1367 1278 1408 tiz-popli*
1303 1367 1352 1398 πῖ
1379 1363 1551 1408 φραἹειαἾΙκοῖ
1578 1363 1620 1396 de
1645 1361 1763 1397 Clodii

1094 1411 1279 1457 adoptione
1296 1422 1398 1457 agens
1416 1410 1510 1445 dicit.

1143 1459 1270 1494 Clodio
1291 1459 1398 1506 igitur
1422 1468 1498 1493 tum
1517 1457 1620 1493 frater
1637 1458 1763 1494 Metel-

1095 1508 1150 1542 lus
1166 1518 1201 1542 et
1218 1519 1361 1543 concors
1379 1507 1511 1542 senatus
1529 1507 1677 1554 principi
1696 1508 1762 1543 Cn.

1095 1556 1264 1610 Pompeio
1291 1556 1488 1591 sententiam
1517 1556 1645 1590 dicenti
1672 1568 1764 1591 acer-

1095 1617 1178 1640 rime
1208 1617 1277 1640 una
1306 1617 1391 1640 voce
1422 1617 1460 1640 ac
1492 1615 1605 1639 mente
1633 1605 1763 1640 restitit.

1094 1655 1203 1690 Cicero
1232 1653 1268 1689 de
1298 1655 1436 1700 Harusp.
1472 1654 1566 1700 Resp.
1603 1662 1672 1707 cap.
1706 1665 1762 1688 21.

1096 1704 1261 1738 Metellus
1278 1703 1381 1737 etiam
1399 1702 1518 1737 consul
1544 1701 1773 1748 incipientem.

1094 1751 1207 1786 furere
1242 1751 1408 1786 Clodium
1440 1761 1543 1797 atque
1581 1761 1763 1785 conantem

1095 1801 1153 1835 sua
1179 1801 1209 1835 ie
1247 1811 1351 1834 manu
1393 1799 1666 1840 interfe&ururn,
1703 1811 1762 1833 au-

1095 1849 1207 1884 diente
1235 1848 1362 1889 senatu,
1385 1848 1485 1891 dixit,
1507 1857 1567 1894 pro
1583 1848 1675 1883 calio
1692 1858 1761 1894 cap.

1098 1910 1156 1943 24.

1145 1946 1266 1982 Idibus
1283 1945 1422 1981 Martiis
1439 1943 1542 1992 hujus
1569 1945 1647 1979 anni
1664 1944 1764 1979 Cice-

1095 2008 1133 2030 ro
1154 1995 1453 2030 Commentariun]
1489 1994 1685 2028 consulatus
1715 1994 1764 2029 sui

1095 2045 1218 2079 Graece
1253 2044 1483 2090 compositum
1526 2043 1568 2077 ad
1603 2042 1764 2077 Atticum

1094 2093 1196 2135 misit,
1211 2094 1290 2138 epist.
1317 2099 1368 2127 ιο.
1391 2091 1430 2137 [Ι.
1449 2093 1522 2137 19.]
1543 2091 1596 2125 lib.
1613 2091 1638 2126 1.
1667 2091 1765 2125 Misit

1093 2143 1240 2176 eundem
1248 2141 1416 2176 Rhodum
1429 2140 1470 2174 ad
1483 2139 1721 2181 Posidonium,
1725 2148 1765 2173 ut

1094 2190 1247 2226 ornatius
1265 2192 1308 2225 de
1337 2190 1451 2224 iiidem
1474 2189 1576 2222 rebus
1593 2187 1762 2245 scriberet.

1096 2239 1158 2274 Ille
1175 2251 1257 2274 vero
1275 2238 1451 2285 rescripsit,
1475 2236 1505 2270 se
1523 2236 1637 2270 illud
1624 2235 1765 2280 απὸμημα

1096 2300 1176 2323 cum
1196 2288 1333 2335 legeret,
1361 2298 1430 2321 non
1458 2285 1562 2319 modo
1587 2296 1655 2318 non
1672 2284 1763 2318 exci-

1097 2347 1209 2372 tatum
1249 2337 1313 2370 esse
1355 2336 1397 2368 ad
1436 2333 1665 2374 scribendum,
1709 2332 1764 2367 sed

1096 2386 1199 2420 etiam
1218 2385 1318 2432 plane
1335 2381 1564 2430 perterritum,
1589 2381 1763 2426 ep.1.lib.

1097 2434 1145 2469 11.
1175 2435 1219 2468 ad
1244 2434 1316 2468 Ait.
1360 2431 1560 2466 Ciceronem
1591 2437 1616 2465 ἐν
1639 2432 1679 2465 τί»
1711 2429 1764 2466 mu*

1097 2489 1147 2520 ⁷71:
1179 2482 1304 2522 ςσαἾιις
1333 2479 1540 2515 Plutarchus
1571 2479 1604 2513 in
1633 2468 1766 2514 Ctesare
