2241 2994
538 218 620 274 338

535 315 596 360 lia,
631 316 765 371 seseque
788 317 833 352 acl
855 318 1005 353 Brutum
1032 316 1206 354 contulit:

539 366 710 401 alterum
704 378 737 400 in
756 366 966 402 Macedonia
988 367 1054 403 Cn.
1082 367 1208 402 Domi-

538 414 607 450 tius
639 414 832 450 adolescens
861 427 881 450 a
911 416 1025 464 legato
1054 415 1208 462 Syriaco,

537 463 599 510 qui
618 475 637 498 a
655 462 828 499 Plutarcho
846 464 959 500 Cinna
974 474 1132 507 vocatur,
1147 465 1207 500 ab·

537 512 651 548 duxit.
703 512 743 548 P.
771 513 946 557 Vatinius,
983 513 1045 561 qui
1078 514 1210 560 Dyrra-

536 561 656 596 chium
683 573 925 609 occupaverat,
952 572 1068 610 portas
1099 563 1210 597 Bruto

536 609 684 657 aperuit,
710 620 744 645 et
760 611 949 646 exercitum
973 611 1124 646 tradidit.
1164 611 1208 646 C.

537 658 716 694 Antonius
741 665 772 694 le
799 660 1031 707 Apolloniam
1055 659 1208 706 recepit·,

535 709 643 744 Cicero
672 708 812 754 Philipp.
845 709 891 744 X.
931 717 1057 754 cap.5
1037 721 1070 754 5.
1105 719 1140 743 et
1174 707 1207 743 6.

536 757 669 792 Plutar.
711 759 745 791 in
786 758 904 800 Bruto,
953 767 989 792 et
1038 759 1104 793 Dio
1152 757 1208 793 lib.

537 805 692 841 XLVII.

587 854 659 889 His
701 854 744 889 de
786 855 888 890 rebus
931 855 1062 890 Brutus
1094 854 1209 891 literas

535 903 678 950 publice
696 903 798 947 mifit,
824 916 911 951 quas
939 905 981 939 C.
1001 903 1109 940 Pansa
1127 915 1208 939 con-

537 952 589 988 sul
607 953 728 988 coafito
744 953 861 988 senatu
879 952 1048 996 recitavit,
1070 963 1105 988 et
1121 953 1209 988 Bru-

536 1011 614 1036 tum
632 1001 786 1037 oratione
803 1002 861 1037 sua
877 1001 1024 1037 ornavit.
1072 1001 1139 1037 Sed
1157 1003 1214 1050 Q

536 1050 674 1092 Fufius,
705 1060 846 1098 rogatus
875 1050 1086 1093 sententiam,
1121 1051 1209 1086 Bru-

536 1108 613 1134 tum
647 1099 877 1147 oppugnavit.
929 1099 1062 1134 Contra
1102 1111 1209 1146 quem

535 1148 660 1183 Cicero
696 1158 772 1183 tum
808 1148 1018 1194 Philippicam
1059 1147 1209 1183 decimam

535 1196 638 1239 dixit,
665 1208 771 1244 quarn
798 1197 925 1232 Brutus
949 1197 1032 1244 epist.
1052 1210 1087 1239 4.
1107 1198 1150 1232 de
1167 1197 1209 1232 li-

536 1245 616 1280 teris
633 1245 700 1280 suis
719 1245 871 1281 habitam
888 1246 952 1281 effe
968 1255 1090 1282 contra
1108 1247 1208 1282 Cale-

536 1306 622 1329 num
641 1295 697 1329 ait.

584 1343 672 1379 Erat
696 1342 899 1390 Apolloniae
926 1343 1039 1378 adhuc
1069 1344 1111 1378 C.
1132 1345 1208 1379 An-

536 1393 652 1427 tonius
697 1403 780 1427 cum
822 1392 949 1440 septem
991 1392 1208 1436 cohortibus,

536 1441 714 1487 Philippica
732 1442 778 1476 X.
805 1451 874 1488 cap.
897 1452 928 1487 7.
958 1441 998 1487 [l.
1019 1442 1072 1488 6.]
1124 1441 1209 1477 Inde

536 1490 748 1525 Buthrotum
782 1491 992 1526 contendens
1021 1490 1056 1525 in
1091 1490 1209 1527 itinere

535 1538 690 1586 primum
709 1549 775 1575 tres
793 1539 950 1576 cohortes
967 1539 1090 1583 amisit,
1120 1551 1208 1588 quas

535 1589 666 1623 Brutus
700 1588 875 1624 concidit:
919 1589 1042 1624 deinde
1083 1589 1208 1636 praelio

536 1649 618 1672 cum
652 1637 818 1673 Cicerone
851 1637 926 1673 filio
960 1638 1003 1672 ad
1036 1637 1207 1684 Byllidem

537 1686 728 1730 commifl'o,
754 1686 868 1722 victus
891 1686 924 1722 in
943 1686 1042 1722 Bruti
1060 1687 1206 1734 potesta-

536 1746 605 1770 tem
625 1735 731 1779 venit,
757 1746 797 1771 ut
822 1735 1032 1771 Plutarchus
1052 1738 1087 1770 in
1104 1735 1208 1771 Bruto

536 1784 664 1820 scribit.

586 1832 784 1870 Antonium
820 1835 950 1870 Brutus
991 1834 1105 1870 secum
1146 1833 1208 1870 diu

538 1885 727 1920 honorifice
768 1884 903 1927 habuit,
945 1883 1054 1932 usque
1085 1895 1128 1919 eo
1169 1893 1209 1919 ut

537 1934 754 1981 magistratus
785 1933 927 1980 insignia
957 1933 1005 1968 illi
1038 1944 1106 1968 non
1136 1933 1207 1967 adi-

536 1993 653 2019 meret.
686 1983 807 2030 Qam
824 1981 898 2029 ejus
916 1981 1132 2017 clementiam
1150 1982 1207 2017 Ci-

535 2043 614 2068 cero
647 2032 680 2066 in
710 2031 862 2078 epistolis
893 2031 934 2065 ad
964 2043 1044 2066 eum
1074 2031 1206 2078 scriptis

536 2083 625 2130 saepe
642 2081 787 2116 accusat.
831 2080 910 2122 Sed,
930 2092 1011 2114 cum
1031 2080 1207 2115 Antonius

536 2130 764 2179 Apolloniam
815 2138 954 2171 teneret,
1006 2138 1084 2163 ante
1127 2129 1204 2165 Kal.

536 2180 654 2227 April.
703 2180 852 2213 Romam
887 2177 1028 2213 allatum
1063 2176 1130 2213 fuit
1165 2169 1207 2212 de

537 2240 646 2264 morte
667 2229 708 2263 C.
729 2227 911 2270 Trebonii,
937 2239 1042 2273 quem
1072 2227 1109 2261 P.
1131 2228 1205 2262 Do-

536 2279 661 2313 labella
678 2278 835 2323 Smyrnae
854 2276 1055 2310 verberibus
1079 2287 1116 2310 ac
1137 2285 1205 2310 tor-

537 2328 658 2362 mentis
693 2326 883 2373 qiixstione
914 2324 1067 2372 publicae
1102 2337 1206 2372 pecu-

538 2378 602 2411 niae
623 2388 681 2423 per
701 2375 847 2409 biduum
867 2374 993 2416 habita,
1014 2373 1204 2409 interfecit:

536 2428 640 2461 (lii-ero
660 2425 839 2472 marmus
856 2424 918 2460 Χ]-
946 2433 1014 2470 cap.
1035 2434 1067 2459 2.
1089 2433 1123 2458 et
1142 2424 1207 2459 Dio

851 221 917 260 M.
977 222 1032 260 T.
1091 220 1622 262 CICERONIS

1257 318 1312 354 lib.
1342 318 1499 354 XLVII.
1551 318 1676 366 Itaque
1697 316 1885 355 Dolabella
1911 329 1933 355 a

1257 367 1374 403 senatu
1391 367 1499 403 hostis
1510 366 1686 415 judicatus
1702 365 1781 403 fuit.

1306 416 1486 458 Postridie,
1512 428 1594 451 cum
1612 416 1648 451 in
1672 414 1787 451 senatu
1817 428 1931 464 agere-

1258 474 1316 501 tur
1344 465 1387 500 de
1412 465 1617 513 imperatore
1645 447 1860 513 deligendo,
1867 466 1932 513 qui

1260 513 1353 549 bello
1396 513 1620 549 Dolabellam
1660 513 1931 562 persequeretur,

1259 562 1305 597 L.
1323 561 1438 597 Caesar
1465 562 1608 605 censuit,
1633 562 1675 597 P.
1693 563 1841 600 Servilio
1864 563 1931 599 hoc

1260 610 1392 646 bellum
1409 620 1504 646 extra
1519 611 1676 646 ordinem
1694 611 1931 648 mandandum

1257 659 1344 695 effe:
1390 659 1464 695 aliis
1496 658 1674 695 nonnullis
1704 659 1850 708 placuit,
1892 670 1934 695 ut

1259 707 1427 752 consules,
1466 708 1662 744 Dolabellae
1708 708 1934 756 persequendi

1259 757 1371 800 causa,
1397 757 1517 793 Asiam
1545 767 1580 793 et
1609 757 1745 804 Syriam
1774 757 1932 793 sortiren-

1259 815 1327 841 tur.
1379 807 1504 842 Cicero
1548 805 1747 842 sententiam
1789 815 1933 854 rogatus

1259 854 1470 902 Philippicam
1487 855 1553 891 XI.
1572 855 1686 891 dixit:
1714 855 1748 890 in
1771 867 1843 903 qua
1859 855 1932 903 pri·

1259 916 1357 939 mum
1388 904 1558 940 Trebonii
1588 903 1705 939 casum
1733 903 1932 952 deplorans,

1258 952 1456 988 Dolabellae
1469 963 1505 988 et
1522 952 1671 988 Antonii
1692 953 1932 988 crudelitatem

1259 1000 1416 1037 accusat:
1444 1002 1568 1037 deinde
1599 1001 1738 1036 duabus
1766 1001 1834 1036 illis
1859 1001 1933 1037 sen-

1259 1050 1374 1085 tentiis
1404 1049 1575 1093 refutatis,
1601 1049 1724 1092 censet,
1752 1059 1793 1086 ut
1821 1049 1933 1086 Dola-

1260 1098 1386 1134 bellam
1413 1099 1456 1134 C.
1475 1100 1609 1134 eamus
1634 1099 1728 1134 bello
1752 1098 1933 1147 persequa-

1259 1157 1326 1183 tur.
1378 1149 1501 1196 Quam
1520 1147 1718 1183 sententiam
1736 1147 1779 1189 se,
1806 1160 1933 1196 repug-

1258 1207 1361 1232 nante
1377 1207 1412 1232 et
1429 1197 1590 1233 irascente
1607 1196 1727 1240 Pansa,
1739 1197 1870 1240 dixiffe,
1889 1197 1933 1232 ad

1258 1245 1408 1282 Brutum
1435 1246 1552 1282 scribit
1577 1246 1662 1292 epist.
1692 1257 1726 1291 5.
1778 1246 1832 1281 Ea
1861 1246 1932 1281 sen-

1258 1295 1365 1331 tentia
1393 1295 1497 1339 dista,
1523 1307 1607 1342 quae
1635 1294 1737 1330 facile
1761 1295 1931 1338 valuiffet‚

1259 1343 1320 1379 nifi
1352 1344 1460 1380 Pansa
1490 1345 1710 1379 vehementer
1738 1343 1931 1388 obstitiffet‚

1259 1393 1451 1439 productus
1469 1392 1538 1428 fuit
1556 1393 1589 1428 in
1608 1393 1811 1428 concionem
1830 1404 1849 1427 a
1871 1392 1932 1428 tri-

1260 1441 1356 1477 buno
1373 1442 1484 1490 plebis
1511 1442 1566 1477 M.
1588 1441 1746 1485 Servilio,
1771 1441 1932 1477 eandem-

1258 1502 1328 1538 que
1346 1503 1416 1526 rem
1435 1492 1478 1526 ad
1506 1491 1680 1539 populum
1699 1490 1832 1526 summa
1848 1502 1932 1526 con-

1258 1540 1410 1575 tentione
1439 1540 1536 1588 egit·,
1572 1540 1656 1587 epist.
1689 1549 1721 1586 7.
1759 1539 1814 1575 lib.
1845 1539 1932 1576 XII.

1259 1589 1371 1624 Famil.

1306 1637 1476 1673 Extremo
1503 1649 1594 1673 anno
1623 1636 1796 1685 superiore
1819 1637 1932 1673 turbi-

1259 1685 1310 1722 nis
1342 1687 1377 1721 vi
1407 1687 1642 1729 simulacrum,
1667 1686 1765 1733 quod
1797 1687 1852 1722 Μ.
1870 1686 1932 1721 Ci-

1257 1747 1336 1771 cero
1354 1746 1431 1770 ante
1455 1736 1577 1770 cellam
1606 1734 1794 1777 Minervae,
1821 1735 1935 1782 pridie

1257 1796 1365 1832 quam
1402 1785 1435 1819 in
1469 1785 1612 1819 exilium
1648 1783 1722 1824 iret
1759 1784 1930 1838 posuerat,

1258 1833 1457 1881 dissipatum
1474 1834 1639 1869 membris
1657 1845 1806 1881 pronum
1819 1834 1932 1879 jacuit

1259 1881 1375 1918 frafitis
1410 1882 1575 1925 humeris,
1609 1882 1769 1924 brachiis,
1805 1882 1930 1930 capite,

1259 1942 1405 1967 mortem
1439 1931 1598 1967 Ciceroni
1632 1931 1851 1980 portendens,
1891 1942 1932 1967 ut

1257 1981 1462 2029 obsequens
1486 1990 1520 2016 et
1539 1981 1611 2016 Dio
1626 1980 1682 2016 lib.
1703 1980 1822 2015 XLV.
1852 1980 1930 2015 scri

1259 2029 1359 2065 bunt.

1308 2078 1608 2127 Quinquatribus»,
1637 2077 1669 2112 id
1687 2077 1734 2113 est
1752 2089 1827 2112 xiv.
1849 2077 1929 2113 Kal.

1258 2129 1347 2175 Apr.
1367 2128 1500 2163 senatus
1517 2127 1679 2165 decrevit
1707 2137 1745 2162 ut
1773 2126 1846 2161 haec
1869 2127 1930 2162 Ci-

1257 2176 1389 2212 ceronis
1432 2176 1606 2219 Minerva,
1657 2176 1771 2211 custos
1819 2176 1929 2217 urbis,

1259 2226 1497 2266 restitueretur,
1535 2226 1618 2270 epist.
1658 2236 1715 2270 25.
1753 2225 1808 2260 lib.
1844 2225 1927 2260 Xll.

1256 2277 1350 2311 Fam.
1379 2274 1513 2309 Deinde
1532 2274 1624 2309 illata
1643 2273 1736 2321 pacis
1756 2274 1930 2308 mentione

1258 2325 1302 2359 ab
1321 2323 1467 2359 Antonii
1485 2324 1617 2361 amicis,
1646 2324 1776 2358 senatus
1800 2323 1930 2369 legatos

1257 2374 1298 2407 ad
1316 2385 1396 2408 eum
1420 2373 1573 2408 decrevit
1600 2373 1654 2407 M.
1674 2372 1876 2406 Ciceronem
1894 2381 1929 2406 et

1258 2424 1296 2459 Ρ.
1340 2422 1537 2458 Servilium.
1605 2421 1686 2465 Sed,
1729 2431 1810 2456 cum
1852 2432 1929 2455 eam
