2335 3009
742 221 1343 263 FRAGMENTA.

353 324 461 363 Nam
482 336 652 378 quorum
674 322 808 376 stirpes
830 322 948 361 tellus
968 321 1148 375 amplexa
1167 321 1391 374 prehendit,

356 390 457 428 Haec
477 402 620 441 augens
642 389 785 434 anima,
815 388 927 426 vitali
947 387 1105 426 flamine
1124 387 1275 426 mulcet
1293 403 1303 427 ε

355 455 412 492 At
432 467 604 506 quorum
625 462 827 506 nequeunt
846 452 993 491 radices
1015 452 1160 491 findere
1182 461 1315 499 terras,

356 519 544 558 Denudat
563 518 671 557 foliis
694 532 820 557 ramos
841 527 880 557 et
900 519 1047 557 cortice
1068 527 1245 557 truncos.

355 582 570 624 Tendentem
589 585 748 624 occiduas
767 585 876 624 etiam
895 583 1171 638 huncstntimus
1190 583 1335 623 adoras
1348 599 1364 622 .·

356 651 800 704 Caeterastgnandisstmt
819 650 990 704 languida
994 649 1122 701 stdera
1140 649 1316 688 membris.

359 717 484 755 Hunc
506 727 679 770 propter,
711 716 920 768 subterque
940 716 1072 769 pedes,
1104 729 1203 769 quos
1224 716 1399 754 diximus
1420 725 1523 763 ante,

356 783 512 820 Orioni’
528 784 633 836 jacet
652 783 798 836 levipes
820 783 968 835 Lepus.
1014 782 1095 820 Hic
1115 781 1222 834 fugit
1243 782 1344 821 ictus

357 848 579 888 Horrificos
600 859 780 888 metuens
802 848 912 887 rostri
933 848 1216 887 tremebundus
1237 849 1358 888 acuti.

357 915 466 954 Nam
488 916 607 954 Canis
628 914 769 954 infesto
789 915 966 968 sequitur
985 914 1145 967 vestigia
1164 914 1278 953 cursu

358 981 676 1034 Praecipitantem
697 982 862 1033 agitans,
894 980 1086 1018 orientem
1108 980 1278 1033 denique
1299 980 1478 1033 paulum,

359 1047 617 1086 Curriculum
639 1061 842 1100 nunquam
864 1046 1006 1085 defeffo
1027 1060 1190 1099 corpore
1209 1047 1359 1087 sedans.

358 1115 416 1151 At
437 1114 556 1152 Canis
573 1114 620 1151 ad
641 1113 806 1152 caudam
827 1113 980 1165 serpens
1002 1112 1229 1165 praelabitur
1248 1114 1373 1165 Argo,

358 1179 596 1218 conversam
616 1194 694 1233 prae
716 1179 752 1217 se
772 1189 930 1232 portans
951 1192 1044 1217 cum
1065 1178 1217 1217 lumine
1237 1179 1407 1232 puppim
1425 1195 1435 1219 :

357 1245 455 1283 Non
476 1245 559 1283 aliae
579 1259 694 1283 naves
716 1254 759 1282 ut
780 1246 820 1282 in
842 1244 922 1282 alto
941 1257 1087 1297 ponere
1105 1257 1238 1296 proras

358 1311 465 1349 Ante
487 1310 611 1349 solent
632 1310 753 1349 rostro
773 1311 979 1363 Neptunia
997 1319 1106 1362 prata
1125 1309 1295 1348 secantes
1312 1328 1332 1356 ς

359 1375 434 1414 Sed
454 1376 636 1414 conversa
656 1386 759 1415 retro
779 1376 864 1415 caeli
885 1376 922 1414 se
941 1389 1010 1429 per
1030 1375 1116 1414 loca
1136 1384 1282 1428 portat.

359 1443 469 1480 Sicut
490 1457 582 1481 cum
604 1452 780 1496 coeptant
801 1451 907 1481 tut-os
928 1441 1158 1494 contingere
1178 1450 1331 1494 portus,

360 1508 588 1546 Obvertunt
609 1521 746 1546 navem
767 1521 911 1561 magno
931 1521 1024 1545 cum
1045 1506 1216 1560 pondere
1237 1516 1379 1551 nautae,

359 1573 625 1626 Aversamque
647 1573 808 1612 trahunt
828 1582 960 1626 optata
979 1573 1026 1611 ad
1046 1573 1162 1611 litora
1180 1572 1366 1625 puppim,

361 1639 424 1677 Sic
445 1639 626 1677 conversa
647 1648 758 1677 vetus
779 1639 892 1692 super
911 1637 1054 1677 aethera
1074 1638 1221 1676 labitur
1241 1639 1366 1690 Argo,

359 1706 494 1756 Atque
515 1705 636 1758 usque
657 1718 676 1742 a
696 1718 809 1758 prora
829 1705 876 1743 ad
896 1704 1045 1743 celsum
1065 1704 1143 1742 fine
1163 1703 1316 1741 lumine
1337 1702 1503 1748 malurn,

359 1773 398 1809 A
417 1771 522 1809 malo
543 1771 589 1810 ad
609 1772 778 1824 puppim
799 1771 901 1809 clara
921 1784 1014 1809 cum
1034 1770 1123 1808 luce
1145 1769 1313 1808 videtur.

355 1837 453 1876 Inde
473 1837 760 1890 gubernaclum
781 1836 950 1889 disperso
971 1835 1123 1874 lumine
1144 1833 1319 1888 fulgens,

362 1903 470 1940 Clari
491 1902 700 1955 posteriora
720 1903 839 1940 Canis
861 1901 1019 1954 vestigia
1039 1901 1181 1953 tangit.

360 1970 466 2008 Exin
489 1969 676 2008 semotam
697 1968 851 2022 procul,
883 1968 923 2006 in
946 1977 1113 2020 tutoque
1132 1967 1317 2012 locatam,

359 2035 657 2075 Andromedam
679 2045 809 2074 tamen
829 2035 1035 2087 explorans
1056 2032 1137 2072 fera
1156 2046 1325 2087 quaerere
1346 2031 1489 2071 Pistrix

361 2102 510 2154 Pergit,
542 2111 580 2140 et
601 2101 722 2154 usque
743 2101 853 2139 fitam
873 2099 1018 2138 validas
1040 2099 1254 2152 Aquilonis
1276 2098 1322 2137 ad
1343 2111 1459 2136 aurasr

363 2168 518 2206 Caerula
536 2167 697 2220 vestigat
713 2167 824 2206 finita
843 2167 883 2205 in
905 2166 1082 2220 partibus
1103 2165 1252 2204 Austri.

363 2234 482 2272 Hanc
504 2234 616 2271 Aries
638 2234 750 2286 tegit,
781 2243 820 2272 et
841 2232 1074 2286 squammosi
1094 2245 1256 2285 corpore
1278 2230 1422 2275 Pisces,

363 2300 564 2338 Fluminis
586 2299 726 2338 illustri
748 2309 974 2353 tangentem
996 2312 1159 2352 corpore
1179 2298 1296 2350 ripas.

363 2366 553 2418 Namque
572 2365 690 2403 etiam
711 2365 929 2404 Eridanum
950 2378 1082 2404 cernes
1105 2365 1145 2402 in
1166 2372 1274 2416 parte
1294 2362 1469 2400 locatum

367 2432 481 2477 Caeli,
513 2431 711 2469 funestum
732 2433 884 2484 magnis
905 2445 999 2470 cum
1019 2431 1169 2469 viribus
1191 2442 1362 2473 amnem,

366 2499 498 2551 Qcm
520 2498 701 2549 lacrymis
724 2496 868 2537 moestae
889 2495 1148 2536 Phaethontis
1170 2495 1265 2548 saepe
1288 2493 1433 2532 sorores

1666 241 1743 282 125·

1668 458 1746 510 360

1672 1129 1750 1170 370

1673 1457 1759 1499 375

1674 1770 1752 1824 380

1676 2441 1753 2481 390
