2335 3009
543 247 621 287 218

543 345 602 382 est.
654 346 752 394 Ergo
782 345 977 400 liujulmodi
996 347 1216 383 vehementer

543 405 664 430 ornata
690 395 817 442 poterit
841 396 906 431 effe
926 396 1107 443 expolitio,
1133 407 1215 443 quae

544 443 714 478 constabit
746 456 788 478 ex
821 442 1061 492 frequentibus
1091 445 1215 480 verbo-

545 503 624 527 rum
658 492 940 528 exornationibus
976 504 1011 528 et
1038 493 1215 528 sententia-

546 552 636 575 rum.
689 541 773 576 Hoc
806 541 912 577 modo
944 541 1051 590 igitur
1087 547 1214 594 teptem

545 588 704 636 partibus
722 589 936 626 tractabitur.
987 590 1053 625 Sed
1071 590 1116 625 ab
1131 588 1218 636 ejus-

546 638 626 674 dem
643 637 818 674 sententiae
839 650 908 675 non
936 639 1134 674 recedamus
1159 650 1216 673 ex

547 686 679 741 emplo,
706 697 747 722 ut
775 687 857 722 scire
885 689 999 734 poffis,
1029 698 1137 734 quarn
1166 685 1204 721 fa

854 251 1633 294 RHETORICORUM

1261 349 1377 394 patriae
1399 347 1515 392 salvus
1547 357 1631 381 nemo
1659 345 1756 392 potest
1794 353 1934 381 enatare.

1265 394 1361 442 Qod
1384 397 1459 432 mihi
1474 395 1547 430 bene
1563 396 1690 430 videtur
1704 395 1819 430 Decius
1842 394 1937 430 intel·

1265 443 1371 490 lamb,
1397 457 1447 492 qui
1442 445 1492 491 se
1508 440 1662 489 devoviffe
1676 442 1806 485 dicitur,
1833 451 1863 477 et
1876 452 1938 488 pro

1265 493 1433 539 legionibus
1458 495 1491 527 in
1519 492 1615 536 hostes
1639 490 1786 537 immifiſje
1813 491 1935 527 medios.

1266 542 1374 583 Amisit
1399 544 1528 582 vitam·,
1552 548 1589 575 at
1612 551 1672 575 uon
1686 539 1833 586 perdidit.
1884 540 1942 575 Re

1267 592 1346 624 enim
1366 589 1509 635 viliffuna
1536 596 1567 624 et
1583 597 1751 634 perparva
1772 590 1940 624 maximam

1267 638 1405 674 redemit.
1457 636 1557 674 Dedit
1585 639 1705 679 vitam,
1733 639 1852 683 accepit
1877 647 1939 683 pa-

1268 686 1531 734 triam:am1ft
1560 687 1718 728 animam,
1746 688 1868 731 potitus
1897 685 1940 729 est

549 734 614 770 cile
630 735 863 783 praeceptione
880 735 1049 771 rhetorica
1074 746 1124 770 res
1142 734 1219 770 sim·
1263 734 1383 783 gloria,
1408 748 1475 783 quae
1491 746 1560 770 eum
1567 734 1692 780 summa
1708 733 1801 769 laude
1811 733 1940 780 prodita

550 783 632 830 plex
661 784 849 831 multiplici
877 782 1006 819 ratione
1044 783 1218 819 tractetur.
1268 784 1423 829 vetustate

550 833 678 877 Sapiens
704 832 821 868 uultum
840 842 901 878 pro
925 832 1084 879 republica
1093 834 1220 879 pericu-

550 880 616 916 lum
639 882 782 922 vitabit;
809 881 876 916 ideo
904 881 988 928 quod
1001 882 1086 928 saepe
1101 880 1160 924 fit,
1185 888 1222 917 ut

550 941 617 964 eum
630 939 689 976 pro
705 930 862 976 republica
875 933 982 976 perire
997 931 1146 973 noluerit,
1172 942 1220 965 ne-

551 977 675 1024 eeffario
708 991 776 1014 cum
808 979 966 1025 republica
998 986 1124 1024 pereat.
1174 980 1224 1014 Et

549 1028 696 1074 quoniam
705 1028 782 1070 sunt
810 1029 913 1062 omnia
934 1027 1087 1063 commoda
1114 1038 1137 1061 a
1161 1037 1222 1073 pa-

550 1077 616 1110 tria
633 1084 772 1122 accepta,
798 1076 915 1111 nullum
931 1075 1149 1112 incommodum
1163 1084 1224 1120 pro

546 1126 663 1169 patria
691 1137 797 1170 grave
823 1124 998 1170 putandum
1026 1124 1077 1167 est.
1134 1125 1224 1170 Ergo

551 1174 605 1220 qui
624 1174 760 1219 fugiunt
788 1172 824 1208 id
841 1174 1024 1218 periculum,
1059 1171 1140 1220 quod
1162 1182 1223 1218 pro

552 1221 711 1267 republica
730 1221 922 1267 subeundum
951 1222 1002 1266 est,
1021 1221 1118 1266 stulte
1134 1221 1223 1265 faci-

553 1277 622 1305 unt.
672 1270 762 1306 Nam
779 1282 872 1318 neque
887 1269 1019 1327 effugere
1035 1270 1223 1307 incommoda

549 1317 682 1374 poffunt,
707 1327 738 1353 et
762 1322 886 1366 ingrati
901 1322 936 1354 in
952 1321 1116 1355 civitatem
1133 1328 1220 1365 repe-

552 1369 691 1403 riuntur.
733 1370 794 1409 At,
818 1370 870 1415 qui
883 1369 1002 1414 patriae
1016 1367 1156 1413 pericula
1165 1367 1223 1412 suo

546 1415 689 1461 periculo
703 1424 862 1463 expetunt,
877 1417 912 1451 bi
918 1416 1076 1463 sapientes
1086 1415 1224 1462 putandi

545 1464 637 1510 sunt,
663 1477 731 1500 cum
760 1473 790 1499 et
816 1477 896 1508 eum,
922 1477 1009 1512 quem
1025 1465 1144 1506 debent,
1169 1464 1224 1499 ho-

554 1525 660 1548 norem
675 1514 852 1560 reipublicae
866 1513 1010 1556 reddunt,
1027 1522 1058 1548 et
1074 1523 1132 1559 pro
1145 1513 1224 1548 mul-

555 1564 597 1602 tis
617 1564 723 1608 perire
749 1563 884 1606 malunt,
908 1575 1002 1610 quam
1023 1574 1090 1597 cum
1107 1563 1224 1597 multis.

556 1611 681 1646 Etenim
706 1612 898 1647 vehementer
927 1613 964 1656 est
991 1613 1140 1659 iniquum,
1174 1613 1226 1646 vi—

557 1667 636 1702 tam,
661 1672 753 1706 quam
777 1673 798 1694 a
823 1667 939 1696 natura
962 1668 1118 1706 acceptam
1130 1668 1226 1706 prop-

557 1718 604 1745 ter
627 1711 774 1754 patriam
803 1709 1050 1753 conservaveris,
1088 1717 1226 1751 naturae,

557 1769 624 1796 eum
662 1765 766 1803 cogat,
805 1757 955 1800 reddere,
945 1775 952 1782 ·
990 1759 1123 1804 patriae,
1158 1769 1226 1792 cum

558 1813 657 1853 roget,
684 1818 743 1841 non
773 1806 874 1842 dare:
901 1815 930 1842 et
960 1819 1026 1841 cum
1047 1807 1134 1852 poffis
1160 1818 1228 1840 cum

550 1855 674 1897 summa
691 1857 815 1890 virtute
842 1863 874 1890 et
902 1856 1013 1890 honore
1036 1865 1098 1901 pro
1115 1857 1229 1901 patria

559 1905 704 1946 interire,
729 1904 822 1939 malle
843 1914 900 1950 per
915 1904 1040 1939 dedecus
1057 1913 1086 1939 et
1102 1905 1229 1951 ignovi-

560 1963 612 1986 ani
641 1954 778 1988 vivere.-
813 1961 857 1995 et,
883 1965 951 1988 cum
976 1962 1036 1999 pro
1063 1955 1175 1988 amicis
1200 1961 1230 1988 et

554 2001 745 2046 parentibus
772 2009 802 2036 et
825 2005 933 2037 ceteris
957 2001 1126 2048 necefflm'is
1142 2001 1231 2037 adire

556 2049 730 2095 peritulum
763 2050 855 2092 velis,
889 2061 948 2096 pro
989 2050 1160 2095 republica,
1198 2053 1230 2085 in

559 2111 622 2145 qua
639 2107 669 2133 et
696 2099 763 2141 hoc,
788 2107 818 2134 ct
843 2099 924 2134 illud
939 2100 1043 2146 sancti
1065 2111 1156 2133 imum
1178 2111 1229 2133 no-

559 2159 627 2181 men
648 2151 776 2193 patria,
801 2150 987 2188 continetur,
1015 2147 1094 2182 nolle
1119 2150 1154 2182 in
1170 2147 1228 2192 dis-

559 2199 673 2231 crimen
689 2199 807 2232 venire.
850 2198 962 2245 Itaque
980 2198 1029 2231 uti
1046 2205 1230 2232 contemnen-

559 2245 615 2280 dus
645 2247 696 2290 est,
722 2248 775 2292 qui
803 2247 837 2280 in
865 2246 1043 2292 navigando
1064 2245 1112 2290 ft,
1138 2257 1232 2292 quam

561 2297 684 2336 navim,
710 2294 832 2330 mavult
850 2296 1050 2335 incolumem·,
1077 2296 1155 2328 ita‘
1147 2296 1230 2329 eitu-

558 2343 723 2387 periodus,
749 2346 802 2392 qui
830 2347 863 2379 in
888 2344 1066 2390 reipublice
1081 2342 1231 2400 dtscrimi·

561 2404 609 2433 ne,
629 2398 697 2437 sua·
719 2393 805 2439 plus,
831 2405 922 2440 quam
945 2395 1095 2428 comuni
1115 2391 1230 2439 saluti,

561 2442 696 2485 consuat.
749 2441 850 2476 Nave
880 2445 957 2477 enin·
978 2442 1106 2487 fratta,
1139 2441 1231 2474 multi

562 2490 721 2525 unolumes
759 2496 948 2538 evaserunt:
985 2504 1023 2528 ex
1059 2489 1231 2537 naufragio

1469 775 1604 831 quotidie
1651 785 1750 829 magis
1791 783 1940 828 enitescit.

1269 832 1412 879 ,Quadi
1379 833 1414 877 st
1431 842 1489 878 pro
1505 831 1662 888 republica
1679 831 1785 867 debere
1801 830 1944 867 accedere

1271 881 1316 921 ad
1324 882 1497 928 periculum
1514 889 1546 916 et
1566 882 1690 916 ratione
1704 880 1945 925 demonstratum

1272 932 1324 977 esi,
1350 938 1381 966 et
1408 929 1539 977 exemplo
1566 929 1807 975 comprobatum,
1837 930 1863 964 ii
1882 929 1942 974 sa-

1267 982 1388 1026 pientes
1407 979 1486 1024 sunt
1514 977 1718 1022 existimandi,
1742 980 1795 1025 qui
1823 978 1945 1013 nullum

1268 1037 1330 1073 pro
1351 1027 1458 1074 fhlute
1472 1029 1595 1081 patriae
1617 1026 1791 1072 periculum
1819 1028 1942 1062 vitant.

1273 1077 1314 1111 In
1344 1076 1396 1111 his
1432 1075 1538 1123 igitur
1564 1074 1747 1121 generibus
1774 1074 1946 1129 expolitio

1272 1124 1437 1167 versatur,
1463 1123 1506 1158 de
1535 1135 1606 1170 qua
1633 1122 1795 1171 producti
1812 1123 1945 1166 sumus,

1274 1183 1314 1208 ut
1331 1173 1432 1221 plura
1448 1171 1653 1213 diceremus,
1666 1172 1764 1218 quod
1781 1183 1851 1207 non
1868 1183 1945 1207 mo-

1273 1222 1333 1264 do,
1360 1233 1441 1257 cum
1459 1221 1595 1256 caulam
1612 1219 1778 1261 dicimus,
1801 1219 1946 1267 adjuvat

1272 1279 1308 1305 et
1335 1279 1478 1306 exornat
1510 1269 1713 1312 orationem,
1748 1268 1804 1305 sed
1831 1269 1947 1305 multo

1270 1319 1420 1355 maxime
1453 1331 1514 1366 per
1548 1329 1624 1354 eam
1657 1329 1857 1354 exercemur
1896 1317 1941 1355 ad

1269 1367 1476 1403 elocutionis
1492 1366 1704 1402 facultatem.
1724 1367 1845 1414 Qare
1858 1378 1942 1403 con-

1270 1417 1384 1452 veniet
1409 1426 1506 1452 extra
1531 1414 1700 1451 causam'
1692 1427 1727 1450 in
1752 1415 1945 1451 exercendo

1276 1465 1421 1500 rationes
1449 1465 1610 1500 adbibere
1636 1464 1871 1512 expolitionis,
1907 1464 1944 1499 in

1275 1514 1424 1549 dicendo
1441 1515 1505 1555 uti,
1531 1525 1612 1549 cum
1629 1512 1874 1548 exornabimus
1891 1524 1943 1548 ar-

1276 1562 1583 1610 gumentationem,
1619 1561 1662 1597 de
1692 1573 1764 1608 qua
1792 1561 1948 1598 diximus

1278 1612 1311 1646 in
1330 1611 1420 1647 libro
1437 1610 1596 1646 secundo.

1325 1659 1444 1695 XLV.
1470 1658 1711 1695 Commoratio
1727 1657 1789 1702 est,
1808 1670 1891 1694 cum
1910 1657 1945 1694 in

1276 1709 1355 1744 loco
1391 1707 1593 1749 firmfflimo,
1629 1720 1703 1755 quo
1741 1717 1814 1743 tota
1847 1707 1950 1743 causa

1275 1757 1484 1798 continetur,
1502 1766 1659 1792 manetur
1675 1755 1821 1798 diutius,
1835 1766 1870 1791 et
1886 1768 1944 1792 eo·

1278 1806 1358 1842 dem
1400 1805 1526 1853 saepius
1572 1804 1712 1841 reditur.
1765 1804 1846 1840 Hac
1896 1805 1949 1840 uti

1280 1854 1428 1890 maxime
1444 1853 1618 1908 convenit,
1638 1864 1672 1889 et
1690 1853 1724 1889 id
1739 1853 1787 1889 est
1803 1853 1950 1889 oratoris

1281 1904 1362 1939 boni
1383 1902 1530 1938 maxime
1547 1902 1740 1951 proprium.
1759 1903 1842 1938 Non
1855 1902 1949 1938 enim

1278 1953 1381 1988 datur
1398 1951 1546 1987 auditori
1565 1951 1710 2006 potestas
1729 1951 1883 1986 animum
1905 1952 1950 1986 de

1280 2014 1315 2037 re
1356 2000 1543 2036 firiniffima
1575 1999 1786 2036 dimovendi.
1848 2000 1949 2035 Huic

1278 2050 1479 2097 exemplum
1509 2049 1585 2085 satis
1625 2048 1788 2084 idoneum
1827 2048 1950 2096 subjici

1281 2111 1348 2134 non
1378 2098 1506 2146 potuit,
1545 2107 1726 2145 propterea
1765 2098 1862 2144 quod
1894 2098 1949 2133 hic

1281 2148 1378 2182 locus
1398 2159 1464 2182 non
1481 2146 1529 2182 est
1557 2159 1577 2182 a
1599 2156 1670 2181 tota
1697 2146 1795 2181 causa
1820 2146 1948 2194 separa-

1282 2207 1350 2239 tus,
1377 2195 1474 2231 sicuti
1493 2195 1688 2231 membrum
1711 2195 1866 2241 aliquod,
1894 2196 1951 2231 sed

1282 2256 1445 2292 tanquam
1466 2243 1612 2291 sanguis,
1639 2243 1794 2298 perfulus
1822 2245 1869 2279 est
1890 2257 1951 2293 per

1282 2303 1395 2330 totum
1414 2305 1540 2340 corpus
1569 2303 1743 2328 Orationis.
1797 2295 1950 2329 Conten-

1283 2343 1332 2378 tio
1354 2342 1414 2382 est,
1445 2354 1504 2389 per
1531 2354 1638 2389 quam
1668 2342 1836 2378 contraria
1865 2341 1948 2378 refe-

1282 2402 1414 2427 runtur.
1462 2392 1512 2426 tia
1527 2392 1573 2426 cst
1595 2390 1626 2425 in
1646 2391 1833 2426 verborum
1849 2403 1950 2427 exor-

1281 2439 1491 2482 nationibus,
1507 2450 1545 2475 ut
1563 2450 1640 2475 ante
1654 2440 1850 2479 docuimus,
1861 2439 1951 2486 ejus·

1282 2490 1375 2525 modi
1393 2503 1400 2525 :
1429 2489 1564 2525 Inimicis
1582 2497 1613 2524 te
1623 2489 1824 2536 placabilem,
1843 2491 1951 2525 amisis
