2241 2994
514 225 593 264 412

521 309 694 344 hominem
715 309 755 343 ad
774 309 858 343 duas
878 321 940 350 res,
968 318 1008 344 ut
1028 309 1074 344 ait
1093 309 1188 344 Aris-

522 358 654 399 toteles,
681 357 941 403 intelligendum
966 367 1001 392 et
1017 357 1188 405 agendum

521 406 586 440 esse
603 415 735 448 natum,
750 405 844 452 quasi
864 406 1042 441 mortalem
1059 406 1186 441 deum:

522 464 724 500 contraque,
752 464 792 488 ut
816 454 946 489 tardam
977 455 1129 501 aliquam
1155 464 1189 489 et

523 502 723 549 languidam
743 503 925 550 pecudem,
943 503 985 538 ad
1004 503 1138 551 pastum
1156 513 1191 538 et

524 551 568 586 ad
586 551 786 598 procreandi
807 551 1024 599 voluptatem
1052 551 1116 586 hoc
1139 551 1191 585 di-

523 599 647 635 vinum
677 599 801 634 animal
831 609 948 634 ortum
980 600 1043 634 effe
1073 599 1192 634 volue-

526 658 630 690 runt·
658 660 731 696 quo
760 647 846 683 nihil
876 647 960 682 mihi
979 647 1115 687 videtur
1131 646 1191 681 ab·

524 696 670 732 surdius
723 697 844 743 Atque
869 696 944 731 haec
961 706 1080 731 contra
1095 695 1192 731 Aris

526 745 679 792 tippum,
707 745 767 792 qui
795 756 870 779 eam
889 744 1104 792 voluptatem
1124 756 1191 779 non

525 794 631 828 modo
662 793 842 835 summam,
872 791 926 827 sed
956 793 1060 828 solam
1089 792 1193 827 etiam

524 842 647 883 ducit·,
674 853 780 889 quam
810 853 928 876 omnes
951 853 1055 876 unam
1074 841 1190 889 appel-

525 891 636 925 lamus
663 890 890 937 voluptatem.
945 889 1056 936 quue
1085 902 1126 924 ex
1151 902 1192 925 eo

523 939 667 985 intelligi
701 938 850 980 volebat,
876 939 973 985 quod
1002 950 1104 972 omne
1122 939 1191 973 ani-

523 988 607 1029 mal,
635 987 732 1021 simul
767 997 870 1033 atque
896 997 1015 1021 natum
1039 987 1098 1029 est,
1130 999 1190 1021 vo-

521 1036 692 1084 luptatem
726 1034 897 1075 adsciscat,
940 1045 979 1069 ut
1017 1035 1190 1070 summum

525 1084 672 1126 bonum,
701 1093 735 1119 et
766 1083 924 1131 reprobet
949 1083 1117 1126 dolorem,
1154 1093 1194 1119 ut

523 1133 697 1168 summum
716 1132 1114 1167 malum.1ndolentiarn
1134 1144 1192 1167 au-

525 1191 594 1216 tem
619 1191 654 1217 et
680 1181 808 1216 doloris
832 1181 1040 1216 vacuitatem
1069 1185 1193 1228 (quam

525 1240 643 1265 tuetur
668 1229 861 1277 Epicurus)
884 1241 951 1264 non
970 1229 1115 1276 putabat
1131 1242 1191 1264 vo-

524 1280 703 1326 luptatem,
731 1289 770 1313 ut
785 1277 872 1321 dixi,
899 1289 1011 1325 neque
1027 1278 1190 1326 privatio-

525 1339 603 1362 nem
638 1327 842 1374 voluptatis,
885 1326 1066 1369 dolorem,
1055 1344 1062 1351 -
1109 1326 1194 1374 quia

527 1377 687 1423 voluptas
715 1386 748 1410 et
771 1375 871 1410 dolor
890 1375 1088 1410 versantur'
1081 1387 1114 1410 in
1133 1375 1193 1413 ali-

524 1437 597 1479 quo
616 1434 713 1460 motu
725 1423 887 1471 jucundo
904 1434 963 1458 aut
981 1423 1107 1472 aspero.
1133 1425 1192 1459 Sa-

524 1474 687 1527 pientem
701 1484 782 1507 vero
808 1482 842 1507 et
865 1472 1003 1507 beatum
1020 1473 1095 1515 esse,
1123 1484 1192 1508 non

524 1523 585 1568 qui
617 1522 657 1556 fit
680 1521 712 1556 in
735 1520 913 1574 'perpetuis
936 1520 1191 1568 voluptatibus,

523 1571 579 1605 sed
595 1571 657 1617 qui
677 1581 803 1616 majore
820 1581 861 1603 ex
876 1578 972 1617 parte
989 1571 1027 1612 iis
1044 1568 1190 1605 fruatur.

522 1620 600 1654 Luc.
622 1630 680 1661 42.
707 1618 742 1653 de
771 1618 875 1653 Finib.
904 1618 931 1652 1.
955 1631 986 1664 7.
1013 1627 1046 1653 et
1074 1618 1121 1654 11.
1156 1619 1192 1661 6,

525 1681 566 1708 ιι,
592 1668 659 1702 &c.
695 1667 783 1710 ‘Tusa
805 1666 849 1701 11.
871 1666 903 1701 6.
939 1666 1027 1712 Offic.
1048 1666 1110 1702 111.
1131 1678 1188 1714 33.

523 1727 555 1752 et
573 1716 610 1751 de
625 1716 722 1752 Orat.
742 1715 809 1751 ΙΙΙ.
831 1727 881 1761 17.

651 1860 1065 1896 ARISTONEI.

641 1959 672 1993 R
690 1958 721 1994 E
734 1958 757 1992 S
801 1957 1013 2004 potissimum
1044 1957 1141 1993 sectae
1176 1969 1195 1993 a

635 2007 756 2041 scholis
772 2006 922 2053 explosae
935 2016 969 2041 et
984 2005 1101 2053 eieftae
1119 2005 1192 2041 fue-

529 2066 620 2098 runt,
657 2055 900 2097 Herilliomm,
933 2054 1193 2102 Megaricorum

529 2106 596 2140 sive
629 2103 896 2145 Eretriacorum,
931 2112 965 2137 et
994 2103 1192 2140 Aristoneo-

529 2167 605 2190 rum
635 2153 702 2188 sive
719 2151 1008 2199 Pyrrhoneorum.
1061 2152 1192 2188 Aristo-

527 2203 580 2238 nei
599 2203 642 2237 ab
662 2201 818 2236 Aristone
831 2200 922 2236 Chio
936 2199 1078 2248 profecti
1099 2201 1190 2237 sunt:

530 2253 568 2295 is,
595 2263 674 2285 cum
699 2249 849 2285 Zenonis
875 2247 988 2285 fuisset
1005 2249 1141 2284 auditor
1160 2262 1193 2285 re

528 2299 687 2348 probavit
716 2298 784 2341 illa,
810 2309 892 2346 quae
917 2297 973 2333 ille
992 2298 1114 2342 verbis,
1142 2298 1191 2333 ni-

529 2349 574 2383 hil
592 2348 655 2384 esse
675 2348 819 2389 bonum,
847 2346 906 2382 nisi
925 2347 1113 2388 virtutem;
1139 2360 1191 2382 nc-

526 2410 594 2443 que
613 2397 755 2439 malum,
783 2395 841 2431 nisi
860 2395 956 2443 quod
974 2395 1094 2430 virtuti
1112 2397 1191 2431 esset

526 2446 745 2481 contrarium.
775 2445 906 2481 Rerum
924 2444 1094 2480 delectum
1114 2445 1190 2481 nul-

870 212 975 251 DE
1045 211 1545 251 DOCTRINA

1239 309 1312 344 lum
1341 308 1515 356 ponebat:
1543 306 1751 354 exaequabat
1778 306 1905 342 omnia.

1238 357 1295 392 De
1309 369 1384 404 quo
1403 357 1446 391 sic
1464 356 1511 391 est
1528 356 1622 404 apud
1640 353 1906 397 Ciceronem,de

1240 407 1366 442 Finibus
1394 405 1456 439 IV.
1490 417 1546 450 25.
1599 404 1655 439 Ex
1673 403 1724 438 his
1743 402 1906 449 angustiis

1239 453 1299 489 ista
1315 453 1494 488 evaserunt
1515 453 1692 495 deteriora,
1719 463 1826 498 quam
1854 452 1906 486 A-

1241 502 1396 537 ristonis:
1419 502 1477 536 illa
1493 511 1605 536 tamen
1625 500 1817 554 firnplicia·,
1836 498 1906 533 ves-

1242 560 1293 584 tra
1316 549 1459 584 versuta.
1512 551 1626 603 Roges
1651 561 1743 583 enim
1773 547 1906 583 Aristo-

1243 610 1332 638 nem,
1378 597 1510 632 bonane
1538 597 1569 631 ei
1604 597 1787 631 videantur
1819 596 1907 637 haec,

1241 645 1396 680 vacuitas
1425 645 1566 687 doloris,
1601 643 1748 686 divitiae,
1775 643 1906 678 valetu—

1241 695 1316 729 do?
1345 704 1455 742 neget.
1508 692 1637 740 Quid?
1664 704 1747 740 quae
1774 701 1909 728 contra-

1243 743 1291 777 ria
1317 742 1393 778 sunt
1422 743 1487 785 his,
1514 742 1674 777 malane?
1702 741 1810 777 nihilo
1836 752 1908 775 ma-

1242 792 1306 840 gis.
1360 792 1536 827 Zenonem
1563 802 1684 838 roges:
1711 789 1911 838 respoudeat

1242 839 1385 874 totidem
1403 840 1528 875 verbis.
1569 839 1793 874 Admirantes
1810 849 1908 885 quae·

1243 900 1356 924 ramus
1374 888 1418 922 ab
1436 899 1598 935 utroque,
1619 899 1774 934 quonam
1805 886 1910 921 modo

1242 937 1350 971 vitam
1377 949 1474 983 agere
1489 937 1666 984 poffimus,
1691 935 1715 970 fi
1743 934 1829 970 nihil
1858 934 1909 969 in-

1242 985 1354 1019 teresse
1383 984 1495 1020 nostra
1520 994 1695 1031 putemus,
1721 984 1910 1024 valeamus,

1241 1033 1370 1080 aegrine
1396 1033 1525 1074 fimus·‚
1560 1043 1735 1075 vacemus,
1762 1043 1804 1066 an
1835 1041 1911 1066 cru.

1243 1093 1373 1117 ciemur
1388 1082 1526 1122 dolore·‚
1543 1080 1666 1128 frigus,
1684 1079 1811 1115 famem
1829 1092 1909 1127 pro-

1243 1130 1376 1177 pulsare
1393 1132 1570 1178 poffimus,
1598 1141 1702 1164 necne
1719 1130 1909 1177 possimus:

1245 1179 1362 1222 Vives,
1380 1179 1494 1226 inquit
1512 1177 1643 1221 Aristo,
1661 1177 1845 1232 magnifice
1860 1186 1910 1212 at-

1243 1240 1313 1275 que
1342 1227 1529 1275 praeclare:
1557 1226 1655 1275 quod
1682 1227 1746 1262 erit
1772 1236 1912 1272 cunque

1241 1276 1353 1311 visum
1373 1289 1462 1324 ages,
1478 1287 1657 1323 nunquam
1675 1286 1810 1322 angere,
1822 1286 1911 1310 nun-

1242 1337 1348 1372 quam
1383 1325 1515 1373 cupies,
1554 1335 1733 1371 nunquam
1762 1323 1911 1359 timebis.

1244 1373 1344 1422 Quid
1380 1374 1507 1409 Zeno?
1550 1382 1710 1421 portenta
1741 1371 1817 1407 haec
1847 1372 1913 1408 effe

1243 1422 1339 1457 dicit.
1403 1423 1503 1463 Item,
1545 1421 1582 1456 de
1614 1421 1744 1457 Finibus
1776 1421 1911 1467 ll.13.

1242 1470 1396 1506 Aristoni
1412 1481 1446 1506 et
1468 1469 1639 1517 Pyrrhoni
1657 1469 1768 1504 visum
1785 1469 1846 1512 est,
1873 1479 1914 1505 ut

1242 1519 1329 1555 inter
1360 1519 1492 1568 optime
1517 1519 1630 1553 valere
1657 1529 1692 1553 et
1720 1518 1914 1566 gravissime

1243 1578 1409 1615 aegrotare
1444 1566 1530 1603 nihil
1563 1567 1700 1620 prorsus
1735 1567 1912 1602 intereffet.

1242 1617 1374 1652 Contra
1400 1628 1489 1664 quos
1515 1615 1626 1652 recte
1612 1628 1686 1663 Jam
1705 1615 1837 1670 pridem
1854 1615 1912 1650 de-

1241 1665 1344 1700 situm
1372 1665 1420 1700 est
1446 1663 1634 1712 disputari:
1664 1664 1750 1699 dum
1766 1664 1912 1700 enimin

1241 1725 1309 1749 una
1326 1714 1454 1750 virtute
1483 1713 1525 1749 fic
1553 1713 1669 1748 omnia
1697 1712 1762 1748 esse
1790 1713 1911 1748 volue-

1241 1772 1334 1805 runt,
1361 1772 1401 1797 ut
1426 1774 1500 1798 eam
1528 1773 1640 1797 rerum
1659 1761 1836 1797 selectione
1851 1773 1910 1796 ex-

1241 1810 1434 1858 spoliarent,
1462 1823 1522 1846 nec
1549 1811 1579 1845 ei
1609 1810 1816 1857 quidquam,
1851 1821 1912 1845 aut

1241 1859 1333 1895 unde
1358 1860 1516 1901 oriretur,
1543 1859 1674 1901 darent,
1700 1869 1761 1894 aut
1778 1859 1840 1894 ubi
1858 1859 1910 1893 ni-

1246 1919 1396 1949 teretur·‚
1441 1908 1605 1943 virtutem
1645 1906 1764 1955 ipsam,
1831 1919 1910 1943 uam

1244 1957 1540 2005 amplexabantur,
1567 1955 1784 1993 sustulerunt.
1861 1967 1910 1991 aec

1244 2016 1376 2041 tenuit:

1294 2055 1456 2090 Formam
1480 2053 1534 2090 dei
1555 2051 1699 2100 intelligi
1719 2065 1785 2088 non
1805 2053 1911 2100 poffe,

1245 2115 1356 2151 neque
1391 2103 1424 2138 in
1458 2103 1523 2139 diis
1555 2101 1684 2137 sensum
1718 2102 1805 2138 effe:
1845 2102 1910 2138 du

1247 2152 1342 2188 bium
1380 2152 1481 2187 etiam
1515 2149 1670 2191 omnino,
1713 2150 1797 2186 deus
1840 2151 1910 2186 ani-

1243 2212 1351 2244 mans,
1379 2212 1482 2235 necne
1511 2200 1560 2234 sit.
1586 2198 1622 2234 de
1647 2198 1732 2236 Nat.
1761 2200 1860 2235 Deor,
1882 2199 1907 2235 1.

1246 2262 1294 2293 ¹4-

1293 2297 1331 2333 In
1349 2295 1454 2332 mediis
1471 2308 1509 2332 ea
1531 2306 1716 2339 momenta,
1742 2309 1825 2343 quae
1843 2297 1909 2332 Ze-

1242 2359 1287 2383 no
1304 2346 1429 2388 voluit,
1456 2345 1551 2381 nulla
1565 2345 1639 2381 esse.
1667 2345 1746 2381 Luc.
1766 2357 1825 2389 4²·

1293 2397 1477 2431 Summum
1511 2395 1656 2437 bonum,
1681 2397 1713 2428 in
1742 2393 1791 2428 his
1817 2393 1908 2428 rebus

1242 2453 1398 2480 neutram
1427 2443 1458 2479 in
1487 2453 1617 2492 partem
1645 2442 1797 2485 moveri,
1824 2454 1906 2491 quae
