2335 3009
599 213 699 252 AD
756 210 1269 252 HERENNIUM
1328 213 1463 254 LIB.
1514 216 1550 255 1.

379 307 438 343 illa
459 306 684 356 turpitudinis
707 318 786 354 pars
811 307 912 342 nobis
937 306 1050 342 obesse

378 357 491 404 poffit.
549 356 610 390 Sin
658 354 788 390 humile
832 355 896 390 erit
940 366 1048 402 genus

379 404 503 447 causae,
529 402 694 438 faciemus
713 413 870 438 attentos.
899 403 957 438 Sin
976 413 1048 438 tur-

378 464 424 500 pe
450 451 561 487 causae
586 463 694 498 genus
723 452 799 494 erit,
826 451 1051 486 insinuatione

380 500 549 536 utendum
566 500 626 542 est,
653 501 696 535 de
720 511 790 547 qua
816 499 981 546 posterius
999 500 1050 534 di-

379 561 510 592 cemus,
537 549 598 583 nifi
629 549 716 595 quid
747 549 836 583 nafti
867 547 1049 589 fuer-imus,

380 609 487 645 quare
521 597 726 633 adversarios
753 596 969 632 criminando
994 596 1051 631 be-

380 645 609 681 nevolentiam
627 656 764 694 captare
781 647 956 693 possimus.
992 646 1052 680 Sin

379 694 560 730 honestum
578 694 688 729 causae
705 706 814 741 genus
830 694 906 737 erit,
934 694 1052 729 licebit

377 743 469 778 redte
479 743 536 778 vel
548 743 612 785 uti,
626 743 680 778 vel
697 754 766 777 non
785 742 848 785 uti,
865 742 1049 790 principio.

379 791 415 826 Si
447 791 498 826 uti
524 792 695 834 volemus,
722 801 782 826 aut
812 791 847 826 id
875 791 1052 838 oportebit

379 839 565 881 ostendere,
591 852 698 886 quare
722 838 820 875 causa
838 840 879 874 fit
898 840 1050 881 honesta,

380 898 441 924 aut
471 888 632 931 breviter,
657 889 788 936 quibus
810 889 853 923 de
880 888 981 923 rebus
1008 888 1049 923 fi-

380 949 459 973 mus
476 937 614 979 die'turi,
639 949 820 985 exponere.
865 937 901 972 Si
923 936 1050 985 princi-

379 986 441 1033 pio
463 985 514 1020 uti
544 986 721 1028 nolemus,
741 998 761 1020 a
789 986 875 1032 lege,
903 997 923 1020 a
948 986 1050 1033 scrip›

380 1046 470 1077 tura,
496 1044 555 1069 aut
573 1034 616 1068 ab
635 1034 752 1081 aliquo
771 1034 961 1069 firmiffimo
979 1034 1051 1069 nos-

380 1093 444 1133 [τε
474 1082 584 1117 causae
603 1081 816 1129 adjumento,
842 1082 1053 1130 principium

380 1143 501 1179 capere
517 1131 703 1178 oportebit.
747 1131 927 1179 Qoniam
946 1130 1052 1177 igitur

379 1179 542 1223 docilem,
555 1180 974 1223 benevolum,.attentum‚
993 1180 1052 1214 ha·

382 1230 461 1264 bere
474 1228 667 1263 auditorem
683 1228 1054 1274 volumusrquomodo

381 1277 538 1324 quidque
562 1276 687 1312 confici
711 1277 825 1324 possit,
851 1277 1053 1323 aperiemus.

382 1325 525 1361 Dociles
557 1324 729 1360 auditores
762 1325 886 1359 habere
926 1324 1053 1371 poteri-

382 1385 474 1417 mus,
510 1373 534 1408 fi
566 1372 733 1408 summam
762 1373 873 1408 causae
903 1372 1053 1408 breviter

381 1434 608 1470 exponemus,
632 1432 667 1457 et
696 1422 721 1457 fi
749 1431 896 1457 attentos
921 1434 978 1457 eos
1001 1421 1050 1457 fa-

382 1471 524 1507 ciemus.
566 1472 662 1506 Nam
691 1471 813 1506 docilis
839 1470 886 1506 est
918 1470 958 1512 is,
988 1470 1051 1518 qui

384 1530 510 1556 attente
529 1520 606 1555 vult
632 1520 760 1555 audire.
805 1522 969 1555 Attentos
994 1520 1052 1555 ha-

385 1569 556 1612 bebimus,
583 1569 607 1603 fi
638 1568 895 1616 pollicebimur,
922 1580 984 1604 nos
1011 1569 1055 1604 de

384 1618 486 1653 rebus
529 1618 675 1664 magnis,
718 1617 830 1660 novis,
874 1617 1053 1660 inusitatis,

384 1667 489 1701 verba
519 1665 684 1709 facturos,
711 1676 771 1701 aut
798 1666 840 1700 de
867 1665 907 1700 iis
940 1666 1055 1708 rebus,

384 1727 466 1762 quae
494 1715 537 1749 ad
567 1727 674 1762 remp.
705 1715 890 1762 pertinent,
922 1724 982 1749 aut
1012 1715 1056 1749 ad

383 1775 442 1799 eos
459 1763 560 1811 ipsos,
575 1763 637 1811 qui
655 1764 806 1806 audient,
823 1773 884 1798 aut
901 1763 944 1798 ad
961 1763 1055 1798 Deo-

385 1824 463 1848 rum
481 1812 730 1848 immortalium
757 1811 955 1859 religionem
973 1825 980 1846 :
1009 1821 1054 1854 et,

387 1861 410 1896 fi
428 1861 640 1909 rogabimus,
667 1871 706 1896 ut
733 1870 860 1895 attente
890 1860 1052 1895 audiant:

385 1919 431 1953 et,
456 1911 482 1945 fi
510 1922 655 1945 nurnero
680 1921 896 1956 exponemus
926 1921 988 1950 res,
1015 1909 1057 1944 de

386 1958 516 2006 quibus
543 1957 668 1994 diCturi
695 1958 823 1993 sumus.
866 1957 1057 1993 Benevolos

386 2007 557 2043 auditores
599 2007 710 2042 facere
750 2016 902 2054 quatuor
943 2006 1060 2042 modis

386 2056 577 2103 possumus,
616 2067 635 2090 a
669 2055 793 2098 nostra,
832 2055 876 2089 ab
905 2055 1057 2090 adversa—

388 2104 530 2147 riorum,
557 2105 600 2140 ab
627 2104 826 2140 auditorum
844 2103 997 2151 persona,
1024 2113 1058 2139 et

387 2164 408 2187 a
424 2153 526 2188 rebus
544 2154 632 2201 ipsis.

437 2201 482 2236 V.
510 2203 545 2236 A
563 2202 675 2237 nostra
691 2201 832 2250 persona
853 2201 1056 2237 benevolen-

388 2249 471 2284 tiam
489 2251 741 2294 contrahemus,
767 2251 792 2286 fi
810 2251 964 2286 nostrum
981 2250 1057 2285 offi-

389 2300 483 2333 cium
514 2298 580 2333 fine
606 2299 796 2345 arrogantia
826 2299 1058 2340 laudabimus,

390 2357 449 2382 aut
468 2346 501 2381 in
521 2359 626 2394 remp.
649 2348 766 2394 quales
793 2347 974 2390 fuerimus,
1001 2356 1061 2382 aut

390 2396 425 2430 in
443 2406 610 2443 parentes,
636 2405 696 2430 aut
720 2395 754 2430 in
781 2395 922 2438 amicos,
949 2395 1061 2430 autin

389 2455 447 2480 eos
465 2444 551 2492 ipsos
575 2443 635 2492 qui
664 2444 820 2487 audiunt,
847 2445 902 2480 vel
929 2456 1061 2488 omnes,

1695 229 1766 270 1⁷51

1096 306 1153 341 vel
1183 307 1330 354 aliquos,
1349 307 1546 350 referemus,
1577 310 1773 348 dummodo

1097 355 1171 390 haec
1188 356 1305 390 omnia
1322 357 1364 391 ad
1381 369 1454 392 eam
1483 358 1589 405 ipsam
1617 372 1700 403 rem,
1728 361 1773 395 de

1098 415 1170 450 qua
1209 404 1343 451 agitur,
1391 406 1457 440 sint
1497 409 1770 444 accommodata.

1101 452 1189 486 Item
1209 452 1232 486 fi
1252 453 1364 487 nostra
1380 453 1600 505 incommoda
1619 455 1773 503 profere-

1101 512 1191 542 mus,
1224 501 1389 547 inopiam,
1421 502 1651 546 solitudinem,
1684 507 1773 540 cala-

1100 548 1255 583 mitatem
1272 563 1279 584 :
1306 559 1340 584 et
1357 550 1382 584 fi
1401 551 1591 594 orabimus,
1615 563 1654 587 ut
1673 554 1774 588 nobis

1102 597 1167 632 sint
1207 598 1361 640 auxilio·,
1404 599 1505 634 simul
1543 601 1774 644 ostendemus,

1103 658 1165 680 nos
1192 646 1225 680 in
1249 647 1322 681 aliis
1350 647 1444 694 spem
1470 649 1614 684 noluisse
1639 650 1772 686 habere.

1101 695 1164 729 Ab
1181 695 1448 730 adversariorum
1467 697 1607 743 persona
1626 698 1771 734 benevo-

1101 742 1207 779 lentia
1224 743 1432 791 captabitur,
1459 745 1483 779 fi
1508 758 1566 781 eos
1586 746 1618 780 in
1637 747 1773 789 odium,

1102 791 1137 826 in
1151 792 1328 834 invidiam,
1343 793 1376 827 in
1395 794 1700 841 contemptionem,
1715 796 1773 830 ad-

1100 840 1278 876 ducemus;
1321 842 1369 876 In·
1390 841 1521 877 odium·
1537 843 1721 890 rapiemus,
1748 844 1774 879 fi

1100 889 1186 935 quid
1208 901 1327 924 eorum
1359 890 1490 936 spurce,
1516 890 1672 938 superbe,
1698 904 1775 939 per-

1101 937 1230 980 fidiose,
1247 939 1442 982 crudeliter,
1460 940 1683 983 confidenter,
1703 953 1774 976 ma-

1101 985 1222 1028 litiose,
1260 986 1436 1033 flagitiose,
1455 987 1587 1023 fastum
1621 988 1774 1036 profere-

1103 1046 1192 1069 mus.
1244 1035 1284 1070 In
1319 1036 1486 1071 invidiam
1522 1037 1708 1080 trahemus,
1749 1038 1775 1074 fi

1103 1082 1190 1124 vim,
1218 1082 1240 1117 si
1271 1083 1474 1130 potentiam,-
1498 1084 1696 1129 factionem,
1723 1087 1776 1121 di·

1100 1131 1214 1174 vitias,
1232 1131 1527 1176 incontinentiam,
1546 1135 1787 1179 nobilitatem„

1102 1179 1296 1223 clientelas,
1313 1180 1513 1228 hospitium,
1550 1183 1775 1227 sodalitatem,

1103 1228 1296 1271 affinitates,
1330 1229 1598 1265 adversariorum
1625 1231 1774 1279 profere-

1103 1288 1194 1318 mus,
1237 1287 1272 1311 et
1310 1277 1362 1312 his
1404 1277 1609 1324 adjumentis
1651 1281 1776 1328 magis,

1103 1336 1210 1371 quam
1231 1325 1442 1368 veritati,er
1460 1328 1632 1362 confidere
1649 1329 1776 1375 aperie-

1103 1385 1193 1409 mus.
1238 1374 1279 1408 In
1307 1375 1601 1422 contemptionem
1628 1378 1778 1413 adduce-

1100 1433 1191 1465 mus,
1218 1421 1243 1456 s1
1278 1422 1447 1465 inertiam,
1474 1423 1661 1471 ignaviam,
1689 1426 1777 1461 dest-

1100 1471 1204 1513 diam,
1218 1470 1406 1514 luxuriam,
1418 1484 1537 1507 eorum
1550 1473 1777 1520 proferemus.

1103 1520 1166 1555 Ab
1193 1520 1390 1556 auditorum
1410 1521 1550 1568 persona
1572 1522 1778 1559 benevolen-

1103 1569 1150 1604 tia
1167 1569 1363 1616 colligetur,
1382 1570 1406 1604 fi
1424 1582 1474 1605 res
1491 1582 1611 1606 eorum
1629 1571 1777 1616 fortiter,

1103 1617 1280 1665 sapienter,
1302 1618 1486 1661 mansuete,
1511 1620 1706 1667 magnifice,
1718 1620 1778 1668 ju-

1104 1666 1233 1701 dicatas
1251 1665 1488 1713 proferemus:
1515 1678 1550 1702 et
1571 1669 1608 1711 s1,
1635 1681 1716 1716 quae
1735 1670 1778 1705 de

1105 1715 1146 1750 iis
1165 1715 1383 1758 existimatio,
1409 1727 1492 1762 quae
1509 1715 1634 1763 judicii
1651 1730 1778 1765 expec-

1104 1763 1190 1798 tatio
1218 1764 1271 1806 sit,
1297 1763 1499 1811 aperiemus.
1539 1765 1575 1799 A
1595 1765 1696 1801 rebus
1725 1766 1776 1814 ip-

1105 1812 1151 1847 fis
1179 1812 1387 1848 benevolum
1419 1813 1607 1848 efficiemus
1641 1815 1778 1850 audito-

1106 1872 1189 1902 rem,
1217 1860 1241 1895 s1
1268 1861 1416 1896 nostram
1442 1861 1578 1897 causam
1605 1863 1779 1899 laudando

1104 1910 1322 1951 extollemus,
1337 1910 1605 1945 adversariorum
1619 1923 1680 1959 per
1696 1924 1778 1947 con-

1105 1958 1331 2005 temptionem
1347 1958 1588 2006 deprimemus.

1155 2007 1219 2042 VI.
1263 2007 1437 2055 Deinceps
1477 2008 1520 2042 de
1555 2008 1781 2045 insinuatione

1108 2055 1328 2103 aperiendum
1345 2056 1404 2091 est.
1448 2056 1535 2091 Tria
1552 2057 1629 2092 sunt
1645 2067 1777 2105 tempo-

1108 2116 1155 2145 ra,
1169 2103 1300 2152 quibus
1317 2104 1489 2152 principio
1508 2105 1558 2140 uti
1577 2118 1645 2141 non
1664 2107 1780 2153 possu-

1107 2165 1200 2195 mus,
1235 2165 1318 2200 quae
1334 2153 1517 2200 diligenter
1533 2153 1611 2189 sunt
1628 2154 1780 2189 conside-

1107 2202 1235 2236 randa:
1263 2212 1325 2237 aut
1358 2214 1439 2237 cum
1474 2212 1610 2249 turpem
1645 2203 1780 2238 causam

1107 2250 1287 2294 habemus,
1314 2250 1380 2285 hoc
1413 2251 1472 2293 est,
1508 2262 1588 2284 cum
1624 2250 1694 2297 ipsa
1728 2263 1779 2287 res

1109 2299 1263 2334 animum
1282 2299 1447 2334 auditoris
1471 2310 1490 2332 a
1512 2299 1610 2333 nobis
1631 2299 1778 2342 alienat,

1110 2358 1170 2382 aut
1193 2359 1274 2382 cum
1298 2347 1431 2381 animus
1453 2347 1617 2382 auditoris
1644 2348 1779 2394 persua-

1110 2395 1164 2431 sus
1194 2396 1331 2430 videtur
1359 2395 1423 2430 esse
1451 2395 1496 2430 ab
1526 2395 1578 2436 iis,
1613 2397 1675 2442 qui
1703 2407 1780 2432 ante

1111 2453 1230 2480 contra
1247 2444 1432 2487 dixerunt,
1458 2453 1518 2480 aut
1535 2455 1616 2480 cum
1634 2443 1798 2482 defeffus.
