2335 3009
710 233 1326 274 HISTORIA.

328 337 390 371 ret,
416 339 527 375 neque
551 327 587 363 in
603 325 807 363 criminibus
823 327 993 362 declama-

328 377 421 412 tione
437 375 656 412 cumulandis
673 385 810 430 tempus
839 374 993 410 absume-

328 435 392 467 ret,
419 425 474 460 sed
499 424 742 459 tantummodo
760 424 878 459 citaret
897 423 994 459 testes

328 473 371 508 ad
400 472 678 520 unumquodque
706 474 834 508 crimen
860 472 994 520 exposi-

328 531 418 564 tum,
442 529 477 556 et
504 533 562 556 eos
579 521 793 556 Hortenfio
786 531 995 576 interrogan-

327 569 391 605 dos
432 569 552 612 daret,
594 569 709 617 inquit
749 568 920 604 Asconius
962 571 996 604 in

327 619 461 664 Argum.
480 620 572 654 Verr.
593 619 636 654 11.
679 618 786 653 Unde
803 618 995 666 Qintilia·

328 678 393 702 nus
411 667 471 703 lib.
487 668 547 702 Vl.
573 679 648 714 cap.
669 668 701 702 6.
753 668 858 702 Cicero
876 667 996 713 fitmmo

327 715 444 760 cotfilio
460 715 586 751 ‘indetur
601 717 636 750 in
652 717 780 750 Verrem
795 716 849 750 vel
871 724 994 751 contra-

327 764 399 798 here
428 772 564 810 tempora
589 763 711 798 dicendi
734 763 878 810 maluiffe,
904 776 996 811 quam

327 815 361 847 in
377 824 443 847 eum
459 824 589 855 annum,
615 824 672 860 quo
699 820 771 847 erat
795 813 840 859 Q
858 813 994 847 Horten-

315 861 384 906 sius
400 861 505 907 consul
514 862 657 903 futurus,
682 860 825 896 incidere.

378 910 570 945 Consilium
589 909 688 945 suum
704 910 771 957 ipse
785 910 906 944 Cicero
918 911 996 944 Ver-

328 960 399 994 rina
442 960 487 994 11.
527 959 662 1006 copiose
703 959 870 1006 exponit;
914 971 996 1006 quae

328 1017 493 1054 praeterea
529 1007 802 1042 exhortationem
845 1008 998 1042 continet

322 1055 486 1103 judicum
529 1057 572 1090 ad
623 1069 702 1091 vere
737 1055 995 1102 judicandum:

328 1105 433 1139 minae
459 1117 601 1152 quoque
626 1105 658 1139 in
685 1105 889 1139 adversarios
917 1105 998 1139 diri-

328 1164 472 1200 guntur,
510 1154 625 1189 omnia
655 1163 821 1188 tentantes
851 1153 892 1187 ad
923 1165 997 1188 cor-

328 1202 558 1249 rumpendum
573 1201 757 1248 judicium.
811 1203 896 1250 Qua
922 1214 998 1237 ora-

328 1251 420 1286 tione
440 1251 507 1298 ipse
534 1253 670 1286 Verrina
691 1251 754 1286 111.
782 1261 849 1297 cap.
873 1261 904 1296 7.
932 1251 998 1286 hoc

329 1300 361 1335 se
398 1300 585 1334 assecutum
620 1299 720 1334 fuisse
755 1299 813 1342 ait,
861 1309 900 1334 ut
930 1311 999 1334 una

328 1348 424 1390 hora,
451 1360 522 1395 qua
548 1349 659 1396 coepit
680 1348 804 1389 dicere,
832 1359 888 1382 reo
905 1347 998 1395 spem

323 1395 448 1444 judicii
496 1397 740 1444 corrumpendi
782 1396 994 1444 praecideret.

328 1445 449 1481 Primo
476 1456 589 1480 autem
619 1447 675 1481 die
702 1457 829 1493 magno
859 1445 996 1481 testium

329 1506 474 1530 numero
504 1495 621 1537 citato,
660 1495 743 1530 alter
759 1475 846 1530 odies
878 1494 995 1530 amicis

328 1543 446 1578 Verris
472 1554 507 1578 et
532 1543 766 1578 defensoribus
798 1555 866 1579 non
892 1543 999 1579 modo

329 1591 421 1639 spem
441 1591 608 1635 vic‘toriae,
634 1592 688 1627 sed
710 1593 813 1628 etiam
837 1593 997 1627 volunta-

329 1651 399 1676 tem
417 1639 618 1676 defensionis
636 1641 786 1676 abstulit.
826 1642 931 1684 Nam,
959 1651 998 1676 ut

328 1689 474 1735 Asconius
491 1689 618 1732 scribit,
651 1700 721 1725 arte
750 1690 926 1725 Ciceronis
950 1690 997 1725 ita

328 1739 376 1774 est
392 1737 556 1786 fatigatus
582 1739 801 1782 Hortensius,
829 1749 868 1774 ut
898 1739 996 1781 nihil,

329 1797 448 1822 contra
489 1788 587 1834 quod
629 1788 769 1830 diceret,
815 1788 994 1822 inveniret.

330 1837 451 1884 ltaque
468 1837 566 1879 nobis,
594 1836 640 1871 ait
657 1837 780 1871 Cicero
799 1838 834 1871 in
851 1838 998 1872 Oratore

329 1897 403 1933 cap.
436 1898 491 1932 37.
517 1895 576 1930 pro
596 1885 760 1932 familiari
788 1897 839 1920 reo
858 1884 998 1930 summus

328 1943 435 1969 orator
452 1946 512 1969 non
529 1935 680 1980 respondit
699 1935 890 1977 Hortenfius.
930 1934 998 1968 Di-

330 1983 427 2018 cendi
444 1983 534 2018 enim
553 1982 752 2018 facultatem
765 1985 887 2018 Cicero
901 1983 998 2017 Hor-

331 2031 436 2066 tensio
466 2032 596 2067 nullam
622 2032 717 2066 dedit
747 2032 831 2067 nihil
861 2031 929 2078 ipse
946 2031 999 2066 di-

331 2080 452 2123 cendo,
479 2081 526 2116 ait
549 2081 734 2116 Asconius.
786 2081 834 2116 Et
861 2081 1003 2115 Plutar-

332 2128 430 2190 dius'
457 2133 538 2164 τὶἷτον
556 2145 618 2166 tumr
635 2138 665 2165 ἐκ
683 2132 776 2172 eia-rh,
796 2131 855 2164 itm
873 2133 900 2173 ἐξ
927 2147 998 2165 aza-rx

331 2195 374 2222 τς
368 2182 427 2213 ’πον
442 2183 504 2213 τινὰ.
523 2182 556 2213 ri
568 2197 602 2223 μη
620 2181 713 2219 eia-tir,
734 2179 792 2214 ubi
810 2178 999 2225 aliquando

332 2230 360 2270 ἐξ
378 2228 446 2260 aar}
471 2237 673 2273 corruptum
699 2228 775 2269 esse,
801 2237 904 2274 atque
933 2239 998 2274 pro

330 2287 373 2310 eo
411 2278 511 2320 {gagia
545 2276 761 2311 commodius
795 2276 862 2322 legi
905 2276 998 2322 posse

331 2323 465 2370 putavi.
517 2323 582 2357 Sed
609 2323 784 2359 Adrianus
807 2325 998 2359 Turnebus

335 2370 449 2418 (cujus
467 2383 603 2414 nomen,
630 2381 669 2406 ut
695 2373 846 2420 magistri
874 2373 917 2407 de
943 2385 997 2408 me

331 2423 461 2468 optime
479 2420 602 2462 meriti,
629 2420 711 2455 mihi
740 2433 918 2468 nunquam
936 2421 997 2456 nisi

331 2469 469 2505 honoris
515 2469 614 2504 causa
656 2469 888 2518 usurpandum
932 2470 996 2512 est)

1635 248 1707 291 271

1043 339 1133 363 anno
1159 327 1339 394 superiore
1360 328 1464 365 literis
1494 328 1712 377 significavit,

1044 380 1135 416 verim
1162 381 1222 413 πναὶ
1249 381 1280 421 ἐξ
1307 380 1378 413 αὖτίἶ
1405 380 1442 414 τῖἷ
1463 378 1503 424 μοι’
1531 381 1623 422 eima,
1649 381 1714 415 effe

1044 424 1198 472 quodam
1216 425 1323 460 modo
1337 426 1493 462 abdicata
1504 427 1711 480 eloquentia.

1094 472 1189 507 Haec
1218 473 1330 520 prima
1362 474 1462 516 actio,
1490 488 1589 521 cujus
1617 477 1713 523 quasi

1045 521 1259 568 prooemium
1289 531 1426 557 tantum
1451 523 1558 558 literis
1574 525 1712 559 manda-

1045 580 1120 604 tum
1138 569 1197 611 est,
1224 582 1306 617 quae
1319 570 1465 606 Verrina
1487 571 1632 607 secunda
1650 584 1714 607 nu-

1045 628 1206 661 meratur,
1243 630 1368 653 novem
1398 620 1520 654 diebus
1551 620 1715 656 transacta

1043 667 1101 702 est.
1145 669 1282 703 Verrina
1324 668 1386 703 111.
1439 669 1560 716 anue
1593 670 1715 704 Verres

1044 716 1237 758 conviftus,
1271 716 1329 751 sua
1358 716 1477 764 sponte
1508 718 1540 752 in
1571 718 1713 753 exilium

1046 765 1206 807 decessit·,
1232 765 1387 811 Asconius.
1441 767 1479 801 1n
1509 778 1582 813 quo
1610 767 1715 802 exilio

1047 813 1146 848 illum
1165 813 1381 854 consenuisse,
1407 814 1517 849 donec
1536 827 1555 849 a
1572 815 1715 850 Trium-

1045 862 1128 897 viris
1147 862 1222 909 post
1240 862 1313 897 Cic.
1333 872 1479 898 mortem
1505 863 1715 910 proscriptus

1047 910 1160 958 periit,
1200 911 1319 947 anaor
1347 911 1395 946 est
1424 911 1627 946 Lactantius
1657 912 1713 947 lib.

1048 960 1093 995 Il.
1121 969 1189 1006 cap.
1220 973 1254 1003 4.
1289 969 1323 994 et
1352 961 1478 995 Seneca
1505 963 1538 996 in
1564 961 1724 1007 Suafhriis·

1046 1008 1098 1043 lib.
1122 1009 1150 1043 Ι.

1098 1056 1333 1104 Proscriptum
1353 1057 1496 1093 Verrem
1527 1058 1570 1093 ab
1599 1059 1715 1094 Anto·

1048 1105 1106 1140 nio
1124 1106 1281 1147 traditur,
1307 1106 1404 1153 quod
1423 1107 1611 1142 Corinthiis
1637 1107 1668 1142 se
1685 1108 1718 1142 ei

1048 1155 1216 1189 ceffururn
1268 1155 1461 1201 negavisset.
1520 1155 1608 1191 Plin.
1659 1157 1721 1192 lib..

1046 1204 1222 1238 XXXIV.
1251 1213 1316 1249 cap.
1338 1216 1369 1239 2.

1097 1252 1263 1299 Reliquas
1282 1252 1441 1288 verrinas
1471 1252 1628 1300 quinque
1654 1254 1714 1289 Ci-

1048 1312 1126 1335 cero
1158 1312 1227 1335 non
1255 1300 1366 1336 dixit:
1400 1302 1467 1345 sed,
1499 1313 1579 1336 curn
1611 1303 1716 1338 vellet

1047 1361 1185 1384 omnem
1203 1349 1275 1383 vim
1293 1358 1327 1383 et
1345 1350 1508 1385 rationem
1536 1351 1715 1386 accusandi

1048 1397 1081 1432 in
1102 1409 1171 1432 uno
1191 1409 1246 1432 reo
1264 1397 1448 1439 ostendere,
1475 1398 1630 1446 quinque
1653 1400 1716 1435 hos

1047 1446 1153 1481 libros
1179 1446 1273 1481 domi
1302 1446 1444 1494 scriptos
1467 1448 1598 1483 edidit:
1626 1461 1717 1495 quos

1045 1507 1110 1543 pro
1139 1495 1306 1542 qualitate
1335 1496 1519 1531 criminum
1546 1497 1716 1539 dividens,

1048 1544 1209 1579 anteaffls
1226 1556 1337 1579 unum
1355 1544 1473 1586 dedit3
1501 1545 1634 1581 crimini
1667 1558 1717 1581 re-

1047 1593 1279 1648 petundarum
1313 1603 1491 1641 quatuor·,
1533 1607 1643 1629 unum
1674 1595 1718 1630 de

1042 1654 1122 1689 jure
1147 1642 1309 1689 dicendo,
1341 1643 1486 1677 alterum
1513 1644 1556 1678 de
1583 1655 1617 1678 re
1642 1642 1714 1678 fru-

1047 1691 1221 1732 mentaria,
1250 1690 1388 1725 tertium
1412 1692 1454 1726 de
1472 1692 1586 1738 signis,
1612 1704 1715 1739 quar-

1047 1749 1123 1775 tum
1141 1740 1184 1774 de
1201 1740 1388 1786 suppliciis.
1440 1741 1598 1785 Asconius.

1099 1788 1151 1823 Hi
1171 1788 1247 1822 sunt
1263 1788 1420 1835 quinque
1437 1799 1556 1823 contra
1575 1791 1724 1825 Verrem.

1048 1836 1205 1872 secundae
1226 1837 1367 1872 aetionis
1399 1837 1491 1879 libri,
1517 1839 1559 1872 de
1585 1840 1716 1884 quibus

1047 1885 1176 1920 Fabius
1207 1885 1341 1920 lib.X1.
1370 1896 1435 1932 cap.
1459 1898 1490 1920 2.
1518 1897 1550 1921 et
1570 1887 1716 1922 Tacitus

1046 1937 1079 1969 in
1107 1934 1243 1980 Dialogo
1269 1935 1304 1968 de
1337 1935 1539 1977 Oratoribus,
1567 1946 1634 1982 cap.
1657 1947 1714 1972 20.

1049 1983 1172 2018 Cicero
1201 1983 1302 2017 etiam
1333 1986 1366 2018 in
1388 1984 1537 2026 Oratore,
1564 1995 1632 2030 cap.
1658 1986 1715 2021 62.

1048 2032 1226 2066 Verrinam
1247 2032 1371 2067 sextam
1383 2041 1530 2081 quartum
1546 2034 1715 2078 accusatio-

1048 2083 1095 2116 nis
1114 2081 1273 2128 appellat.

1097 2130 1219 2176 Itaque
1262 2130 1301 2164 in
1338 2130 1452 2177 primo
1494 2130 1715 2166 accusationis

1047 2178 1150 2220 libro,
1177 2190 1259 2225 quae
1285 2178 1332 2213 est
1353 2179 1494 2213 Verrina
1521 2181 1628 2220 tertia,
1655 2180 1714 2214 Ci-

1047 2239 1125 2262 cero
1151 2227 1315 2269 anteacta,
1343 2227 1378 2261 id
1406 2227 1465 2267 est,
1496 2240 1534 2262 ea
1559 2228 1713 2270 crimina,

1047 2287 1128 2323 quae
1156 2276 1278 2311 Verres
1308 2286 1385 2311 ante
1412 2286 1599 2322 praeturam
1631 2276 1718 2311 Sici-

1047 2324 1182 2359 liensem
1211 2325 1244 2359 in
1263 2325 1447 2371 quaestura‚
1475 2324 1655 2370 legatione,
1682 2335 1716 2360 et

1046 2384 1198 2421 praetura
1215 2373 1346 2408 urbana
1363 2372 1542 2414 commisit,
1561 2374 1715 2420 exponit.

1096 2423 1136 2457 In
1166 2421 1314 2457 secundo
1343 2421 1582 2458 Accusationis
1612 2423 1719 2466 libro,

1047 2482 1129 2519 quae
1141 2471 1189 2507 est
1201 2470 1344 2506 Verrina
1357 2479 1491 2518 quarta,
1502 2470 1715 2517 explicantur
