2335 3009
536 222 589 275 76
970 219 1475 286 ⁷EP13ToLAE

536 317 730 370 cogitabis
750 315 998 369 diligentius,
1028 315 1170 354 statues
1191 300 1395 370 sapienter.
1437 315 1574 355 Facies
1594 329 1681 364 nos,
1712 317 1810 371 quid
1829 331 1928 358 con-

537 383 722 428 stitueris,
753 392 792 421 et
812 381 910 435 quid
929 395 1033 434 agas,
1058 382 1104 435 (fi
1126 382 1200 420 tibi
1221 382 1437 433 videbitur)
1460 383 1659 423 certiores.
1693 385 1930 424 Ciceronem

537 449 715 488 nostrum
736 450 777 487 in
797 448 966 487 vestrum
987 449 1203 501 collegium
1224 449 1401 501 cooptari
1421 449 1525 488 volo.
1571 449 1769 489 Existimo
1794 451 1930 490 omni-

537 528 590 553 no
609 514 831 554 absentium
852 515 1044 553 rationem
1065 514 1308 553 sacerdotum
1328 515 1504 552 comitiis
1524 515 1628 567 posse
1647 514 1806 555 haberi:
1838 530 1932 556 nam

537 582 656 621 etiam
677 580 827 621 factum
847 581 900 620 est
920 590 1045 619 antea.
1091 581 1210 619 Caius
1237 581 1345 619 enim
1376 581 1545 626 Marius,
1576 594 1670 620 cum
1700 582 1740 620 in
1772 583 1931 635 Cappa-

538 647 651 686 docia
669 647 775 693 esset,
805 647 891 700 lege
913 647 1096 685 Domitia
1113 645 1238 685 fastus
1258 646 1312 684 est
1332 659 1456 698 augur
1471 665 1483 691 ς
1516 660 1604 692 nec,
1635 661 1715 700 quo
1735 647 1868 686 minus
1889 647 1933 686 id

536 713 667 767 postea
696 714 847 759 liceret,
879 712 960 751 ulla
991 712 1055 750 lex
1087 711 1227 750 sanxit.
1275 711 1343 750 Est
1368 713 1488 750 etiam
1516 712 1557 750 in
1585 712 1671 764 lege
1691 713 1813 764 Julia,
1844 726 1930 765 quae

538 778 603 818 lex
631 779 686 817 est
716 779 764 817 de
794 777 1017 816 sacerdotiis
1048 777 1247 830 proxima,
1275 775 1338 815 his
1370 777 1513 822 verbis,
1544 777 1622 828 Qi
1643 777 1755 830 petit,
1786 777 1932 829 cujtfiie

538 843 635 882 ratio
667 842 872 882 habebitur.
918 844 1066 896 Aperte
1097 843 1261 888 indicat,
1293 842 1396 895 posse
1418 841 1609 881 rationem
1630 842 1781 889 haberi,
1811 845 1933 882 etiam

539 923 618 949 non
640 909 852 963 praesentis.
884 909 973 947 Hac
994 908 1041 947 de
1061 922 1102 947 re
1121 908 1252 962 scripsl
1273 908 1320 946 ad
1340 922 1446 953 eum,
1474 918 1518 946 ut
1539 918 1607 947 tuo
1622 909 1778 961 judicio
1799 919 1930 947 utere-

538 985 616 1022 tur,
648 976 747 1014 ficut
777 976 818 1013 in
851 975 966 1013 rebus
998 975 1201 1013 omnibus.
1248 974 1347 1012 Tibi
1376 984 1508 1012 autem
1534 974 1782 1013 statuendum
1810 975 1864 1013 est
1883 975 1932 1014 de

538 1042 739 1087 Domitio,
769 1050 808 1079 et
828 1041 876 1079 de
897 1042 1049 1079 Catone
1069 1039 1213 1078 nostro.
1247 1039 1320 1078 Sed
1339 1040 1519 1091 quamvis
1540 1040 1656 1078 liceat
1677 1040 1845 1078 absentis
1867 1053 1931 1078 ra-

536 1107 688 1146 tionem
709 1105 859 1151 haberi,
891 1115 1021 1143 tamen
1042 1105 1177 1142 omnia
1196 1104 1286 1142 sunt
1305 1103 1560 1156 praesentibus
1580 1103 1772 1143 faciliora.
1810 1105 1933 1157 Qod

535 1173 564 1212 fi
584 1172 759 1210 statueris
780 1171 821 1209 in
842 1171 975 1209 Asiam
995 1170 1071 1208 tibi
1091 1169 1282 1214 eundum,
1309 1169 1419 1207 nulla
1438 1169 1512 1208 erit
1532 1170 1578 1208 ad
1599 1170 1763 1208 comitia
1782 1171 1933 1210 nostros

535 1236 746 1277 arcefl'endi
766 1235 948 1275 facultas.
988 1236 1184 1281 Omnino,
1217 1235 1339 1273 Pansa
1358 1235 1462 1280 vivo,
1493 1235 1679 1274 celeriora
1698 1236 1833 1275 omnia
1852 1251 1931 1290 pu·-

534 1304 744 1343 tabamus:
774 1302 906 1340 statim
934 1301 1043 1339 enim
1071 1301 1267 1353 collegam
1287 1300 1359 1338 fibi
1384 1300 1648 1354 subrogasset:
1681 1302 1822 1342 deinde
1841 1311 1933 1342 ante

535 1369 730 1423 praetoria,
761 1367 1005 1406 sacerdotum
1026 1366 1189 1406 comitia
1208 1365 1382 1405 fuissent.
1415 1367 1538 1405 Nunc
1559 1381 1628 1420 per
1647 1367 1819 1420 auspicia
1838 1368 1930 1407 lon-

535 1449 627 1488 gam
646 1447 799 1473 moram
815 1433 942 1472 video.
975 1434 1088 1471 Dum
1108 1433 1215 1471 enim
1238 1445 1338 1470 unus
1360 1433 1433 1470 erit
1454 1433 1642 1485 patricius
1665 1433 1927 1486 magistratus,

536 1500 706 1554 auspicia
725 1499 773 1537 ad
792 1508 919 1553 patres
941 1498 1065 1537 redire
1092 1512 1172 1538 non
1204 1498 1374 1551 poffunt.
1422 1498 1573 1551 Magna
1604 1499 1690 1537 sane
1721 1500 1929 1552 perturba-

536 1567 609 1606 tio.
652 1567 720 1606 Tu
753 1574 834 1604 tota
864 1565 912 1604 de
943 1579 983 1604 re
1013 1565 1112 1618 quid
1141 1565 1296 1611 sentias,
1327 1563 1448 1603 velim
1478 1579 1542 1603 me
1563 1564 1681 1604 facias
1702 1565 1930 1607 certiorem.

539 1646 595 1672 111
618 1632 757 1671 Nonas
777 1631 921 1671 Maias.
952 1631 1065 1670 Vale.

1380 1714 1400 1731 Ι

872 1833 1128 1873 Bnurus
1175 1833 1501 1873 CICERONx
1553 1833 1592 1872 S.

538 1964 614 2003 Vl.
635 1959 774 2037 ΝΟ
789 1962 826 2001 L
844 1962 868 2000 Ι
892 1962 1079 2014 expoliare
1096 1960 1179 1999 dum
1198 1960 1268 1999 tibi
1279 1961 1428 2014 gratias
1445 1975 1565 2013 agam.
1610 1961 1840 2015 Jampridem
1866 1963 1931 2002 [roc

734 2043 778 2067 ex
796 2027 913 2079 nostra
933 2026 1186 2077 neccff'tudim·‚
1207 2041 1286 2079 quae
1300 2026 1352 2065 ad
1350 2029 1533 2079 stsmmam
1548 2026 1825 2066 benevolentiam
1839 2038 1930 2081 pcr-

538 2097 654 2142 venit,
671 2095 860 2149 sublatum
879 2092 940 2146 qffi*
959 2093 1073 2132 debet.
1118 2093 1237 2132 Filius
1264 2102 1347 2132 tuus
1377 2108 1402 2132 a
1430 2108 1482 2133 me
1500 2093 1605 2143 abest.
1649 2095 1695 2132 In
1715 2096 1931 2134 Blaccdomia

539 2163 817 2217 congrediemur.
861 2159 988 2215 Jitffits
1007 2159 1052 2212 est
1071 2160 1162 2198 enim
1181 2159 1384 2199 Ambracia
1403 2159 1529 2199 ducere
1548 2160 1679 2212 equites
1694 2170 1762 2213 pcr
1783 2160 1929 2214 Ὑὸς-[βὰ-

538 2231 637 2276 liam,
668 2240 702 2269 et
710 2228 844 2282 scripfi
861 2226 913 2266 ad
928 2241 1004 2268 cum
1030 2235 1072 2265 ut
1103 2226 1192 2265 mihi
1217 2225 1433 2266 blawclcam
1468 2235 1686 2265 ocem-reret.
1734 2231 1826 2266 Cum
1851 2243 1930 2268 eum

539 2296 676 2341 videro,
707 2294 869 2348 quoniam
889 2292 985 2332 nobis
999 2293 1198 2346 permittis,
1229 2292 1458 2330 emmunim-r
1477 2293 1719 2335 constituemus
1746 2293 1786 2332 de
1810 2293 1931 2333 reditu

539 2363 610 2415 (jus
629 2363 680 2401 ad
689 2361 909 2415 petitionem,
939 2369 1006 2398 aut
1026 2359 1078 2398 ad
1091 2358 1417 2398 commendationem
1448 2359 1600 2397 [enoris.
1647 2357 1732 2397 ‘Tibi
1757 2361 1929 2413 Gb‘conae,

540 2429 705 2468 medicum
727 2428 871 2480 Paqfie,
901 2426 965 2479 qui
978 2427 1140 2478 sororem
1161 2425 1337 2464 Achilleos
1369 2425 1478 2476 nolit-i
1501 2426 1537 2463 in
1564 2426 1787 2465 m..·trimonio
1805 2426 1929 2471 habet,

538 2493 789 2548 dilt'gentfffitm·
804 2491 1009 2534 commendo.
1030 2491 1208 2532 Audimus
1227 2506 1302 2531 cum
1318 2491 1444 2544 ornys&
1460 2491 1732 2544 iustglpiceonem
1747 2489 1935 2546 'Tor-quoto
