2335 3009
589 231 688 271 AD
745 227 1259 271 HERENNIUM
1317 229 1452 271 LIB.
1502 230 1580 272 1V.

398 324 475 362 mali
489 324 640 372 faucibus
667 325 790 371 afflare,
816 337 870 360 ore
897 325 1068 372 attingere,

397 374 543 410 dentibus
571 375 715 420 insecare,
752 374 862 419 lingua
895 373 1067 420 aspergere,

391 422 493 468 poffit.
543 422 664 458 Utin
703 422 869 457 invidiam
906 422 1067 464 adducat,

398 471 466 506 hoc
493 471 622 507 modo:
660 471 732 514 Iste,
757 473 810 518 qui
836 469 969 505 divitias
989 471 1070 517 suas

386 520 510 566 jactat,
525 519 611 563 sicut
640 520 752 554 Gallus
780 531 796 554 e
824 519 978 566 Phrygia,
1009 527 1067 554 aut

395 567 513 603 ariolus
529 569 688 615 quispiam,
711 567 859 615 depreffus
875 576 904 602 et
921 576 1068 603 oneratus

396 628 486 655 auro,
514 617 629 651 clamat
645 624 677 651 et
694 615 821 663 dejerat.
858 617 912 651 Ut
931 616 964 651 in
982 628 1065 651 con-

397 665 621 711 temptionem
640 665 801 705 adducat,
829 665 897 700 fic:
925 665 995 709 Iste,
1014 666 1067 713 qui

396 720 545 760 tanquam
570 714 702 756 cochlea,
727 713 909 760 abscondens
926 721 1066 748 retentat

388 762 454 808 sese
470 764 599 803 tacitus,
625 775 682 810 quo
695 763 743 806 fit
773 769 873 805 tutus,
899 763 1066 797 comeditur
1085 785 1089 788 ⁴

397 823 463 845 cum
479 811 564 845 domo
573 812 647 856 fica,
673 819 702 846 et
717 813 875 855 aufertur.
928 811 1068 846 Effiffio

397 859 457 901 est,
489 871 569 895 curn
597 859 804 907 exprimitur
830 869 864 894 et
891 860 1069 906 effingitur

396 908 511 943 verbis
538 908 692 955 corporis
723 907 914 955 cujuspiam
940 908 1064 950 forma,

397 957 494 1003 quod
525 957 600 992 satis
631 957 670 992 fit
707 957 749 992 ad
789 957 1064 1004 intelligendum,

397 1005 463 1040 hoc
502 1006 630 1040 modo:
681 1007 776 1041 Hunc
802 1006 881 1048 dico,
926 1005 1066 1052 Judices,

396 1054 538 1096 rubrum,
565 1055 699 1095 brevem,
725 1057 906 1096 incurvum,
942 1067 1066 1096 canum,

387 1103 593 1149 subcrispum,
625 1104 753 1147 caefium,
785 1105 835 1138 cui
849 1105 928 1150 sane
949 1115 1065 1150 magna

397 1152 437 1196 est
452 1155 486 1186 in
503 1160 603 1186 mento
625 1154 768 1194 cicatrix,
784 1153 821 1196 fi
833 1164 891 1199 quo
912 1152 997 1187 modo
1008 1163 1062 1198 po-

397 1201 451 1244 test
467 1201 555 1235 vobis
571 1203 603 1235 in
620 1204 797 1236 memoriam
827 1201 937 1236 redire.
989 1201 1066 1236 Ha-

399 1248 457 1283 bet
476 1249 550 1284 haec
566 1249 744 1284 exornatio
769 1261 850 1284 cum
869 1249 1066 1291 utilitatem,

397 1297 422 1332 fi
441 1310 545 1344 quem
573 1298 657 1332 velis
685 1297 880 1332 ostendere:
908 1308 983 1332 tum
1008 1310 1066 1332 ve-

399 1345 580 1389 nustatem,
619 1346 643 1381 fi
676 1346 824 1381 breviter
852 1356 886 1381 et
915 1347 1067 1382 dilucide

396 1393 489 1429 saeba
504 1395 562 1430 est.

448 1443 494 1479 L.
533 1443 680 1479 Notatio
709 1443 768 1484 est,
809 1456 901 1490 cum·
923 1442 1068 1491 alicujus

399 1502 521 1527 natura
560 1494 660 1528 certis
705 1493 907 1528 describitur
949 1493 1065 1540 lignis,

398 1553 494 1588 quae,
532 1541 629 1576 sicuti
662 1552 754 1576 notae
792 1543 968 1589 quaedarn,
1007 1554 1065 1577 na-

397 1600 487 1624 turae
515 1590 591 1625 sunt
619 1591 793 1625 attributa.
848 1592 901 1626 Ut
930 1591 954 1626 fi
980 1591 1065 1626 velis

398 1648 467 1674 non
485 1639 642 1680 divitem,
669 1638 723 1673 sed
749 1639 988 1674 ostentatorem
1007 1651 1065 1687 pe-

398 1686 590 1730 cuniosum,
608 1687 807 1730 describere,
830 1689 898 1733 Iste,
918 1688 1064 1736 inquies,

397 1735 535 1783 Judices‚
573 1739 625 1784 qui
645 1738 681 1781 se
717 1737 778 1771 dici
806 1737 936 1772 divitem
969 1745 1067 1783 putat

398 1784 451 1832 effe
469 1785 668 1831 praeclarum,
690 1788 826 1831 primum
850 1799 927 1820 nunc
947 1786 1065 1828 videte,

397 1845 456 1881 quo
473 1834 567 1870 vultu
583 1846 636 1868 nos
648 1836 821 1869 intueatur.
850 1835 963 1870 Nonne
979 1836 1066 1870 vobis

397 1882 528 1917 videtur
548 1883 646 1918 dicere
659 1885 677 1918 ,Ρ
706 1884 842 1924 Darem,
859 1884 893 1927 fi
909 1884 985 1917 mihi
1002 1895 1065 1918 mo-

396 1931 459 1974 lesti
493 1944 552 1966 non
586 1932 679 1979 effetis
692 1945 704 1966 .·
739 1944 806 1966 cum
839 1945 913 1967 vero
935 1933 1066 1977 stmstra

398 1988 529 2016 mentum
536 1981 696 2026 sublevat,
723 1981 874 2024 existimat
889 1981 924 2025 fi
935 1993 1066 2027 gemmae

398 2033 496 2064 nitore
521 2037 551 2064 et
576 2032 650 2065 auri
656 2030 818 2075 splendore
842 2030 978 2075 aspec‘tus
1001 2043 1064 2065 om-

397 2079 479 2112 nium
489 2079 717 2125 praestringere.
761 2079 838 2113 Cum
863 2089 997 2125 puerum
1014 2091 1063 2114 re·

390 2127 485 2172 spicit
502 2128 583 2162 hunc
600 2139 706 2169 unum,
721 2140 806 2174 qucm
823 2139 874 2174 ego
891 2131 978 2170 novi,
991 2132 1066 2174 (vos

399 2187 458 2209 non
476 2177 616 2211 arbitror
632 2176 758 2222 novtffe)
785 2177 848 2211 alio
866 2180 984 2211 nomine
1011 2187 1064 2223 ap.

393 2225 504 2270 pellat,
529 2224 634 2260 deinde
662 2226 724 2260 alio
753 2234 844 2273 atque
861 2225 924 2261 alio
938 2239 948 2260 .·
978 2227 1064 2261 Heus

400 2280 446 2314 tu,
472 2275 582 2320 inquit,
609 2275 682 2308 veni
712 2275 836 2315 Sannio,
863 2287 900 2309 ne
920 2275 993 2322 quid
1015 2275 1066 2318 isti

399 2321 546 2356 Barbari
571 2322 760 2367 perturbent
774 2337 785 2358 .-
815 2331 849 2358 ut
876 2326 986 2369 ignoti,
1013 2325 1066 2370 qui

399 2370 542 2411 audiunt,
569 2382 661 2405 unum
674 2379 783 2416 putent
799 2372 870 2418 eligi
886 2371 924 2406 de
942 2372 1042 2407 multis
1054 2385 1068 2407 .·

399 2422 427 2453 ei
443 2420 517 2454 dicit
533 2421 566 2453 in
588 2431 706 2460 aurem,
731 2428 787 2454 aut
805 2428 839 2455 ut
863 2422 944 2455 domi
966 2420 1066 2455 lectuli

388 2469 588 2513 sternantur,
614 2476 671 2503 aut
701 2469 741 2503 ab
770 2470 923 2505 avunculo
939 2477 1066 2516 rogetur

1708 245 1791 275 221

1117 324 1282 370 AEthiops‚
1307 325 1361 373 qui
1377 325 1422 361 ad
1445 326 1571 363 balneas
1594 329 1714 371 veniat,
1741 330 1789 376 as-

1116 376 1240 408 turconi
1257 373 1335 409 locus
1357 382 1432 410 ante
1455 377 1560 421 ostium
1578 377 1672 422 suum
1689 378 1791 422 detur,

1117 429 1176 456 aut
1203 421 1328 469 aliquod
1343 422 1467 469 fragile
1490 425 1587 470 falsae
1612 426 1790 474 choragium

1112 471 1224 518 gloria·
1240 478 1446 516 comparetur.
1483 474 1606 508 Deinde
1623 474 1788 518 exclamat,

1116 526 1153 553 ut
1170 530 1271 553 omnes
1287 518 1434 561 audiant,
1459 521 1582 563 Videto,
1608 531 1644 557 ut
1660 523 1788 570 diligen-

1115 575 1165 602 ter
1189 576 1380 610 numeretur,
1395 569 1430 613 si
1452 570 1551 614 potest
1569 578 1644 605 ante
1659 576 1786 608 nonem.

1115 616 1217 659 Puer,
1243 618 1294 664 qui
1298 617 1375 663 jam
1393 617 1466 652 bene
1482 618 1611 653 hominis
1634 627 1786 654 naturam

1115 667 1216 706 novit,
1244 665 1277 700 T
1273 678 1294 700 u
1316 666 1369 700 illo
1390 666 1498 712 plures
1523 669 1631 702 mittas
1656 676 1786 714 oportet,

1113 716 1226 760 inquit,
1253 714 1289 757 fi
1316 714 1406 749 hodie
1437 717 1490 750 vis
1527 716 1784 763 transnumerari.

1113 764 1194 808 Age,
1219 764 1333 811 inquit,
1359 763 1418 799 duc
1442 771 1538 798 tecum
1566 765 1725 800 Libanum
1755 763 1790 801 et

1118 812 1238 856 Sefiam.
1289 812 1379 847 Sane.
1431 812 1552 848 Deinde
1568 814 1636 859 cafic
1653 816 1786 850 veniunt

1117 859 1244 906 hospites
1271 861 1400 904 homini,
1426 863 1480 908 qui
1506 862 1594 906 istum
1613 863 1786 909 splendide,

1114 908 1186 943 dum
1198 910 1470 954 peregrinaretur,
1496 919 1686 957 receperant.
1733 913 1789 948 Ex

1115 969 1150 992 ca
1181 968 1216 991 re
1241 957 1325 993 homo
1351 958 1451 994 hercle
1459 959 1540 1004 sane
1556 961 1786 996 conturbatur.-

1108 1005 1166 1052 sed
1179 1013 1282 1040 tamen
1299 1020 1319 1041 a
1336 1009 1416 1042 vitio
1433 1015 1559 1043 naturae
1576 1021 1634 1044 non
1661 1010 1786 1047 recedit.

1117 1055 1213 1097 Bene,
1243 1057 1354 1102 inquit,
1391 1056 1514 1098 facitis,
1549 1069 1618 1092 cum
1647 1061 1786 1094 venitis:

1107 1102 1166 1148 sed
1181 1104 1461 1151 rectiusfecgffitis,
1475 1105 1512 1148 st
1533 1106 1578 1140 ad
1605 1119 1650 1142 me
1666 1107 1787 1142 domum

1115 1156 1200 1186 recta
1217 1153 1372 1199 abirffitis.
1426 1153 1466 1188 Id
1480 1154 1659 1202 feciſjemus,
1685 1159 1786 1204 inqui·

1117 1208 1175 1235 unt
1203 1200 1262 1243 illi,
1286 1201 1322 1245 st
1348 1201 1469 1237 domum
1498 1204 1687 1250 novzffemus.
1739 1207 1786 1241 At

1116 1249 1197 1293 istud
1219 1249 1339 1296 quidem
1355 1251 1455 1296 facile
1468 1251 1541 1296 fuit
1566 1253 1720 1288 undelibet
1735 1255 1785 1288 in-

1115 1300 1232 1333 venire.
1284 1300 1401 1333 Verum
1417 1303 1459 1334 ite
1474 1312 1599 1336 mecum.
1651 1304 1786 1348 Sequun-

1115 1353 1172 1380 tur
1188 1346 1245 1382 illi.
1299 1348 1403 1382 Sermo
1420 1351 1539 1383 interea
1565 1350 1658 1396 hujus
1679 1353 1786 1397 consu-

1117 1397 1217 1429 mitur
1233 1398 1329 1430 omnis
1343 1399 1376 1431 in
1392 1397 1599 1440 ostentatione.
1642 1398 1785 1445 Quaerit,

1115 1446 1149 1478 in
1166 1447 1254 1490 agris
1270 1445 1435 1491 cujusmodi
1441 1445 1606 1491 frumenta
1613 1447 1681 1490 fint
1697 1461 1708 1482 :
1734 1460 1789 1483 ne-

1109 1500 1184 1538 gat,
1202 1493 1250 1539 se,
1277 1496 1349 1540 quia
1365 1495 1452 1530 villae
1467 1494 1680 1542 incensaestnt,
1698 1509 1782 1532 acce-

1115 1543 1187 1576 dere
1207 1541 1298 1588 pqſje‚
1327 1554 1380 1578 nec
1406 1543 1560 1587 edificare
1585 1546 1678 1580 etiam
1705 1558 1785 1580 nunc

1114 1590 1253 1632 audere3
1279 1592 1401 1635 tametst
1414 1595 1447 1627 in
1470 1592 1640 1638 Tusculano
1665 1595 1784 1642 quidem

1114 1641 1188 1686 capi
1203 1640 1348 1685 insanire,
1375 1649 1405 1676 et
1420 1643 1454 1676 in
1469 1641 1573 1688 iisdem
1595 1643 1784 1690 fundamen·

1115 1691 1157 1723 tis
1172 1689 1232 1724 aedi
1255 1700 1336 1724 care.

1165 1737 1228 1773 LI.
1256 1738 1344 1772 Dum
1371 1737 1437 1773 haec
1461 1739 1610 1786 quuitur,
1636 1743 1723 1776 venit
1749 1743 1784 1777 in

1114 1785 1192 1820 aedes
1225 1786 1380 1833 quasdam,
1417 1789 1450 1821 in
1477 1788 1584 1835 quibus
1603 1790 1784 1835 fhdalitium

1115 1842 1186 1869 erat
1214 1836 1311 1869 eodem
1328 1835 1376 1870 die
1382 1836 1536 1882 futurum
1550 1851 1561 1872 :
1587 1850 1646 1885 quo
1662 1841 1713 1884 sse
1723 1850 1784 1886 pro

1115 1885 1229 1918 notitia
1246 1884 1360 1919 domini
1385 1884 1496 1920 aedium
1524 1887 1700 1933 ingreditur
1716 1901 1784 1924 cum

1115 1931 1292 1978 hospitibus.
1320 1934 1395 1976 Hic,
1412 1937 1524 1982 inquit,
1543 1936 1660 1972 habito.
1700 1938 1781 1972 Per-

1105 1980 1201 2026 spicit
1217 1989 1388 2028 argentum,
1415 1983 1496 2030 quod
1510 1992 1580 2018 erat
1609 1986 1782 2031 expositum,

1113 2031 1185 2074 viſst
1202 2030 1371 2065 triclinium
1377 2031 1532 2075 stratum,
1554 2035 1683 2079 probat.
1718 2036 1783 2071 Ac·

1114 2078 1193 2113 cedit
1213 2079 1362 2124 servulus
1376 2094 1387 2115 :
1428 2080 1506 2115 dicit
1535 2082 1652 2119 homini
1687 2085 1780 2126 clare,

1113 2126 1268 2163 dominum
1287 2130 1362 2175 jam
1391 2137 1571 2172 venturum,
1586 2132 1622 2175 st
1635 2133 1712 2167 velit
1729 2145 1782 2167 ex·

1114 2178 1172 2212 ire.
1225 2178 1315 2212 Itane
1330 2179 1459 2225 inquit?
1486 2179 1607 2214 Eamus
1624 2182 1780 2228 hospites;

1106 2225 1219 2272 frater
1234 2229 1324 2261 venit
1340 2238 1378 2261 ex
1394 2227 1522 2262 Salerno
1535 2241 1546 2261 :
1572 2241 1625 2274 ego
1654 2229 1703 2264 illi
1729 2231 1782 2264 ob-

1114 2277 1203 2308 viam
1213 2284 1346 2321 pergam
1359 2288 1371 2309 .·
1396 2287 1453 2310 vos
1469 2276 1528 2310 huc
1548 2277 1668 2312 decuma
1692 2282 1781 2314 veni-

1116 2330 1189 2359 tote.
1230 2324 1371 2370 Hospites
1387 2323 1550 2370 difiedunt.
1590 2326 1646 2368 Iste
1651 2327 1688 2372 se
1703 2337 1781 2374 rap-

1117 2373 1174 2406 tim
1190 2372 1310 2407 domum
1328 2372 1422 2417 suam
1443 2374 1587 2418 conjicit:
1615 2375 1663 2410 illi
1690 2376 1781 2412 decu-

1115 2431 1180 2463 ma,
1205 2433 1263 2468 quo
1269 2421 1414 2467 jufferat‚
1439 2424 1586 2459 veniunt.
1622 2425 1782 2471 Quaerunt

1113 2469 1204 2505 hunc.
1256 2471 1445 2515 Reperiunt,
1484 2471 1588 2507 domus
1615 2474 1687 2521 cuja
1703 2475 1753 2520 stt
1767 2489 1779 2511 ,-
