2241 2994
539 242 620 283 290

540 432 651 472 Anno
673 431 781 471 Urbis
804 432 899 484 691.
941 433 1121 472 Ciceronis
1139 448 1207 488 45.

685 502 879 542 Consules
908 503 1072 544 fuerunt

579 563 634 602 D.
665 564 833 615 Jumus
866 565 1085 612 ὃιιΛΝυε,
1117 566 1169 606 L.

632 625 851 664 L1c1nms
883 626 1114 665 MURENA.

590 722 654 757 Ab
680 722 731 757 his
754 722 965 759 Consulibus
983 723 1052 759 lata
1067 722 1137 759 fuit
1154 725 1210 760 lex

540 771 648 816 Junia
676 771 826 814 Licinia,
852 784 934 819 qua,
963 783 1002 807 ut
1028 773 1119 820 leges
1148 774 1209 808 tri·

540 819 695 855 nundino
712 821 767 856 die
789 822 1106 869 promulgarentur,
1131 834 1209 870 poe-

540 879 584 904 na
601 867 731 916 adjecta
747 870 944 906 cavebatur.
982 870 1058 906 Cic.
1078 870 1208 920 Philip.

538 919 586 953 V.
613 929 688 966 cap.
711 930 742 964 3.
794 918 857 954 Ubi
886 919 936 954 lex
955 919 1082 954 Caecilia
1099 928 1128 955 et
1147 922 1210 956 Di-

538 966 613 1002 dia.
608 968 625 994 9
650 967 703 1002 ubi
726 967 937 1024 promulgatio
964 968 1199 1004 trinundinum.
1195 971 1211 996 2

539 1016 594 1050 ubi
605 1025 701 1062 pa’nae
716 1019 830 1051 recenti
850 1018 915 1063 lege
940 1017 1045 1062 Junia
1072 1025 1102 1051 et
1119 1019 1210 1053 Lici-

537 1065 624 1099 nia?
666 1063 831 1112 Ejusdem
865 1065 949 1112 legis
983 1066 1140 1101 meminit
1176 1069 1211 1101 in

537 1114 700 1149 Vatinium
718 1124 787 1161 cap.
811 1127 864 1159 ¹4·
891 1122 921 1149 et
942 1114 987 1149 ad
1001 1116 1144 1150 Atticum
1161 1125 1209 1162 ep.

539 1175 573 1210 9.
601 1162 655 1197 lib.
677 1163 720 1198 Il.
739 1170 830 1209 etep.
857 1173 910 1208 15.
938 1163 992 1198 lib.
1013 1164 1075 1199 IV.

589 1211 693 1247 Initio
733 1210 835 1259 hujus
869 1212 950 1248 anni
983 1211 1134 1248 Catilina
1175 1213 1209 1248 in

538 1271 623 1307 agro
642 1259 831 1296 Pistoriensi
851 1273 871 1296 a
890 1261 932 1297 C.
952 1262 1111 1297 Antonio
1127 1273 1208 1309 pro-

539 1308 678 1344 consule
705 1322 788 1345 cum
816 1310 967 1346 exercitu
997 1310 1104 1346 caesus
1132 1311 1207 1354 est·‚

538 1357 697 1402 Sallustius
726 1359 823 1394 Catil.
855 1368 925 1405 cap.
955 1369 1012 1404 57.
1058 1361 1124 1394 Dio
1153 1359 1206 1395 lib.

537 1407 732 1443 XXXVII.
771 1408 890 1443 Livius
906 1408 960 1443 lib.
979 1407 1074 1443 Clu.
1115 1409 1210 1444 Vicit

538 1467 619 1491 eum
636 1456 760 1504 praelio
785 1457 841 1492 M.
862 1457 1027 1498 Petreius,
1054 1457 1210 1505 Legatus

538 1505 700 1548 Antonii,
725 1506 768 1540 de
792 1517 866 1553 quo
882 1505 1005 1542 Cicero
1018 1515 1076 1552 pro
1094 1508 1208 1549 Sextio,

537 1563 605 1599 cap.
637 1565 671 1599 5.
713 1554 819 1590 victo
847 1555 997 1591 Catilina
1031 1555 1207 1592 Antonius

538 1602 709 1639 laureatos
757 1602 874 1646 fasces,
916 1615 958 1639 ut
988 1604 1207 1659 Oblequens

539 1651 667 1695 scribit,
711 1652 745 1688 in
785 1653 1031 1689 Macedoniam
1065 1666 1206 1701 provin-

539 1700 627 1736 ciam
645 1701 738 1743 tulit,
765 1701 823 1737 cui
849 1714 910 1750 per
936 1701 1122 1738 triennium
1149 1703 1207 1738 de-

539 1749 618 1784 inde
646 1750 802 1805 praefuit.
855 1751 953 1807 Qia
982 1763 1066 1787 vero
1095 1753 1209 1788 Anto-

539 1798 616 1834 nius
651 1812 685 1834 m
720 1799 869 1836 fascibus
907 1799 1051 1848 insignia
1084 1801 1209 1836 laureae

539 1847 755 1895 praeferebat,
799 1849 984 1897 imperator
1017 1850 1209 1905 appellatus

538 1907 620 1931 erat.
673 1899 756 1946 Qa
781 1899 823 1933 de
850 1911 883 1934 re
913 1899 1024 1947 scripsi
1050 1899 1083 1934 in
1105 1899 1208 1946 [wiga

540 1945 678 1981 rianam.
733 1950 852 1994 ltaque
870 1947 932 1983 Cic.
962 1957 1008 1993 ep.
1031 1961 1062 1993 5.
1090 1948 1144 1982 lib.
1167 1949 1209 1984 V.

538 1995 628 2030 Fam.
647 2007 746 2042 qun
734 1997 892 2031 Antonio
910 1997 956 2032 T.
973 1997 1209 2050 Pomponium

540 2044 701 2079 Atticum
730 2046 762 2079 in
789 2045 964 2080 Groeciam
995 2046 1208 2092 proficilcen-

539 2102 606 2127 tem
637 2093 699 2128 hoc
730 2106 818 2128 anno
847 2094 1114 2135 commendavit,
1143 2095 1205 2128 Im-

534 2145 676 2186 peratori
719 2143 891 2185 adscribit,
934 2143 1030 2189 quod
1076 2144 1206 2178 Paulus

541 2192 721 2226 Manutius
742 2193 806 2227 sine
825 2191 922 2227 causa
938 2192 1088 2226 miratur.
1112 2193 1204 2226 Nam

537 2253 569 2276 et
590 2242 660 2276 Dio
677 2242 729 2276 lib.
751 2242 936 2276 xxxvnl.
959 2252 1071 2287 aperte
1091 2241 1204 2283 tradit,

537 2291 734 2325 Antonium
765 2291 811 2325 ob
842 2290 1020 2324 vitreriam
1046 2290 1087 2324 ‹le
1112 2291 1204 2325 eati-

537 2340 617 2380 lina,
651 2352 863 2386 quamquam
894 2338 1058 2373 ert-sorum
1087 2351 1204 2374 nume-

538 2401 593 2422 rus
615 2388 700 2422 inim
720 2390 911 2434 legittimum
937 2389 1028 2431 css‘ct,
1056 2388 1203 2436 Impera-

535 2446 642 2472 ton-:n
662 2439 872 2484 apin-liaustu
893 2436 1000 2472 fuisse.

587 2487 752 2521 Memmia.
790 2488 950 2522 tribunus
988 2486 1078 2533 pleb.
1109 2498 1139 2521 a.
1170 2486 1203 2522 d.

854 235 920 275 M.
979 237 1034 274 T.
1095 237 1623 277 CICERONIS

1261 346 1320 369 ιιι.
1350 334 1446 370 Νοη.
1467 334 1610 380 Januar.
1637 344 1678 370 ut
1703 334 1752 370 est
1782 335 1867 381 epist.
1897 345 1932 371 2.

1259 383 1313 418 lib.
1332 384 1376 418 V.
1403 383 1519 419 Famil.
1547 395 1628 418 cum
1647 395 1746 431 agere
1762 383 1932 432 coepiss‘et,

1261 444 1331 467 non
1350 432 1383 467 in
1403 432 1529 475 senatu,
1557 442 1596 467 ut
1612 432 1666 468 vir
1681 433 1806 468 doetus
1825 444 1933 468 anno·

1261 481 1361 523 tavit,
1387 480 1442 516 sed
1461 481 1504 516 ad
1521 481 1708 529 populum,
1728 488 1752 518 ir
1769 487 1811 526 τῷ
1830 483 1932 526 ὅμίλῳ,

1260 539 1302 564 ut
1315 531 1379 566 Dio
1392 530 1562 577 loquitur,
1574 528 1690 576 (fuisse
1706 540 1821 566 autem
1839 530 1932 565 diem

1260 578 1468 613 comitialem
1495 589 1595 614 vetus
1612 579 1860 614 Kalendarium
1877 579 1930 614 os-

1260 627 1386 669 tendit)
1415 626 1516 662 tertio
1546 639 1690 674 quoque
1718 628 1828 663 verbo
1855 639 1931 662 ora-

1261 675 1364 710 tionis
1395 675 1465 710 suae
1491 675 1695 711 Ciceronem
1722 676 1932 724 appellabat,

1259 735 1342 759 cum
1358 724 1532 767 clamaret,
1548 737 1616 760 non
1635 725 1764 760 licuiffe
1780 725 1824 768 ei,
1837 725 1931 761 Len-

1259 773 1605 821 tulum‚Cethegum‚
1619 784 1654 809 et
1672 774 1822 821 reliquos
1839 774 1932 809 cives

1261 821 1390 857 indicta
1417 822 1516 857 causa
1548 834 1686 858 necare:
1729 833 1835 870 atque
1864 822 1929 858 hoc

1260 870 1389 906 crimen
1407 871 1515 906 verbo
1542 871 1714 914 Ciceroni,
1741 884 1775 906 re
1802 872 1929 907 senatui

1261 919 1514 963 intendebatur,
1540 921 1678 955 auetore
1707 920 1834 956 Dione.
1867 921 1931 956 Ci-

1260 980 1340 1004 cero
1362 969 1510 1004 Metello
1538 967 1622 1004 forti
1651 968 1767 1004 animo
1796 969 1929 1012 restitit,

1260 1026 1294 1052 et
1326 1018 1516 1052 orationem
1560 1017 1778 1052 Metellinam
1811 1028 1932 1053 contra

1260 1065 1462 1101 concionem
1497 1066 1635 1101 Metelli
1668 1065 1810 1114 scripsit,
1847 1077 1932 1102 cum

1261 1113 1319 1149 ille
1347 1114 1442 1162 prior
1469 1114 1657 1163 scripfifi‘et,
1689 1115 1762 1162 epist
1762 1141 1771 1150 .
1806 1126 1861 1150 10.
1890 1114 1931 1160 [l.

1264 1163 1337 1210 13.]
1363 1163 1464 1199 l1b1
1489 1173 1525 1199 et
1547 1165 1629 1210 epist.
1652 1174 1708 1200 12.
1733 1163 1789 1200 tib.
1807 1163 1872 1199 Ill.
1889 1162 1936 1199 ad

1259 1214 1334 1248 Att.
1365 1212 1532 1248 Meminit
1549 1212 1762 1261 Qintilian.
1789 1212 1844 1248 lib.
1866 1213 1931 1249 lx.

1259 1271 1328 1308 cap.
1349 1273 1380 1307 3.
1408 1261 1527 1297 Gellius
1543 1262 1596 1297 lib.
1615 1261 1753 1298 xvssl.
1781 1270 1851 1308 cap.
1875 1272 1930 1307 17.

1257 1310 1440 1358 Priscianus
1467 1311 1521 1346 lib.
1557 1310 1623 1346 IX.
1658 1318 1690 1345 et
1723 1311 1771 1346 X.
1823 1311 1931 1346 Tunc

1256 1359 1359 1394 etiam
1379 1359 1546 1395 Metellus
1563 1359 1676 1401 Celer,
1695 1359 1758 1407 qui
1776 1359 1930 1395 Galliam

1258 1407 1474 1455 provinciam
1492 1420 1557 1456 pro
1573 1407 1712 1444 consule
1736 1408 1929 1451 obtinebat,

1259 1457 1302 1491 ad
1317 1456 1520 1492 Ciceronem
1539 1457 1629 1492 misit
1645 1457 1728 1503 epist.
1755 1469 1782 1493 ι.
1807 1457 1862 1492 lib.
1883 1458 1928 1493 V.

1258 1506 1378 1540 Famil.
1405 1518 1551 1553 querens
1582 1507 1760 1553 Nepotem
1788 1504 1929 1541 fratrem

1256 1554 1356 1590 suum
1374 1555 1419 1590 ab
1435 1567 1477 1590 eo
1493 1564 1764 1652 opffiougnatum:
1792 1555 1850 1591 cui
1869 1555 1928 1591 Ci-

1256 1615 1334 1639 cero
1348 1605 1432 1650 epist.
1453 1614 1484 1640 2.
1505 1616 1538 1639 re
1603 1603 1684 1640 ndet

1308 1653 1392 1688 Hoc
1411 1665 1501 1688 anno
1526 1665 1569 1688 ex
1554 1616 1730 1689 poindicio
1757 1652 1802 1688 L.
1821 1653 1930 1688 Vettii

1256 1702 1382 1756 equitis
1410 1702 1454 1737 R.
1482 1702 1544 1750 qui
1574 1702 1618 1737 de
1643 1701 1806 1738 Catilinae
1831 1701 1930 1738 sociis

1261 1764 1294 1786 in
1318 1752 1404 1786 urbe
1431 1750 1654 1786 remanserant
1684 1751 1810 1807 partim
1838 1762 1928 1798 prae-

1259 1799 1378 1842 sentes,
1404 1800 1529 1848 partim
1556 1812 1638 1835 cum
1668 1800 1762 1834 citati
1789 1811 1859 1834 non
1878 1812 1928 1834 re-

1259 1848 1478 1892 sondiffinu,
1505 1848 1658 1884 damnati
1687 1848 1777 1891 sunt,
1803 1858 1845 1883 ut
1864 1850 1929 1884 Dio

1259 1862 1385 1933 siiribit.
1439 1899 1479 1934 In
1498 1898 1551 1933 his
1566 1897 1709 1933 fuerunt
1734 1898 1774 1933 P.
1794 1898 1927 1932 Autro-

1259 1947 1351 1990 nius,
1382 1949 1454 1983 Ser.
1482 1947 1589 1994 Sylla,
1616 1947 1662 1982 L.
1681 1946 1928 1994 Vargunteius,

1260 1996 1315 2032 M.
1336 1997 1480 2032 Porcius
1501 1997 1641 2037 Laecca,
1668 1996 1711 2030 C.
1731 1995 1929 2037 Cornelius,

1257 2058 1346 2093 quos
1367 2045 1490 2080 Cicero
1514 2047 1548 2080 in
1564 2053 1647 2080 orat.
1663 2054 1722 2090 pro
1738 2044 1832 2089 ἳῐΙΙα,
1858 2054 1928 2089 cap.

1260 2106 1292 2129 2.
1333 2094 1495 2129 nominat.
1549 2093 1712 2128 Damnati
1747 2094 1821 2128 sunt
1855 2094 1929 2141 lege

1256 2143 1400 2178 Luxatia
1417 2143 1459 2178 de
1478 2142 1512 2177 vi
1530 2143 1694 2190 publica:
1723 2143 1818 2190 quod
1840 2142 1926 2177 indi-

1255 2203 1334 2227 cant
1353 2192 1397 2226 hi
1407 2204 1424 2227 c
1444 2191 1549 2226 verba
1565 2191 1741 2226 Ciceronis
1765 2203 1829 2238 pro
1847 2193 1925 2226 (3ae

1256 2242 1316 2282 lio,
1343 2252 1419 2289 cap.
1442 2252 1499 2287 29.
1551 2241 1658 2287 (Quam
1682 2240 1830 2287 IegemR
1794 2241 1834 2274 0.
1862 2242 1925 2276 Ca-

1256 2290 1352 2331 tulus,
1403 2299 1531 2324 armata
1577 2289 1692 2337 drffens
1692 2301 1746 2324 one
1795 2302 1846 2324 crt-
1847 2292 1924 2331 ium,

1256 2341 1333 2384 reip.
1354 2342 1497 2373 extremis
1511 2349 1582 2384 pene
1601 2339 1796 2385 tmporibus,
1823 2339 1898 2372 tulit
1912 2351 1923 2372 .-

1256 2400 1379 2435 φαμι
1397 2389 1455 2429 lex,
1474 2388 1585 2433 sedata
1609 2390 1664 2422 itta
1671 2387 1806 2433 stamma
1823 2387 1926 2432 corisu-

1256 2438 1337 2471 latus
1357 2440 1426 2476 mci,
1446 2443 1604 2482 summm
1620 2438 1766 2486 reliquias
1783 2439 1922 2483 cotytam-

1255 2490 1346 2522 tiom's
1363 2495 1504 2523 cxtznxtt.
