2241 2994
679 236 1531 281 PHILOSOPHORUM.

409 329 458 366 Et
471 339 511 366 ut
523 330 629 366 verba
641 330 816 365 mordicus
826 339 1078 377 tenentes‚quae

409 379 472 415 fibi
485 391 528 414 ex
540 392 598 414 ore
613 379 714 414 evelli
733 379 906 421 nolebant,
934 379 1078 414 horridi-

408 440 484 463 ores
500 437 595 462 erant
614 428 646 462 in
665 427 832 469 dicendo·‚
859 428 904 462 fic
922 428 1078 462 moribus

408 488 553 524 quoque
590 475 744 510 duriores
783 475 965 510 evaserant.
1020 476 1077 511 Ex

407 525 573 560 omnibus
599 524 811 571 philosophis
839 524 990 572 plurima
1015 537 1077 559 no

406 575 639 616 minaverunt,
651 573 885 608 studioliffime
896 573 1076 619 exquiren-

406 631 470 663 tes,
501 622 594 658 unde
622 622 729 657 verba
756 623 860 657 essent
889 622 1005 664 dueta,
1043 632 1077 656 et

408 670 469 706 suo
491 683 669 718 quamque
694 683 765 705 rem
791 671 929 706 nomine
957 671 1075 725 appel-

408 719 527 755 lantes.
571 719 794 767 Quibusdam
807 719 911 754 etiam
929 719 1077 754 nomini-

410 767 476 802 bus
498 768 698 810 utebantur,
724 779 807 815 quae
834 768 944 814 prima
970 768 1078 815 specie

408 816 681 859 admirationem,
708 829 742 852 re
766 817 936 864 explicata
960 817 1076 860 risum,

407 876 604 901 moverunt.
647 866 904 912 AEgrotationes
926 866 1075 912 appella-

408 913 492 949 bant
507 913 715 962 &p'poefn'fmrn
742 914 785 949 de
808 915 939 961 quibus
960 914 1075 962 dispu-

408 971 482 998 tant
498 964 684 998 enucleate.
728 963 825 998 Bona
838 975 920 1010 quae
938 963 1012 998 aliis
1025 964 1076 998 di-

407 1011 588 1054 cebantur,
612 1012 731 1047 eadem
745 1014 909 1058 praecipua
927 1012 982 1047 vel
1001 1022 1077 1058 pro·

407 1060 502 1095 duna
518 1060 703 1102 dicebant3
728 1061 858 1108 quibus
873 1061 1005 1096 beatam
1025 1061 1076 1096 vi-

408 1118 479 1143 tam
503 1109 669 1156 compleri
693 1119 827 1156 negant.
870 1110 958 1145 Item
975 1110 1077 1144 media

407 1156 519 1202 officia,
537 1170 620 1205 quae
635 1158 835 1193 communia
853 1158 942 1201 sunt,
959 1168 993 1193 et
1012 1159 1078 1194 late

406 1216 537 1252 patent,
574 1219 657 1254 quae
689 1217 724 1242 et
755 1207 882 1254 ingenii
926 1206 1078 1242 bonitate

408 1256 510 1290 multi
534 1256 769 1302 assequuntur,
795 1265 829 1290 et
849 1257 1076 1303 progreffione

407 1303 572 1339 discendiz
600 1305 732 1340 rectum
748 1316 832 1339 vero
848 1306 945 1352 quod
959 1306 1076 1352 appel-

408 1352 493 1395 lant,
526 1352 720 1400 perfeetum
746 1363 851 1400 atque
880 1353 1077 1388 absolutum

406 1401 483 1443 esse,
493 1411 527 1436 et
541 1413 700 1437 numeros
715 1402 850 1443 habere,
865 1413 939 1443 nec,
952 1412 1078 1449 praeter

406 1449 604 1497 sapientem,
641 1451 760 1486 cadere
793 1450 828 1485 in
861 1463 1076 1505 quemquam

407 1499 520 1546 poffe.
549 1502 688 1544 ὅμωογάν
704 1511 847 1547 quoque
872 1500 1075 1538 convenien-

407 1547 492 1583 tiam
521 1548 695 1590 dicebant,
720 1559 754 1583 et
780 1548 869 1584 mrim
896 1548 1075 1583 communi

409 1597 548 1632 nomine
568 1597 724 1645 corporis
744 1607 778 1632 et
795 1597 900 1632 animi
917 1597 1076 1643 volupta-

409 1655 490 1681 tem.
533 1646 695 1681 Ceterum
719 1655 876 1693 portenta
896 1656 929 1680 et
947 1646 1077 1693 flagitia

409 1694 453 1729 ab
471 1694 536 1737 his,
563 1703 603 1730 ut
620 1706 639 1728 a
657 1695 766 1742 poetis
784 1695 960 1736 dicuntur,
987 1695 1077 1729 rnul-

408 1752 444 1779 ta
479 1755 562 1779 cum
599 1742 827 1791 superstitiosa
864 1743 1080 1779 solicitudine

407 1792 616 1828 creduntur:
644 1793 755 1827 multa
770 1792 873 1827 etiam
891 1793 1075 1840 praeclare·
1067 1819 1078 1834 ‚

408 1850 450 1876 ut
472 1853 516 1876 ex
540 1853 660 1877 eorum
679 1841 848 1876 sententiis
865 1851 900 1876 et
926 1853 1077 1888 praecep-

408 1890 465 1932 tis,
479 1901 561 1938 quae
575 1891 761 1925 acutiffime
774 1888 1015 1931 defendebant,
1028 1893 1078 1924 in-

409 1938 519 1986 telligi
536 1939 658 1986 potest.
695 1939 789 1974 Haec
801 1937 872 1974 fere
889 1938 966 1974 sunt
983 1938 1079 1986 apud

407 1987 635 2023 Ciceronem:

459 2037 554 2072 Deos
582 2037 660 2078 esse,
686 2036 751 2083 qui
777 2036 948 2072 mundum
969 2036 1079 2072 admi-

410 2084 563 2127 nistrent,
602 2086 736 2132 quique
765 2085 944 2121 consulant
978 2086 1079 2121 rebus

410 2133 594 2170 humanis:
620 2134 743 2176 ogivam
761 2134 883 2169 dicunt
896 2135 1079 2182 providen-

410 2183 504 2218 tiam.
523 2182 644 2218 deNat
661 2184 813 2218 Deorum.
834 2184 877 2219 11.
893 2195 949 2231 29.
968 2194 1003 2219 et
1017 2184 1079 2219 111.

413 2244 446 2278 3.
465 2242 499 2266 et
515 2231 552 2265 de
568 2231 698 2266 Finibus
717 2232 816 2277 1V.5

463 2279 642 2315 Mundum
659 2280 724 2315 effe
741 2245 940 2328 sapientem,
959 2280 1082 2316 habere

412 2338 574 2372 mentem,
599 2340 681 2376 quae
698 2339 732 2364 et
749 2329 780 2364 se
795 2340 830 2364 et
848 2330 958 2377 ipsum
976 2329 1082 2364 fabri-

412 2388 488 2413 cata
507 2377 558 2418 sit,
584 2388 618 2412 et
637 2377 754 2412 omnia
772 2379 980 2419 moderetur,
1008 2390 1081 2413 mo-

415 2436 502 2467 veat,
531 2436 636 2474 regat,
663 2427 731 2461 &c.
758 2427 921 2468 Lucullus,
950 2439 1006 2473 37.

464 2475 565 2518 Fore,
603 2485 644 2511 ut
672 2476 716 2510 ad
744 2486 938 2511 extremum
971 2475 1084 2512 omnis

1723 257 1801 298 379

1129 333 1280 368 mundus
1292 334 1450 381 ignescat,
1461 347 1541 371 curn
1556 337 1699 373 humore
1713 350 1794 374 con-

1128 380 1278 428 sumpto,
1307 395 1418 430 neque
1435 394 1521 419 terra
1539 386 1581 420 ali
1600 388 1712 433 ponit,
1737 398 1792 421 ne-

1127 440 1196 475 que
1214 441 1338 465 remeet
1360 443 1427 474 aer,
1453 432 1551 479 cujus
1568 444 1677 475 ortus,
1705 447 1795 482 aqua

1127 478 1222 511 omni
1247 479 1440 522 «exhausta,-
1449 493 1517 516 non
1540 483 1604 518 effe
1621 485 1731 530 poffit.
1758 483 1794 518 de

1125 524 1213 560 Nat
1232 528 1330 562 Deor.
1350 528 1395 563 ΙΙ.
1416 530 1473 572 4.6

1176 574 1358 611 Mundum
1381 587 1501 611 natura
1518 578 1669 614 constare
1685 589 1718 614 et
1735 580 1793 614 ad·

1127 623 1320 665 ministrari,
1357 637 1426 660 non
1453 636 1492 660 ut
1520 627 1622 673 gleba
1650 629 1794 670 constat,

1127 682 1186 707 aut
1215 671 1449 720 fragmentum
1479 675 1615 722 lapidis,
1647 685 1706 710 aut
1735 677 1794 711 ali-

1126 721 1213 767 quid
1246 702 1456 768 hujusmodi,
1494 723 1563 758 sola
1601 724 1795 759 cohaerendi

1126 779 1259 813 natura,
1278 771 1330 806 led
1350 782 1390 806 ut
1406 772 1521 814 arbor,
1548 782 1588 807 ut
1605 773 1768 814 animal,
1763 786 1795 807 in

1126 818 1257 865 quibus
1287 819 1382 854 nulla
1413 821 1594 862 temeritas,
1627 821 1680 856 sed
1709 821 1795 857 ordo

1127 878 1282 914 apparet,
1309 878 1343 903 et
1360 868 1440 903 artis
1454 870 1618 916 quaedam
1638 870 1795 905 similitu·

1127 916 1183 951 do.
1211 916 1248 950 de
1264 916 1348 952 Nat.
1368 919 1467 952 Deor.
1489 918 1532 952 ΙΙ.
1555 929 1611 962 32-

1177 965 1304 1000 Aerem
1323 965 1537 1021 interje6mrn
1556 966 1642 1001 inter
1659 979 1750 1002 mare
1762 977 1796 1002 et

1127 1013 1259 1048 coelum
1275 1014 1425 1059 Junonis
1439 1015 1576 1050 nomine
1589 1016 1794 1057 consecrari·

1127 1074 1209 1116 quae
1223 1062 1272 1096 est
1285 1063 1377 1097 soror
1386 1073 1420 1098 et
1433 1063 1561 1109 conjux
1572 1064 1685 1108 Jovis,
1698 1044 1796 1111 quod

1126 1111 1156 1145 ei
1174 1110 1363 1146 similitudo
1378 1112 1425 1146 est
1443 1113 1592 1154 aetheris,
1610 1123 1644 1147 et
1657 1125 1737 1148 curn
1753 1126 1795 1148 eo

1126 1158 1259 1194 summa
1277 1159 1487 1206 conjunctio.
1523 1163 1559 1197 de
1583 1162 1667 1197 Nat.
1692 1163 1794 1197 Deor.

1126 1207 1173 1243 ΙΙ.
1193 1207 1253 1243 26.

1176 1257 1343 1305 Qatuor
1358 1269 1401 1292 ex
1418 1258 1520 1293 rebus
1533 1258 1649 1293 omnia
1662 1259 1791 1294 consta-

1127 1317 1171 1340 re.
1192 1306 1228 1340 de
1245 1307 1350 1341 Finib.
1371 1307 1434 1341 IV.
1455 1320 1487 1352 5.

1168 1354 1255 1389 Fato
1265 1354 1382 1391 omnia
1393 1355 1475 1390 fieri.
1485 1355 1522 1390 de
1534 1355 1681 1400 Fato.15.
1693 1357 1795 1391 Fata-

1126 1403 1192 1437 lem
1207 1414 1320 1437 autem
1336 1404 1428 1438 illam
1443 1405 1666 1439 neceffitatem
1670 1417 1795 1451 ,quam

1124 1454 1274 1497 εἱμαρμένην
1292 1452 1426 1493 dicunt,
1452 1452 1528 1494 esse,
1560 1462 1599 1487 ut
1620 1432 1794 1500 quidquid

1127 1500 1271 1543 accidat,
1299 1500 1333 1535 id
1346 1513 1388 1536 ex
1406 1511 1533 1536 aeterna
1546 1502 1700 1544 veritate,
1715 1514 1793 1536 cau·

1127 1549 1310 1596 satumque
1350 1549 1608 1584 continuatione
1645 1550 1794 1587 fluxerit.

1125 1598 1296 1643 TufiuLV.
1310 1598 1346 1632 de
1357 1599 1441 1634 Nat.
1456 1600 1551 1634 Deor.
1569 1600 1794 1645 1.20.T0p.15.

1177 1647 1297 1681 Multa
1314 1646 1397 1682 falsa
1412 1648 1488 1686 esse,
1510 1647 1682 1694 longeque
1699 1648 1796 1683 aliter

1128 1696 1159 1731 se
1185 1696 1319 1738 habere,
1357 1707 1395 1730 ac
1424 1695 1573 1731 senfibus
1603 1696 1795 1733 videantur.

1128 1746 1206 1780 Luc.
1229 1755 1286 1789 31.

1179 1792 1300 1827 Sensus
1319 1792 1408 1840 ipsos
1430 1792 1572 1828 assensus
1596 1793 1679 1835 effe,
1707 1805 1797 1841 quos

1128 1842 1294 1896 quoniam
1309 1842 1475 1889 appetitio
1489 1841 1728 1889 consequatur,
1742 1854 1797 1877 ac·

1127 1891 1257 1925 tionem
1284 1890 1399 1937 sequi:
1428 1891 1504 1925 tolli
1530 1901 1645 1926 autem
1667 1891 1796 1934 omnia,

1128 1939 1153 1975 fi
1172 1939 1240 1974 visa
1255 1940 1431 1974 tollantur.
1458 1941 1535 1975 Luc.
1559 1952 1615 1986 33.

1179 1988 1257 2022 Visa
1274 1988 1436 2035 quaedam
1452 1988 1543 2023 mitti
1560 1989 1681 2030 aDeo,
1699 1988 1798 2024 velut

1128 2049 1179 2079 ea,
1196 2048 1279 2084 quae
1297 2037 1330 2071 in
1348 2036 1473 2072 somnis
1493 2037 1684 2078 videantur,
1697 2049 1795 2084 quae-

1128 2098 1198 2133 que
1208 2085 1368 2128 oraculis,
1387 2085 1556 2133 auspiciis,
1567 2086 1668 2127 extis,
1685 2087 1798 2120 decla-

1131 2146 1259 2170 rentur.
1274 2135 1352 2170 Luc.
1362 2147 1374 2169 ι
1383 2148 1415 2180 5.
1435 2142 1558 2170 Mar-m).
1570 2135 1698 2169 dicitur
1713 2134 1798 2169 divi-

1132 2186 1231 2218 natio.
1249 2183 1285 2219 de
1297 2183 1383 2218 Nat.
1399 2184 1496 2218 Deor.
1510 2183 1537 2217 I.
1556 2194 1612 2218 20.
1633 2182 1668 2217 de
1679 2184 1797 2218 Divin.

1136 2233 1161 2268 l.
1196 2245 1222 2267 ι.
1257 2243 1292 2268 et
1322 2233 1364 2267 ll.
1394 2244 1436 2266 11.
1469 2231 1531 2266 ubi
1561 2230 1736 2267 refellitur.
1763 2230 1800 2266 de

1131 2282 1210 2327 Leg.
1239 2282 1283 2316 11.
1306 2292 1354 2325 ¹3·

1181 2331 1265 2365 Non
1286 2329 1424 2375 singulis
1444 2327 1600 2374 jecorum
1623 2328 1715 2371 fiffis,
1741 2337 1802 2363 aut

1133 2378 1249 2413 avium
1269 2378 1426 2413 cantibus
1443 2377 1591 2411 interesse
1604 2377 1727 2419 deum3
1746 2377 1801 2412 sed

1135 2428 1181 2462 ita
1196 2439 1213 2461 a
1227 2426 1398 2474 principio
1412 2426 1610 2460 inchoatum
1624 2427 1687 2460 esse
1701 2437 1802 2460 mun-

1138 2476 1238 2518 dum,
1276 2486 1314 2510 ut
1341 2475 1440 2557 ςειῖἰς
1471 2475 1572 2510 rebus
1601 2485 1692 2510 certa
1716 2475 1810 2522 ligna

1352 2524 1378 2557 B
1441 2524 1463 2558 b
1492 2535 1509 2558 2
