2335 3009
628 228 724 268 AD
779 227 851 279 Q
896 225 1263 266 FRATREM
1320 227 1454 268 LIB.
1506 230 1563 269 11.
1737 242 1791 283 43

395 336 527 367 autem
556 327 665 366 illius
693 326 740 364 de
770 325 835 364 sua
860 326 1025 378 egestate
1052 340 1100 364 ne
1128 326 1173 364 fis
1205 326 1441 379 aspernatus.
1489 327 1553 364 Ad
1575 339 1693 380 quem
1715 342 1788 381 ego

396 392 584 446 rescripfi,
615 391 718 431 nihil
747 392 835 437 effe,
866 392 974 445 quod
1000 391 1160 445 posthac
1180 405 1275 430 arcae
1296 393 1431 431 nostrae
1458 392 1602 431 fiducia
1622 402 1785 432 contur-

396 460 530 504 baret;
562 458 714 511 lufique
735 458 775 496 in
796 472 842 496 eo
861 471 1003 510 genere
1029 467 1067 496 et
1096 457 1357 503 familiariter,
1389 467 1427 496 et
1454 472 1546 496 cum
1577 460 1784 511 dignitate.

393 525 522 562 Amor
541 533 672 562 autem
693 525 776 576 ejus
797 537 887 575 erga
909 537 978 561 nos
1000 523 1195 576 perfertur
1221 523 1406 561 omniurn
1434 526 1583 561 nuntiis
1614 524 1784 576 singula-

393 589 461 628 ris.
510 591 564 628 Et
589 589 710 628 literae
740 588 902 642 quidem
923 589 971 627 ad
1000 588 1041 626 id
1068 588 1175 642 quod
1196 590 1388 642 expectaS,
1420 588 1500 627 fere
1520 602 1613 627 cum
1635 598 1703 627 tuo
1724 603 1784 627 re-

391 654 479 693 ditu
494 656 729 707 jungentur.
777 654 948 707 Reliqua
976 654 1223 706 fingulorum
1253 654 1406 692 dierum
1428 654 1643 692 scribemus
1665 654 1711 691 ad
1734 664 1783 699 te,

392 719 419 758 fi
450 720 569 759 modo
600 719 822 759 tabellarios
853 730 895 758 tu
926 720 1132 773 praebebis.
1180 721 1420 772 Qanquam
1447 719 1640 773 ejusmodi
1660 718 1786 771 frigus

390 786 659 838 impendebat,
692 795 736 824 ut
757 785 959 825 summum
979 785 1203 838 periculum
1224 785 1330 830 esset,
1363 799 1411 824 ne
1431 786 1566 839 Appio
1588 786 1661 824 suae
1688 785 1785 824 aedes

391 858 611 892 urerentur.
644 851 756 890 Vale.

709 1053 977 1092 MARCUS
1025 1051 1381 1104 QFRATM
1430 1052 1467 1090 S.

393 1182 512 1222 XIII.
532 1178 627 1252 RI
641 1181 662 1218 S
679 1181 697 1219 Ι
718 1180 849 1220 nivem
869 1189 1007 1225 atram,
1026 1188 1142 1233 teque
1163 1178 1280 1217 hilari
1299 1180 1433 1217 animo
1446 1178 1520 1217 effe
1540 1187 1578 1217 et
1599 1188 1785 1232 prompto

635 1245 681 1282 ad
695 1245 914 1297 jocandum
934 1245 1045 1283 valde
1065 1258 1129 1282 me
1143 1245 1270 1295 juvat.
1311 1245 1374 1282 De
1394 1245 1586 1296 Pompeio
1606 1244 1785 1282 affentior

390 1311 482 1357 tibi,
504 1310 564 1349 vel
587 1319 628 1348 tu
650 1311 783 1362 potius
805 1309 921 1348 mihi.
954 1309 1078 1353 Nam,
1101 1317 1145 1346 ut
1165 1308 1254 1352 scis,
1269 1308 1511 1360 jampridem
1531 1308 1646 1346 istum
1668 1318 1785 1348 canto

391 1376 581 1415 Caesarem
600 1391 610 1414 ε
642 1374 745 1414 mihi
765 1374 893 1420 crede,
920 1374 961 1412 in
983 1374 1067 1412 finu
1087 1373 1155 1419 est,
1187 1387 1315 1426 neque
1335 1387 1408 1425 ego
1428 1372 1640 1425 discingor.
1675 1375 1784 1426 Cog-

391 1441 505 1480 nosce
526 1454 632 1480 nunc
654 1441 758 1480 idus.
805 1441 997 1479 Decimus
1019 1449 1100 1478 erat
1121 1439 1246 1478 Caelio
1266 1438 1364 1478 dies.
1409 1439 1617 1480 Domitius
1639 1438 1686 1477 ad
1707 1453 1784 1478 nu-

389 1521 545 1546 merum
561 1507 716 1560 judices
746 1521 826 1545 non
853 1506 1009 1546 habuit.
1056 1507 1218 1552 Vereor,
1249 1519 1299 1544 ne
1330 1504 1453 1544 homo
1483 1514 1582 1544 teter
1609 1516 1649 1544 et
1677 1504 1783 1544 ferus

389 1574 487 1612 Pola
506 1574 660 1612 Servius
681 1573 728 1611 ad
748 1572 1035 1612 accusationem
1056 1573 1187 1612 veniat
1204 1586 1213 1611 :
1247 1585 1338 1610 nam
1359 1571 1486 1610 noster
1507 1571 1653 1611 Caelius
1674 1571 1785 1610 valde

387 1648 642 1693 oppugnatur
661 1653 682 1677 a
701 1648 818 1692 gente
840 1639 996 1678 Clodia.
1043 1638 1155 1677 Certi
1184 1637 1287 1676 nihil
1317 1637 1372 1676 est
1400 1636 1556 1676 adhuc:
1589 1637 1651 1676 sed
1673 1651 1783 1676 vere-

387 1719 493 1744 mur.
526 1705 679 1744 Eodem
700 1706 824 1758 igitur
844 1705 906 1743 die
928 1705 1062 1757 Tyriis
1084 1704 1137 1742 est
1158 1703 1309 1742 senatus
1331 1703 1443 1742 datus
1464 1703 1649 1756 frequens
1669 1718 1677 1742 :
1701 1703 1782 1742 fre-

384 1781 553 1824 quentes
575 1781 711 1810 contra
732 1772 878 1824 Syriaci
898 1771 1118 1825 publicani.
1165 1769 1432 1808 Vehementer
1461 1778 1621 1807 vexatus
1653 1769 1781 1808 Gabi-

387 1837 505 1876 nius:
537 1838 724 1890 exagitati
756 1846 886 1876 tamen
908 1851 929 1875 a
949 1836 1134 1876 Domitio
1153 1835 1374 1889 publicani,
1405 1835 1513 1887 quod
1542 1849 1633 1873 eum
1663 1835 1783 1874 effent

385 1916 480 1941 curn
501 1903 611 1955 equis
634 1903 845 1955 prosecuti.
892 1901 1036 1941 Noster
1063 1901 1202 1940 Lamia
1221 1900 1339 1954 paulo
1359 1899 1545 1945 ferocius,
1577 1913 1671 1938 cum
1693 1901 1781 1939 Do-

385 1969 524 2007 mitius
557 1967 726 2013 dixiffet,
760 1967 885 2020 Vestra
916 1967 1022 2020 culpa
1051 1967 1129 2005 haec
1162 1965 1384 2011 acciderunt,
1415 1966 1568 2019 Equites
1602 1966 1757 2005 Romani
1768 1986 1780 2012 ,-

385 2033 542 2087 drffilute
559 2033 650 2072 em‘m
657 2033 836 2086 judicatis
850 2049 864 2073 .·
895 2035 973 2073 Nos
981 2032 1201 2085 judicamus,
1233 2046 1296 2071 vos
1313 2030 1485 2077 laudatis,
1516 2031 1664 2084 inquit.
1697 2033 1780 2070 Ac-

388 2109 475 2139 tum
495 2100 549 2138 est
567 2113 614 2139 eo
634 2100 698 2138 die
718 2099 820 2138 nihil
840 2115 849 2139 :
884 2113 962 2138 nox
989 2099 1164 2138 diremit.
1212 2098 1495 2137 Comitialibus
1528 2097 1682 2143 diebus,
1713 2099 1783 2150 qui

387 2165 610 2216 Qirinalia
642 2165 874 2219 sequuntur,
905 2166 1062 2218 Appius
1097 2165 1377 2217 interpretatur
1410 2177 1489 2202 non
1525 2163 1711 2215 impediri
1745 2163 1782 2201 se

388 2230 473 2283 lege
494 2232 633 2284 Pupia,
657 2246 738 2285 quo
758 2232 891 2270 minus
913 2230 1053 2270 habeat
1074 2230 1266 2276 senatum,
1288 2239 1327 2269 et
1348 2229 1455 2283 quod
1478 2229 1650 2268 Gabinia
1669 2228 1780 2267 sanc-

389 2305 476 2334 tum
498 2297 557 2342 s1t,
578 2298 696 2337 etiam
717 2299 807 2352 cogi
828 2312 875 2337 ex
896 2298 977 2337 kal.
1002 2298 1099 2337 Feb.
1124 2297 1246 2350 usque
1266 2296 1312 2334 ad
1335 2296 1412 2334 kal.
1436 2295 1617 2340 Martias,
1643 2295 1782 2347 legatis

389 2361 564 2399 senatum
585 2364 764 2413 quotidie
784 2364 880 2403 dari.
927 2365 988 2403 Ita
1017 2372 1207 2416 putantur
1235 2362 1391 2400 detrudi
1421 2361 1584 2399 comitia
1603 2361 1643 2398 in
1666 2374 1780 2399 men-

389 2427 469 2465 sem
490 2427 701 2467 Martium.
748 2429 822 2467 Sed
852 2439 983 2468 tamen
1010 2429 1072 2468 his
1100 2427 1370 2467 comitialibus
1392 2426 1567 2466 Tribuni
1587 2426 1714 2478 plebis
1736 2427 1784 2465 de

389 2492 566 2530 Gabinio
588 2492 623 2531 se
643 2495 794 2532 adturos
815 2494 887 2533 effe
908 2495 1061 2533 dicunt.
1093 2494 1243 2533 Omnia
1258 2493 1420 2545 colligo,
1441 2502 1484 2530 ut
1506 2492 1596 2530 novi
1619 2490 1783 2530 scribam

1396 2559 1427 2596 F
1461 2571 1481 2596 2
