2335 3009
625 229 725 268 AD
784 220 1300 267 HERENNIUM
1358 228 1494 270 LIB.
1544 230 1619 270 IV.

417 323 541 367 tiones,
566 335 637 360 una
661 332 721 359 aut
745 323 862 370 plures
891 322 1088 371 frequenter
1137 320 1217 358 modi
1233 330 1433 368 comparate.

1735 243 1812 284 2¹3

1488 323 1588 369 Item,
1618 325 1748 362 Senatus
1763 326 1814 372 of-

418 382 598 420 ponuntur
615 372 794 420 afimplici
812 371 941 407 ratione
957 372 1086 412 duetae,
1126 371 1238 414 ficium
1268 373 1320 416 est,
1347 373 1464 416 cotfilio
1493 376 1655 410 civitatem
1671 376 1810 421 juvare.

416 421 484 456 fic:
512 421 602 457 Nam
622 433 690 456 cum
715 432 807 455 canes
821 421 1004 468 funguntur
1022 419 1087 465 offi-

416 471 474 504 ciis
498 469 650 515 luporum,
677 471 726 504 cui
743 469 885 515 praefidio
900 478 998 515 pecua
1020 480 1085 503 cre-

415 517 547 553 demus?
566 519 630 554 Per
647 527 891 565 argumentum
909 517 1086 560 tractatur,

416 577 499 601 cum
526 578 545 601 a
561 566 714 614 persona,
742 576 802 601 aut
829 578 848 601 a
873 566 964 607 loco,
991 576 1051 601 aut
1069 577 1088 600 a

417 627 453 650 re
469 615 598 662 aliqua,
624 615 826 656 similitudo,
853 614 1001 662 augendi
1027 624 1088 649 aut

415 663 594 699 minuendi
633 664 744 705 causa,
781 663 945 699 ducitur:
983 673 1024 698 ut
1062 663 1086 698 fi

415 712 495 759 quis
522 712 688 755 Drusum,
716 712 930 754 Gracchum,
955 714 1087 747 nitorem

415 759 575 807 obsoletum
592 761 694 797 dicat.
745 761 803 796 Ex
833 760 1005 796 contrario
1021 761 1086 796 du-

416 809 507 844 citur
523 809 593 851 fic3
618 819 657 845 ut
675 810 698 845 s1
716 811 796 857 quis
813 809 988 845 hominem
1006 822 1086 857 pro·

415 858 538 906 digum
553 868 588 894 et
606 858 820 894 luxuriosum
835 858 994 899 illudens,
1005 867 1086 904 par-

416 919 485 941 cum
507 916 537 942 et
562 907 736 954 diligentem
765 907 925 955 appellet.
978 908 1025 942 Et
1051 907 1084 942 in

416 955 483 990 hoc
507 955 690 1004 postremo,
717 957 815 1003 quod
844 968 887 991 ex
915 956 1086 991 contrario

416 1004 587 1046 sumitur,
612 1016 646 1040 et
667 1006 700 1040 in
721 1005 780 1040 illo
799 1005 924 1052 primo,
951 1005 1048 1052 quod
1067 1017 1087 1040 a

416 1053 639 1089 similitudine
669 1053 824 1095 ducitur,
861 1066 921 1101 per
948 1054 1084 1088 transsa-

416 1102 545 1138 tionem
573 1112 776 1150 argumento
803 1103 993 1149 poterimus
1022 1103 1084 1138 uti.

417 1150 484 1185 Per
514 1151 784 1192 fimilitudinem‚
814 1151 881 1186 fic:
919 1151 1010 1197 Quid
1037 1154 1087 1185 ait

413 1199 464 1234 hic
505 1212 573 1242 rex,
606 1209 696 1247 atque
724 1201 935 1246 Agamemnon
976 1201 1084 1245 noster,

404 1249 489 1292 five,
516 1256 551 1283 ut
570 1249 736 1283 crudelitas
755 1250 805 1292 est,
818 1251 923 1295 potius
943 1249 1085 1284 Atreus?

415 1297 474 1332 Ex
503 1297 687 1340 contrario,
727 1297 750 1331 fi
784 1309 889 1344 quern
925 1297 1084 1344 impium,

416 1345 479 1392 qui
507 1356 640 1393 patrem
669 1345 910 1388 verberaverit,
950 1348 1086 1381 AEneam

417 1405 606 1437 vocemus;
634 1394 915 1442 intemperantem
936 1403 970 1429 et
988 1395 1084 1429 adul-

415 1452 527 1477 terum
543 1470 554 1486 ‚
607 1443 807 1489 Hippolytum
856 1443 1083 1479 nominemus.

414 1491 509 1526 Haec
528 1492 605 1527 sunt
621 1490 703 1535 fere,
729 1504 812 1540 quae
829 1492 973 1527 dicenda
991 1492 1084 1528 vide-

415 1541 543 1575 bantur
572 1541 614 1576 de
643 1541 830 1576 verborum
855 1541 1068 1576 exornationi

415 1588 494 1624 bus.
546 1590 655 1625 Nunc
685 1602 736 1625 res
777 1589 846 1638 ipsa
882 1600 1010 1632 monet,
1046 1600 1085 1625 ut

413 1637 574 1685 deinceps
601 1639 644 1674 ad
673 1638 912 1674 sententiarum
941 1651 1083 1674 exorna-

413 1686 522 1722 tiones
541 1687 760 1723 transeamus.

463 1736 621 1772 XXXV.
661 1737 871 1772 Distributio
899 1737 959 1777 est,
1000 1748 1081 1771 cum

414 1783 450 1818 in
480 1785 595 1832 plures
619 1797 670 1821 res
696 1795 756 1820 aut
790 1785 946 1832 personas
976 1796 1083 1820 certas

413 1835 550 1880 negotia
566 1834 729 1881 quaedam
747 1834 1004 1882 dispertiuntur,
1018 1835 1082 1869 hoc

413 1883 546 1917 modo:
572 1883 641 1929 Qti
673 1884 818 1927 vestrum,
849 1884 993 1928 Judices,
1032 1896 1083 1917 710-

413 1942 480 1965 men
499 1931 631 1975 senatus
656 1932 774 1978 diligit,
800 1932 882 1966 hunc
911 1931 1011 1967 oderit
1036 1944 1085 1966 ne-

412 1978 480 2026 ceffi
496 1981 547 2026 est.
599 1981 844 2026 Petulanttffime
872 1983 950 2015 enim
963 1983 1085 2027 semper

412 2030 463 2073 sse
479 2034 672 2076 oppugnavit
681 2031 838 2076 senatum.
891 2029 959 2076 „Qui
988 2031 1084 2077 eques-

412 2084 493 2112 trem
522 2078 630 2122 locum,
646 2078 913 2126 splendidiffimum
932 2082 1014 2125 cupit
1032 2079 1085 2125 effe

411 2127 446 2160 in
463 2129 607 2169 civitate,
633 2130 659 2163 is
675 2136 797 2174 oportet
813 2128 902 2172 istum
933 2130 1083 2163 maximas

408 2184 516 2219 paenas
531 2175 638 2222 dediffe
652 2177 745 2218 velit,
771 2189 806 2212 ne
831 2177 884 2221 iste
897 2175 959 2222 fita
977 2179 1081 2222 turpi-

411 2223 519 2258 tudine
533 2226 637 2259 ordini
664 2225 856 2270 honcstgffimo
886 2226 1015 2261 maculae
1028 2233 1080 2260 at-

412 2285 469 2319 que
484 2272 622 2308 dedecori
627 2275 684 2317 fit.
735 2275 804 2321 Qi
815 2283 964 2320 parentes
989 2275 1082 2310 habe-

413 2325 469 2362 tis,
495 2322 636 2363 ostendite
651 2323 735 2367 istius
741 2324 908 2369 supplicio,
925 2324 1013 2358 vobis
1028 2323 1083 2357 bo-

414 2372 511 2405 mines
527 2372 632 2416 impios
649 2383 709 2406 non
723 2371 858 2418 placere.
902 2371 1026 2417 Quibus
1042 2372 1082 2406 li-

414 2420 483 2454 beri
491 2421 580 2465 sunt,
597 2420 730 2463 statuite
758 2421 937 2466 exemplum,
963 2429 1085 2468 quantae

409 2478 508 2514 poenae
523 2471 556 2504 in
571 2471 703 2504 civitate
707 2468 777 2513 sint
793 2469 964 2506 bominibus
977 2470 1081 2516 hujus-

1137 420 1354 466 Magistratus
1369 421 1494 467 officium
1510 423 1563 466 est,
1588 433 1679 470 opera
1691 432 1722 459 et
1739 424 1810 459 dili-

1130 470 1240 515 gentia
1283 469 1419 516 consequi
1450 470 1644 506 voluntatem
1663 474 1808 519 senatus.

1139 517 1250 562 Populi
1280 516 1410 562 officium
1439 519 1492 562 est,
1529 531 1577 554 res
1606 524 1750 565 optimas,
1779 531 1809 557 et

1134 566 1269 600 homines
1296 565 1416 602 idoneos
1442 570 1587 611 maxime,
1606 569 1675 614 suis
1687 570 1806 610 lenten-

1135 617 1190 649 tiis
1222 614 1332 661 eligere
1361 622 1389 650 et
1414 616 1563 662 probare.
1614 619 1807 664 Accusatom's

1135 662 1262 708 officium
1279 664 1330 708 esi,
1355 664 1473 711 inferre
1493 666 1636 701 crimina.
1688 668 1806 713 Defen-

1129 714 1222 756 soris,
1247 711 1361 747 diluere
1374 720 1404 748 et
1415 713 1610 761 propulsare.
1646 715 1743 759 Testis
1756 718 1805 759 est,

1135 760 1244 802 dicere,
1286 773 1354 808 quae
1386 764 1512 807 scierit,
1556 770 1615 797 aut
1655 764 1805 800 audierit.

1136 809 1319 856 Qaesttoris
1345 811 1394 854 est,
1431 823 1671 860 unumquemque
1697 813 1808 848 borum

1135 861 1169 893 in
1197 858 1292 903 officio
1311 859 1371 904 suo
1399 862 1561 896 continere.
1603 863 1724 908 Qare,
1761 863 1805 898 L.

1135 907 1224 951 Caffi,
1227 907 1263 950 st
1276 909 1388 951 testem,
1396 917 1609 957 preterquam
1625 910 1806 958 quodsciat,

1135 964 1192 990 aut
1216 955 1368 998 audierit,
1395 961 1614 1004 argumentari
1635 967 1665 994 et
1690 960 1807 1006 coty'ec-

1134 1013 1208 1039 tura
1228 1005 1371 1052 prosequi
1389 1008 1523 1052 patieris
1538 1023 1547 1048 ;
1562 1009 1624 1054 jus
1646 1010 1808 1054 accusato·

1134 1056 1180 1088 ris
1214 1066 1282 1089 cum
1300 1057 1378 1101 jure
1404 1056 1566 1099 testimonii
1596 1058 1812 1104 commiscebis,

1136 1103 1216 1146 testis
1232 1103 1364 1148 improbi
1385 1103 1583 1150 cupiditatem
1600 1105 1813 1149 confirmabis,

1135 1163 1187 1185 reo
1204 1151 1354 1197 duplicem
1370 1151 1567 1197 defensionem
1580 1155 1724 1200 parabis.
1744 1155 1807 1190 Est

1136 1200 1211 1235 haec
1245 1202 1422 1235 exornatio
1447 1202 1592 1249 copiosa.
1637 1204 1806 1251 Compre-

1137 1248 1254 1283 hendit
1276 1249 1367 1284 enim
1387 1250 1481 1285 brevi
1501 1251 1622 1292 multa,
1649 1262 1683 1286 et
1705 1253 1805 1287 suum

1136 1297 1264 1344 cuique
1294 1298 1448 1334 tribuens
1479 1299 1647 1343 officium,
1677 1301 1807 1349 separa-

1136 1345 1198 1380 tim
1219 1358 1268 1380 res
1285 1346 1412 1381 dividit
1429 1347 1556 1394 plures.

1185 1395 1367 1429 XXXVI.
1417 1396 1578 1431 Licentia
1618 1397 1678 1440 est,
1723 1410 1805 1434 cum

1135 1443 1229 1490 apud
1246 1455 1315 1486 eos,
1334 1456 1424 1491 quos
1443 1454 1504 1479 aut
1521 1445 1640 1488 vereri,
1659 1457 1719 1482 aut
1735 1460 1807 1483 me-

1135 1501 1241 1534 tuere,
1268 1493 1446 1535 debemus,
1465 1503 1578 1529 tamen
1596 1495 1729 1543 aliquid
1742 1509 1807 1543 pro

1128 1539 1208 1587 jure
1227 1541 1340 1576 nostro
1358 1541 1522 1585 dicimus,
1547 1544 1644 1590 quod
1665 1556 1723 1580 eos
1742 1546 1806 1580 mi„

1135 1590 1227 1625 nime
1256 1591 1427 1633 offendat,
1456 1601 1516 1626 aut
1556 1604 1645 1640 quos
1677 1593 1699 1628 ii
1726 1595 1804 1629 dili-

1135 1649 1238 1686 gunt,
1267 1651 1348 1674 cum
1380 1639 1414 1674 in
1444 1640 1563 1687 aliquo
1588 1651 1699 1677 errato
1725 1655 1805 1678 vere

1134 1687 1333 1735 reprehendi
1371 1689 1464 1735 pofl'e
1503 1689 1698 1734 videantur,
1739 1691 1805 1727 hoe

1135 1738 1263 1771 modo:
1304 1739 1487 1778 Miramini,
1528 1738 1685 1785 Qirites,
1725 1740 1808 1788 quod

1132 1786 1173 1819 ab
1198 1786 1336 1820 omnibus
1366 1786 1478 1829 vestrae
1503 1790 1638 1822 rationes
1661 1788 1804 1836 deseran-

1132 1841 1187 1868 tur
1201 1836 1218 1868 ?
1243 1833 1326 1880 quod
1339 1836 1461 1880 causam
1478 1837 1615 1879 vestram
1639 1849 1723 1871 nemo
1731 1838 1803 1884 fiis·

1133 1885 1229 1928 cipiat
1244 1886 1263 1918 ,2
1288 1883 1368 1930 quod
1384 1884 1420 1929 se
1450 1896 1535 1919 nemo
1559 1887 1653 1928 vestri
1668 1886 1802 1933 defenfh-

1132 1943 1196 1966 rem
1219 1932 1408 1978 profiteatur
1422 1933 1440 1966 ,Ρ
1477 1933 1512 1967 id
1539 1935 1666 1970 tribuite
1694 1938 1804 1981 vestrae

1133 1981 1250 2026 culpae3
1278 1989 1370 2028 atque
1395 1981 1518 2024 definite
1539 1986 1662 2018 mirari.
1715 1984 1806 2030 „Quid

1134 2032 1214 2063 enim
1232 2030 1285 2074 ast,
1312 2042 1408 2077 quare
1434 2043 1493 2065 non
1517 2044 1617 2067 omnes
1634 2033 1724 2076 istam
1740 2045 1804 2069 rem

1124 2078 1239 2125 fugere
1262 2091 1300 2114 ac
1323 2082 1431 2114 vitare
1459 2079 1587 2115 debeant
1603 2083 1620 2116 ,Ρ
1645 2082 1803 2117 Recorda-

1131 2129 1220 2170 mini,
1246 2140 1319 2175 quos
1335 2129 1508 2163 habueritis
1525 2129 1692 2173 defensores
1707 2148 1716 2171 ;
1733 2133 1802 2175 stu.

1130 2177 1183 2211 dia
1208 2188 1312 2212 eorum
1339 2177 1429 2212 vobis
1455 2185 1530 2212 ante
1552 2179 1650 2213 oculos
1671 2182 1800 2224 ponite;

1130 2225 1239 2260 deinde
1278 2228 1379 2261 exitus
1420 2229 1553 2261 omnium
1603 2227 1799 2271 corfiderate.

1133 2277 1212 2309 qum
1227 2276 1315 2310 vobis
1340 2277 1444 2310 veniet
1461 2277 1494 2309 in
1510 2284 1650 2318 mentem,
1675 2286 1710 2312 ut
1727 2288 1804 2312 vere

1132 2324 1245 2365 dicam,
1272 2324 1454 2370 negligentia
1480 2325 1596 2367 vestra,
1610 2325 1686 2367 five
1710 2327 1801 2372 igna-

1132 2376 1189 2407 via
1198 2374 1318 2418 potius,
1333 2372 1401 2406 illos
1418 2384 1518 2408 omnes
1532 2381 1604 2408 ante
1619 2375 1716 2409 oculos
1732 2375 1801 2420 ves}

1132 2429 1197 2457 tros
1224 2420 1395 2456 trucidatos
1423 2420 1486 2467 effe,
1528 2423 1664 2458 inimicos
1698 2434 1802 2459 eorum

1133 2469 1242 2515 vestris
1248 2469 1417 2517 suffragiis
1433 2473 1467 2505 in
1481 2470 1690 2518 ampliffimum
1703 2472 1809 2508 locum.
