2241 2994
539 236 626 279 3¹04

534 321 711 369 cognovit
753 321 858 357 literis
899 321 1026 369 Quinti
1070 322 1212 365 Fratris,

543 371 691 406 mirifico
724 369 838 406 studio
875 370 1034 406 omnium
1067 381 1212 407 aetatum

542 429 648 467 atque
686 419 861 461 ordinum,
905 419 1096 455 incredibili
1131 433 1212 456 con-

535 467 642 503 cursu
663 468 788 511 Italiae,
816 469 926 516 legem
955 468 1105 504 comitiis
1135 481 1212 505 cen-

542 517 676 552 turiatis
693 517 757 552 effe
775 518 952 565 perlatam,
979 517 1101 553 ibidem.

593 566 676 601 Inde
694 577 712 600 a
730 566 953 601 Brundusmis
977 566 1212 601 honestissimis

534 626 695 655 ornatus,
735 615 798 650 iter
823 615 880 649 via
909 615 1030 662 Appia
1059 616 1211 650 Romam

541 663 656 698 versus
676 662 767 699 fecit.
819 664 858 698 In
891 663 1008 698 itinere
1030 675 1123 698 xxiv
1141 663 1211 698 dies

541 713 782 759 consumpsisse
810 713 959 754 videtur,
993 724 1073 747 cum
1101 713 1211 747 Sexti-

541 762 582 797 lis
602 771 677 796 tum
697 773 783 796 xxrx
807 761 941 795 dierum
958 761 1049 796 esset.
1101 761 1211 796 Brun-

534 811 640 846 dusio
683 809 857 857 profectus
893 809 1091 857 Neapolim,
1135 810 1214 845 inde

543 861 716 907 Capuam,
759 858 959 901 Sinuessam,
997 858 1211 900 Minturnas,

542 908 712 950 Formias,
751 907 973 942 Terracinam
1003 917 1037 942 et
1070 907 1211 942 demum

542 957 711 998 Ariciam,
755 957 864 1004 pridie
904 958 998 992 Non.
1034 956 1210 1003 Septemb.

540 1006 694 1042 Romam
713 1005 819 1048 venit,
845 1006 927 1052 epist.
953 1018 981 1041 ι.
1009 1004 1064 1040 lib.
1084 1006 1146 1040 lv.
1170 1004 1215 1039 ad

540 1057 613 1091 Att.

592 1105 690 1139 Toto
719 1112 833 1138 autem
854 1103 914 1138 illo
933 1102 1049 1137 itinere
1066 1114 1084 1136 a
1102 1102 1212 1137 Brun-

540 1152 640 1188 dufio
669 1152 777 1200 usque
804 1153 955 1187 Romam
985 1163 1108 1198 agmen
1136 1163 1212 1199 per-

542 1211 693 1256 petuum·
715 1201 822 1236 totius
850 1201 960 1236 Italiae
988 1200 1089 1236 vidit.
1140 1200 1212 1235 Ne-

541 1262 612 1297 que
641 1251 733 1285 enim
762 1249 858 1297 regio
888 1248 957 1284 fuit
982 1249 1065 1291 ulla,
1101 1260 1213 1296 neque

543 1311 639 1334 mun.
632 1299 788 1346 cipium,
843 1310 955 1346 neque
1005 1297 1213 1345 praefestura

541 1358 604 1383 aut
630 1347 778 1391 colonia,
804 1359 847 1383 ex
874 1359 945 1394 qua
976 1359 1045 1382 non
1070 1347 1213 1394 publice

542 1397 587 1432 ad
620 1397 823 1432 Ciceronem
865 1395 1020 1431 venerint
1061 1395 1210 1443 gratula

543 1455 629 1482 turn.
677 1446 824 1493 Magnae
840 1454 935 1480 erant
950 1443 1133 1499 effusiones
1150 1445 1212 1479 ho-

542 1495 679 1530 minum
707 1506 750 1529 ex
772 1493 924 1542 oppidiS,
963 1492 1104 1528 maximi
1131 1505 1213 1528 con-

538 1544 662 1579 cursus
703 1555 747 1578 ex
791 1543 881 1591 agris
926 1541 1214 1598 patrumfamilias

541 1604 624 1628 cum
643 1591 852 1647 conjugibus
870 1604 908 1627 ac
926 1591 1052 1627 liberis.
1104 1591 1214 1626 Cum-

542 1653 612 1690 que
651 1641 720 1676 viae
764 1640 988 1676 multitudine
1022 1641 1214 1688 legatorum

542 1691 700 1738 undique
727 1690 905 1725 missorum
933 1690 1212 1725 celebrarentur:

544 1740 646 1775 urbes
674 1738 783 1775 Italiae
806 1737 909 1774 festos
935 1738 1006 1773 dies
1031 1750 1130 1786 agere
1156 1738 1213 1773 ad-

541 1798 668 1824 ventus
685 1787 758 1836 ejus
775 1788 996 1830 videbantur,
1013 1790 1045 1822 in
1060 1787 1214 1832 Pisonem,

541 1847 614 1884 cap.
637 1849 694 1872 22.
719 1847 754 1872 et
766 1847 825 1884 pro
841 1838 958 1880 Sextio,
984 1846 1052 1883 cap.
1074 1835 1131 1882 63.

594 1887 656 1922 Ad
685 1886 807 1922 urbem
838 1885 884 1921 ita
916 1885 1021 1929 venit,
1047 1895 1086 1920 ut
1115 1897 1216 1920 nemo

542 1936 651 1971 ullius
671 1935 801 1970 ordinis
831 1935 938 1970 homo
968 1934 1214 1970 nomenclatori

545 1995 648 2021 notus
666 1983 782 2027 fuerit,
808 1985 869 2031 qui
901 1983 963 2031 ipfi
986 1983 1128 2019 obviam
1148 1995 1216 2018 non

542 2033 696 2089 venerit&
712 2011 807 2080 epiil.
833 2045 861 2068 1.
889 2032 950 2067 lib
971 2033 1034 2067 lv.
1063 2032 1106 2067 ad
1137 2033 1215 2067 Att.

544 2083 662 2130 itaque
688 2081 721 2117 in
753 2080 924 2122 Pisonem,
952 2093 1028 2129 cap,
1059 2091 1117 2116 22.
1145 2081 1215 2116 ait:

542 2134 632 2168 Unus
649 2131 702 2166 ille
717 2130 781 2165 dies
807 2130 884 2165 mihi
912 2129 1033 2178 quidem
1050 2132 1216 2165 immorta-

543 2182 644 2216 litatis
678 2180 778 2224 instar
798 2180 883 2226 fuit,
921 2191 978 2227 quo
1010 2181 1044 2214 in
1074 2187 1217 2226 patriam

541 2229 646 2265 redii:
674 2240 742 2265 cum
752 2229 894 2275 senatum
919 2227 1061 2276 cgreffum
1078 2228 1146 2264 vidi
1157 2238 1216 2274 po-

537 2279 703 2327 pulumque
723 2279 813 2313 Rom.
833 2278 1031 2324 universum.-
1059 2290 1126 2313 cum
1141 2277 1218 2312 mibi

542 2331 611 2376 apsa
652 2329 757 2363 Roma
787 2336 884 2374 prope
924 2327 1067 2373 convulsa
1092 2326 1218 2372 sedibus

534 2378 617 2424 suis,
643 2377 687 2412 ad
703 2375 953 2423 complectendum
975 2375 1219 2422 conservatorem

533 2429 631 2474 suum
653 2427 814 2473 procedere
834 2427 905 2472 visa
936 2425 985 2470 est.
1038 2426 1131 2461 Cum
1160 2436 1218 2460 ve-

542 2476 641 2512 nisset
676 2476 717 2511 ad
753 2485 889 2524 portam
923 2476 1113 2523 Capenam,
1150 2485 1221 2522 qua

857 225 922 264 M.
978 225 1629 268 Z'I’.'CICERONIS

1261 323 1320 358 via
1336 324 1455 371 Appia
1472 323 1571 359 ducit
1587 324 1620 359 in
1645 322 1779 366 urbem,
1804 323 1932 371 gradus

1263 373 1472 420 templorum
1493 374 1543 417 (in
1562 372 1692 420 quibus
1719 371 1787 407 fuit
1806 373 1931 408 Martis

1261 432 1296 456 et
1314 422 1575 463 Camaenarum)
1607 426 1650 456 ab
1680 422 1797 456 infima
1830 421 1932 469 plebe

1263 471 1428 517 completi
1469 481 1592 510 erant;
1637 481 1656 504 a
1697 482 1768 517 qua
1809 470 1930 518 plausu

1262 520 1417 554 maximo
1434 530 1515 554 cum
1534 519 1613 554 esset
1636 519 1794 554 Ciceroni
1813 528 1930 566 gratu-

1262 567 1344 602 latio
1361 567 1560 614 significata.
1586 567 1702 602 similis
1719 578 1754 602 et
1770 566 1931 614 frequen-

1262 615 1309 650 tia
1336 625 1370 650 et
1387 615 1526 663 plausus
1542 627 1622 650 eum
1640 615 1748 662 usque
1765 617 1806 650 ad
1825 615 1931 663 Capi-

1261 663 1386 699 tolium
1416 664 1627 705 celebravit3
1663 664 1697 698 in
1726 663 1805 699 foro
1832 675 1866 698 et
1897 676 1931 699 m

1262 712 1334 767 ipso
1361 713 1538 760 Capitolio
1564 713 1716 748 miranda
1741 712 1934 748 multitudo

1262 761 1342 803 fuit,
1378 762 1474 809 epist.
1512 774 1540 797 1.
1577 763 1638 797 lib.
1681 762 1741 797 IV.
1779 762 1821 796 acl
1852 762 1930 796 Att.

1262 810 1372 858 Itaque
1390 811 1443 846 ille
1459 823 1536 846 unus
1551 810 1627 853 Ares,
1653 810 1699 845 ait
1717 822 1781 858 pro
1800 810 1932 853 Domo,

1261 870 1337 907 cap.
1359 861 1415 895 28.
1444 872 1502 907 quo
1530 860 1580 894 die
1595 871 1642 894 me
1653 860 1783 905 populus
1801 861 1893 895 Rom,
1910 871 1932 893 a

1255 916 1356 953 porta
1371 910 1404 943 in
1421 910 1608 955 Capitolium
1631 916 1726 955 atque
1754 909 1788 942 in
1813 907 1933 943 domum

1252 957 1316 1003 sua
1346 957 1522 992 celebritate
1551 957 1724 1004 laetitiaque
1756 959 1933 992 comitatum

1261 1006 1446 1051 honestavit,
1488 1013 1590 1040 tantae
1631 1006 1707 1039 mihi
1730 1005 1932 1050 jucunditati

1256 1055 1340 1101 suit,
1368 1063 1403 1089 ut
1426 1061 1481 1089 tua
1499 1054 1575 1089 mihi
1591 1053 1791 1100 conscelerata
1809 1053 1866 1088 illa
1882 1056 1936 1089 vis

1263 1115 1322 1137 non
1345 1102 1431 1138 modo
1456 1116 1515 1138 non
1527 1103 1748 1150 propulsanda,
1767 1101 1826 1147 sed
1840 1105 1935 1138 etiam

1261 1152 1384 1187 emenda
1392 1151 1489 1199 fuiffe
1513 1151 1674 1188 videatur.
1726 1151 1935 1187 Plutarchus

1262 1201 1390 1243 scribit,
1429 1201 1609 1237 revertenti
1649 1201 1808 1236 Ciceroni
1839 1210 1935 1236 tanta

1261 1249 1382 1285 laetitia
1409 1250 1578 1292 civitates,
1605 1259 1702 1286 tanto
1728 1249 1842 1285 studio
1871 1249 1934 1285 ho·

1261 1299 1369 1334 mines
1386 1299 1528 1334 obviarn
1547 1299 1683 1340 venifl‘e,
1711 1309 1751 1333 ut
1769 1297 1857 1333 infra
1875 1310 1933 1333 ve-

1263 1347 1398 1383 ritatem
1426 1349 1478 1390 fit,
1504 1348 1601 1395 quod
1632 1347 1746 1395 postea
1772 1347 1874 1389 dixit,
1901 1346 1933 1382 se

1263 1396 1414 1432 humeris
1449 1397 1559 1432 Italiae
1594 1397 1745 1431 Romam
1780 1405 1933 1443 reporta-

1263 1457 1339 1482 tum
1366 1444 1475 1481 fuisse.
1527 1445 1629 1481 Dixit
1659 1454 1774 1480 autem
1805 1444 1871 1480 hoc
1900 1444 1935 1479 in

1262 1503 1413 1532 extrema
1439 1494 1593 1530 oratione
1618 1494 1688 1540 post
1720 1492 1870 1530 Reditmu
1901 1495 1936 1527 in

1265 1549 1394 1581 Senatu.

1315 1591 1483 1628 Postridie
1524 1591 1558 1627 in
1594 1591 1720 1634 senatu,
1763 1591 1824 1639 qui
1867 1589 1938 1627 fuit

1265 1641 1336 1676 dies
1354 1642 1448 1677 Non.
1468 1641 1645 1688 Septemb.
1666 1640 1791 1676 senatui
1811 1641 1936 1688 gratias

1264 1690 1336 1738 egit
1362 1701 1402 1725 ea
1429 1690 1596 1731 oratione,
1623 1701 1718 1736 quae,
1742 1690 1805 1735 post
1836 1689 1935 1724 Redi-

1264 1749 1330 1775 tum
1372 1742 1406 1774 in
1447 1741 1562 1774 Senatu
1606 1739 1777 1786 inscripta,
1827 1748 1932 1773 extat.

1265 1787 1350 1835 Egit
1375 1787 1478 1823 etiam
1510 1787 1644 1835 populo
1673 1787 1778 1822 Rom.
1812 1787 1936 1834 gratias

1266 1837 1370 1872 altera
1392 1836 1557 1877 oratione,
1584 1847 1666 1883 quae
1692 1837 1756 1882 post
1786 1835 1937 1871 Reditum

1265 1885 1311 1920 ad
1337 1886 1480 1933 Qirites
1504 1885 1708 1920 inscribitur.
1761 1885 1816 1920 De
1843 1894 1936 1920 utra-

1266 1947 1336 1983 que
1353 1935 1451 1970 1)ἱο
1444 1945 1490 1970 ita
1507 1934 1644 1970 scribit:
1673 1937 1801 1970 κιτῖλὲί
1818 1951 1849 1969 τι
1864 1937 1907 1969 οἷν
1924 1939 1937 1969 ὅ

1266 1988 1386 2030 Καίςω,
1414 1989 1438 2021 ιὰ
1456 1988 1536 2031 χιίςιι
1552 1990 1588 2019 τῖἆ
1600 1999 1628 2019 τι
1645 1989 1726 2026 Βιλῖὅ,
1752 1986 1776 2029 ιζ,
1795 2000 1834 2018 τω
1849 1988 1937 2026 slipen,

1341 2036 1439 2081 χ’ντω
1454 2035 1530 2076 αὖτφ
1546 2048 1566 2068 τ
1584 2035 1705 2073 ὖπιίτυι,
1731 2049 1753 2067 ι
1774 2040 1812 2077 ιφ
1829 2049 1859 2068 τα
1876 2050 1937 2068 evv-

1268 2085 1361 2128 ilym,
1392 2086 1417 2128 ιζ,
1448 2081 1557 2127 φαίη
1582 2085 1738 2121 innui-n,
1770 2086 1842 2125 ἔγω.
1896 2080 1939 2115 Id

1265 2131 1325 2172 est,
1352 2129 1462 2166 Rediit
1491 2131 1590 2177 igitur
1619 2130 1663 2164 Cn.
1673 2142 1733 2171 ero,
1761 2137 1789 2163 et
1810 2132 1939 2176 gratias

1266 2187 1333 2214 tum
1352 2181 1494 2220 Senatui.
1521 2187 1587 2213 tun·
1610 2178 1731 2225 papula,
1756 2182 1894 2214 concione
1916 2190 1938 2212 a

1266 2228 1419 2274 Consulib.
1439 2228 1528 2270 data,
1554 2230 1587 2261 in
1612 2236 1721 2270 senatu
1750 2235 1780 2262 et
1806 2231 1840 2263 in
1870 2239 1939 2263 con·

1266 2281 1349 2313 cione
1365 2281 1438 2325 egit.

1318 2327 1373 2362 Eo
1407 2326 1528 2368 biduo,
1565 2337 1646 2360 cum
1679 2324 1758 2360 esset
1792 2335 1939 2360 annonae

1269 2375 1400 2411 summa
1417 2375 1550 2413 caritas.
1580 2373 1732 2409 homines
1760 2374 1874 2422 primo
1896 2373 1939 2408 ad

1270 2425 1441 2461 theatrum
1462 2434 1650 2459 venerunt:
1681 2423 1742 2458 ubi
1760 2423 1805 2458 L.
1825 2423 1939 2457 Caeci·

1271 2475 1318 2511 lio
1332 2473 1432 2511 Rufo
1445 2484 1591 2523 praetore
1606 2471 1706 2509 ludos
1719 2471 1940 2520 Apollinares
