2335 3009
543 262 619 316 176

539 357 687 405 gationis
704 357 902 392 auditorum
928 356 1027 392 causa
1052 357 1209 394 sumitur.

539 407 628 442 Loci
658 418 863 441 communes
897 417 940 441 ex
969 408 1090 442 decern
1121 419 1211 453 prae-

539 456 647 502 ceptis
664 455 936 490 commodissime
954 455 1135 491 sumuntur
1152 457 1210 490 ad·

539 504 689 550 augendi
723 503 875 538 criminis
910 503 1018 539 causa.
1071 505 1209 540 Primus

538 552 636 587 locus
654 552 800 587 sumitur
816 553 860 587 ab
886 554 1101 594 austeritate,
1129 565 1210 588 cum

539 612 868 643 commemoramuS,
894 612 1035 648 quantae
1060 613 1155 636 curae
1172 614 1211 636 ea

539 661 592 685 res
622 649 726 685 fuerit
753 650 818 684 diis
850 650 1118 689 immortalibus,
1153 659 1211 684 aut

539 697 728 745 majoribus
753 699 884 741 nostris,
911 699 1064 745 regibus,
1090 698 1208 733 civita-

538 747 646 789 tibus,
682 747 893 789 nationibus,
932 747 1132 782 hominibus
1161 747 1210 782 sa-

538 796 766 844 pientiffimis,
792 795 932 830 senatui.
985 796 1072 830 Item
1104 796 1212 830 maxi-

540 857 597 880 me
615 856 687 891 quo
706 845 811 879 modo
823 845 867 878 de
885 844 936 879 bis
951 843 1054 879 rebus
1073 844 1211 891 legibus

539 892 706 929 sancitum
729 893 778 928 sit.
830 892 1009 928 Secundus
1031 893 1127 928 locus
1151 893 1211 934 est,

539 953 621 977 cum
636 943 901 983 consideramus,
921 941 988 977 illae
1002 953 1067 984 res,
1080 942 1124 977 de
1135 943 1213 988 qui-

539 990 608 1026 bus
628 991 864 1032 criminamur,
890 990 931 1025 ad
955 1002 1042 1037 quos
1067 992 1212 1037 pertine-

540 1050 615 1075 ant:
630 1050 746 1074 utrum
760 1040 800 1074 ad
810 1039 1041 1085 omnes,quod
1054 1039 1213 1074 atrociss-

540 1099 640 1123 mum
648 1089 695 1123 est
705 1105 715 1130 ·‚
727 1100 767 1123 an
777 1088 818 1122 ad
832 1087 1031 1134 superiores,
1042 1088 1138 1134 quod
1151 1099 1212 1134 ge-

539 1148 605 1172 nus
618 1137 641 1171 ii
659 1137 748 1178 sunt,
763 1149 782 1171 a
797 1137 924 1183 quibus
942 1136 1151 1171 auctoritatis
1163 1137 1211 1171 lo·

539 1196 600 1220 cus
611 1185 807 1220 communis
820 1183 977 1225 sumitur,
993 1196 1034 1219 an
1047 1184 1087 1219 ad
1101 1196 1210 1230 pares,

540 1233 607 1269 hoc
625 1234 685 1276 est,
713 1234 747 1269 in
764 1233 889 1268 eisdem
916 1233 1070 1280 partibus
1091 1233 1210 1276 animi,

540 1281 945 1329 corporis‚fortunarum‚
960 1282 1099 1329 positos3
1114 1294 1155 1317 an
1170 1283 1212 1318 ad

541 1331 794 1377 inferiores,qui
806 1331 968 1366 omnibus
979 1331 1030 1365 his
1043 1331 1143 1366 rebus
1155 1343 1213 1366 an-

541 1381 762 1415 tecelluntur.
792 1379 935 1414 Tertius
954 1379 1050 1414 locus
1065 1380 1124 1421 est,
1142 1391 1214 1427 quo

541 1430 821 1476 percunEtamur‚
838 1428 922 1475 quid
938 1428 978 1463 fit
991 1438 1212 1470 eventurum,

542 1478 565 1513 si
583 1479 747 1513 omnibus
767 1478 858 1512 idem
875 1477 1102 1512 concedatur:
1123 1486 1158 1512 et
1174 1489 1214 1512 ea

541 1539 577 1562 re
595 1527 762 1574 neglecta,
775 1526 1008 1567 ostendemus,
1022 1526 1107 1573 quid
1125 1526 1215 1572 peri-

541 1576 701 1610 culusum
724 1585 783 1610 aut
801 1575 1102 1610 incommodorum
1130 1587 1212 1610 con-

541 1625 711 1671 sequatur.
752 1624 910 1672 Qartus
933 1624 1029 1658 locus
1056 1624 1116 1666 est,
1143 1635 1215 1671 quo

541 1673 808 1714 demonstratur,
827 1673 849 1707 si
872 1672 950 1706 huic
970 1673 1008 1707 sit
1027 1673 1213 1714 remissum,

544 1722 673 1757 multos
687 1721 863 1756 alacriores
875 1722 916 1755 ad
934 1721 1100 1757 maleficia
1117 1721 1212 1756 futu-

544 1783 612 1813 ros,
638 1781 724 1818 quos
748 1770 860 1804 adhuc
881 1770 1077 1816 expe&atio
1091 1769 1214 1816 judicii

543 1829 743 1854 remoratur.
781 1819 938 1866 Qiintus
958 1818 1053 1853 locus
1071 1819 1130 1860 est,
1154 1831 1215 1866 per

543 1880 650 1915 quem
681 1868 905 1909 ostendimus,
935 1867 955 1902 si
987 1868 1087 1902 semel
1121 1869 1216 1903 aliter

540 1916 733 1964 judicatum
750 1916 935 1959 sit,nullam
955 1929 1027 1951 rem
1047 1916 1217 1964 fore‚quae

544 1967 768 2001 incommodo
799 1966 941 2006 mederi,
982 1976 1041 2000 aut
1068 1977 1218 2001 erratum

538 2013 700 2062 judicum
720 2014 903 2060 corrigere,
929 2015 1035 2060 possit.
1079 2016 1164 2061 Qio
1185 2016 1217 2050 in

545 2064 622 2099 loco
653 2075 720 2098 non
760 2064 1023 2097 incommodum
1059 2064 1123 2097 erit
1166 2065 1216 2098 uti

544 2123 746 2148 caeterarum
762 2123 874 2146 rerum
894 2111 1162 2158 comparatione,
1180 2122 1217 2146 ut

544 2161 777 2202 ostendamus,
821 2161 900 2195 alias
938 2172 988 2194 res
1025 2161 1114 2205 posse
1158 2172 1216 2196 aut

544 2210 713 2246 vetustate
733 2209 848 2250 sedari,
876 2220 932 2244 aut
956 2209 1094 2244 consilio
1113 2211 1214 2244 corri-

545 2260 581 2307 gi
598 2277 608 2301 3
639 2258 741 2306 hujus
773 2258 818 2293 rei
851 2268 909 2293 aut
940 2258 1118 2299 leniendae,
1157 2268 1216 2293 aut

545 2309 756 2355 corrigendae
777 2307 906 2342 nullam
940 2319 1010 2341 rem
1038 2306 1212 2353 adjumen-

545 2367 582 2392 to
600 2357 765 2392 futuram.
801 2357 926 2391 Sextus
946 2355 1040 2390 locus
1059 2356 1118 2396 est,
1136 2368 1217 2391 cum

544 2407 762 2442 ostendemus
781 2417 822 2440 ex
842 2404 996 2440 consulto
1013 2405 1156 2445 fastum,
1184 2416 1218 2439 et

545 2456 702 2491 dicemus
722 2455 914 2489 voluntario
928 2453 1067 2489 facinori
1089 2454 1216 2488 null-im

543 2503 800 2541 excusationem
818 2520 828 2546 ·,
869 2502 1112 2551 imprudentiae
1147 2502 1217 2550 jus-

851 261 1630 302 RHETORICORUM

1261 365 1330 391 tam
1349 357 1628 402 deprecationem
1647 366 1811 404 paratam,
1845 357 1933 404 Sep-

1261 406 1366 440 timus
1394 407 1490 440 locus
1515 407 1572 446 est,
1608 419 1681 454 quo
1708 407 1930 441 ostendemus

1261 464 1398 489 taetrum
1443 455 1588 496 facinus,
1640 456 1791 496 crudele,
1836 454 1930 489 nefa-

1261 503 1362 543 rium,
1390 504 1606 548 tyrannicum
1630 505 1718 539 effe:
1746 504 1841 550 quod
1869 515 1931 550 ge·

1262 563 1339 592 nus,
1368 551 1500 597 injuriae
1519 552 1718 592 mulierum,
1739 563 1796 586 aut
1812 563 1930 586 earum

1261 612 1375 634 rerum
1395 600 1696 647 aliquid,quarum
1716 612 1830 635 rerum
1849 611 1931 634 cau·

1261 648 1292 682 sa
1312 649 1400 683 bella
1419 647 1658 695 suscipiuntur,
1676 659 1710 684 et
1728 661 1808 683 cum
1828 649 1932 684 hosti-

1261 696 1326 731 bus
1356 697 1398 731 de
1430 697 1498 732 vita
1531 698 1724 733 dimicatur.
1776 698 1932 732 Octavus

1261 745 1358 780 locus
1390 745 1450 787 est,
1493 758 1565 792 quo
1598 746 1821 787 ostendimus,
1862 757 1932 781 non

1262 794 1417 841 vulgare,
1443 794 1496 829 sed
1516 795 1696 842 singulare,
1720 796 1783 830 effe
1802 795 1934 830 malefi-

1261 843 1368 885 cium,
1395 844 1568 890 spurcum,
1593 843 1775 886 nefarium,
1796 843 1932 878 inusita-

1261 901 1350 933 tum,
1363 903 1436 938 quo
1453 893 1620 927 maturius
1637 903 1672 927 et
1690 892 1838 928 atrocius
1856 893 1934 927 v.in-

1261 939 1449 976 dicandum
1470 941 1518 976 sit.
1546 942 1671 976 Nonus
1689 942 1785 976 locus
1803 941 1934 976 constat

1260 1000 1303 1023 ex
1321 999 1541 1036 peccatorum
1556 992 1824 1036 comparatione,
1838 990 1934 1036 quasi

1261 1049 1342 1072 cum
1369 1038 1539 1079 dicemus,
1567 1037 1677 1084 majus
1707 1039 1772 1073 ess'e
1802 1039 1933 1073 malefi-

1263 1087 1356 1120 cium
1395 1086 1547 1133 stuprare
1582 1087 1784 1134 ingenuam,
1825 1098 1934 1133 quam

1261 1135 1391 1169 sacrum
1410 1135 1524 1182 legere
1543 1151 1552 1176 ;
1571 1136 1667 1183 quod
1686 1146 1828 1183 propter
1839 1135 1934 1182 eges-

1262 1192 1369 1218 tatem
1410 1184 1570 1226 aloerum,
1609 1185 1756 1219 alterum
1794 1194 1935 1231 propter

1262 1232 1489 1279 imperantem
1508 1233 1716 1279 superbiam,
1744 1233 1814 1268 fiat.
1861 1234 1932 1268 De—

1262 1281 1374 1316 cimus
1401 1282 1496 1316 locus
1513 1282 1572 1323 est,
1601 1294 1662 1329 per
1679 1294 1785 1329 quem
1805 1282 1934 1323 omnia,

1263 1341 1341 1376 quse
1361 1330 1393 1364 in
1414 1331 1556 1377 negotio
1574 1333 1732 1377 gerundo
1753 1333 1825 1365 aeta
1844 1331 1933 1372 sunt,

1264 1390 1415 1425 quaeque
1440 1391 1512 1415 rem
1541 1379 1701 1426 consequi
1731 1379 1848 1421 solent,
1875 1391 1936 1414 ex·

1264 1439 1435 1474 ponemus
1465 1428 1595 1470 acriter,
1622 1440 1657 1463 et
1683 1428 1873 1468 criminose,
1900 1437 1936 1463 et

1264 1476 1459 1523 diligenter,
1487 1487 1526 1511 ut
1553 1477 1607 1524 agi
1634 1489 1698 1518 res,
1723 1487 1758 1512 et
1784 1477 1856 1524 geri
1877 1489 1935 1511 ne-

1264 1526 1400 1572 gotium
1444 1525 1612 1568 videatur,
1665 1538 1779 1560 rerum
1822 1526 1937 1561 conse-

1264 1574 1446 1620 quentium
1467 1574 1739 1609 enumeratione.

1313 1623 1453 1658 XXXI.
1484 1623 1719 1658 Misericordia
1736 1635 1934 1658 commove-

1265 1670 1360 1706 bitur
1385 1672 1550 1707 auditoris
1582 1672 1729 1714 animus,
1757 1672 1780 1706 si
1807 1673 1936 1708 variam

1265 1719 1483 1755 fortunarum
1514 1721 1821 1756 commutationem
1844 1722 1936 1756 dice-

1266 1781 1368 1810 mus·,
1407 1769 1429 1804 si
1464 1769 1692 1812 ostendemus,
1739 1770 1771 1804 in
1805 1770 1936 1817 quibus

1265 1818 1458 1853 commodis
1487 1817 1631 1861 fuimus,
1660 1817 1857 1866 quibusque
1888 1819 1938 1853 in-

1268 1868 1460 1902 commodis
1504 1868 1617 1909 iimus,
1670 1868 1935 1914 comparatione.

1267 1916 1315 1957 Si,
1357 1929 1440 1963 quae
1472 1917 1570 1952 nobis
1606 1916 1722 1951 futura
1758 1917 1832 1957 lint,
1877 1916 1937 1951 nisi

1269 1966 1403 2000 causam
1427 1966 1690 2007 obtinuerimus,
1723 1965 1936 2000 enumerabi-

1270 2027 1346 2049 mus
1363 2025 1397 2049 et
1422 2014 1647 2049 ostendemus.
1674 2014 1708 2049 Si
1732 2013 1939 2061 supplicabi-

1268 2075 1358 2104 mus,
1386 2073 1419 2098 et
1451 2076 1511 2098 nos
1540 2063 1602 2098 sub
1626 2075 1759 2105 eorum,
1786 2076 1939 2110 qnorum

1269 2112 1356 2146 mise.
1369 2112 1531 2147 icordiam
1547 2113 1776 2160 captabimus,
1793 2113 1938 2159 potesta-

1267 2170 1334 2195 tem
1355 2160 1572 2207 subjiciemus
1629 2161 1677 2199 Si.
1705 2162 1788 2207 quid
1819 2162 1938 2197 nostris

1269 2209 1618 2256 parentibus.liberis‚
1645 2211 1774 2244 ccc-teris
1796 2211 1937 2245 necessa-

1269 2258 1502 2299 riis,casurum
1515 2259 1550 2292 sit
1564 2269 1703 2305 propter
1713 2259 1838 2293 nostras
1848 2260 1936 2294 cala-

1267 2307 1412 2346 mitates.
1421 2307 1623 2354 aperiemus,
1633 2318 1665 2341 et
1679 2309 1774 2342 simul
1786 2308 1938 2343 ostende-

1271 2367 1358 2396 mus,
1375 2356 1512 2390 illorum
1529 2369 1588 2390 nos
1603 2357 1782 2391 solitudine
1794 2368 1827 2392 et
1843 2356 1938 2392 mise-

1270 2404 1329 2446 ria,
1346 2417 1412 2439 non
1426 2406 1544 2439 nostris
1561 2407 1799 2444 incommodis,
1811 2405 1936 2441 dolere.

1269 2454 1303 2487 Si
1331 2454 1373 2488 de
1391 2454 1581 2494 clementii,
1614 2455 1835 2495 humanitate,
1874 2455 1937 2488 mi-

1269 2502 1445 2538 sericordia
1474 2504 1597 2545 nostra,
1623 2503 1749 2551 quain
1777 2503 1861 2538 alios
1891 2503 1938 2538 uli
