2335 3009
731 238 1346 278 HISTORIA.

348 344 406 383 que
429 345 564 383 unquam
589 334 666 368 mihi
685 333 771 379 visus
797 345 828 368 cs
853 335 902 367 ita
927 340 958 368 te
973 332 1020 367 ad

348 384 504 419 dicendum
530 381 648 429 deffiffl,
680 391 715 417 ut
731 383 793 428 jus
822 381 915 417 civile
945 393 1015 416 con-

348 440 503 468 temneres.
555 432 604 467 Et
651 431 780 466 Brutus
823 431 867 465 de
908 430 1018 465 Claris

349 482 448 516 Orat.
483 491 558 528 cap.
592 491 650 524 40.
706 479 739 513 ‘J‘
736 492 757 514 u
789 479 865 514 mihi
898 479 1018 513 videris

349 537 475 564 tantum
507 531 597 575 juris
633 527 735 562 civilis
761 528 843 574 fiir-e
881 527 1014 574 valuiffl,

349 586 499 625 quantum
508 579 592 624 fietis
607 577 673 623 eſjet
690 579 834 612 Oratori.
863 577 912 621 Q.
925 577 1017 611 Scae-

351 627 432 662 vola
460 625 629 674 pontifex,
667 625 735 669 seu,
763 636 802 661 ut
832 625 1018 672 Appianus

350 687 431 711 eum
448 675 614 717 nominat,
641 681 757 715 Mem&
775 675 912 709 Σωόλας
936 680 947 709 ὁ
965 674 1018 710 viad

350 728 462 769 μεγίςην
493 725 634 769 Ῥωμαίοις
661 724 791 769 ΐερωσζνκν
820 726 964 769 ΐερῶμῖρος,
993 723 1018 758 is

350 772 410 814 est,
450 783 555 818 quem
595 771 696 818 supra
724 771 898 806 consulem
937 783 1018 806 cum

351 821 397 856 L.
428 821 547 856 Crasso
575 819 674 855 fuiffe
701 832 790 855 anno
823 820 867 854 ab
900 820 946 854 U.
975 820 1018 855 C.

353 881 521 905 nemin.
565 869 781 916 scripsimus,
832 869 875 903 de
921 868 1021 915 cujus

353 929 462 954 morte
479 919 634 954 dicemus
652 918 694 953 ad
713 929 841 953 annum
861 929 1007 952 octxxr.

352 1070 462 1107 Anno
484 1067 592 1108 Urbis
612 1067 705 1106 666.
753 1067 931 1106 Ciceronis
954 1080 1018 1105 20.

497 1137 688 1176 Consules
719 1136 881 1175 fuerunt

354 1200 437 1238 CN.
470 1201 735 1242 OCTAV1US,
769 1199 816 1236 L.
843 1198 1020 1236 CORNE-

532 1272 634 1298 LlUS
669 1260 843 1297 ClNNA.

406 1357 490 1392 Hoc
520 1367 608 1390 anno
639 1355 751 1390 Cinna
778 1354 909 1396 consul,
943 1366 1024 1389 curn

354 1405 556 1453 perniciosas
587 1405 677 1451 leges
708 1416 768 1451 per
801 1403 872 1438 vim
908 1402 1022 1443 ferret,

355 1455 442 1490 urbe
466 1466 485 1488 a
503 1454 570 1488 Cn.
588 1453 738 1488 oetavio
754 1452 887 1499 collega
904 1451 1024 1500 pulsus

354 1505 412 1539 est.
462 1503 580 1537 Livius
605 1502 658 1536 lib.
684 1502 865 1538 LXXIX.
919 1500 1025 1536 Unde

356 1553 478 1587 Cicero
497 1551 531 1585 in
549 1551 640 1586 Catil
671 1550 735 1585 Ill.
758 1562 833 1597 cap.
859 1560 913 1584 10.
964 1550 1022 1584 Cn.

355 1602 514 1635 OHavius
539 1598 641 1646 consul
667 1601 764 1633 armis
793 1611 830 1633 ex
863 1598 940 1632 urbe
966 1598 1025 1632 col-

355 1651 456 1696 legam
470 1649 562 1695 suum
587 1647 716 1694 expulit.
768 1649 879 1682 Omnis
903 1647 954 1681 hic
981 1648 1024 1681 lo-

356 1711 408 1734 cus
423 1699 546 1733 acervis
564 1706 724 1742 corporum
754 1703 785 1729 et
811 1698 927 1730 civium
946 1695 1024 1740 san-

350 1749 446 1794 guine
474 1745 674 1782 redundavit.
727 1746 849 1791 Atque
876 1745 923 1779 ita
954 1745 1025 1778 bel-

358 1798 431 1831 lurn
449 1795 682 1831 octavianum
704 1803 920 1828 commotum
950 1793 1021 1827 est:

358 1844 457 1891 cujus
484 1843 641 1879 meminit
672 1842 807 1883 Cicero,
844 1842 896 1877 lib.
926 1843 951 1876 Ι.
982 1842 1026 1876 de

357 1893 515 1929 Divinat.
543 1904 617 1939 cap.
640 1903 672 1926 2.
699 1898 728 1925 et
745 1891 798 1926 lib.
821 1891 864 1925 lI.
883 1891 925 1925 de
943 1891 1025 1925 Nat.

359 1943 472 1978 Deor..
491 1953 568 1988 cap.
589 1953 621 1985 5.
665 1940 698 1974 T
695 1952 758 1980 um,
786 1939 911 1986 inquit,
929 1939 1028 1982 stellis

358 1994 409 2032 iis,
436 2002 512 2038 quas
529 1990 635 2024 Graeci
651 1998 814 2027 cometas,
841 1987 936 2031 nostri
961 1987 1026 2022 cri·

360 2040 446 2075 nitas
463 2047 588 2081 vocant,
614 2051 681 2085 quae
706 2047 802 2082 nuper
823 2037 899 2071 bello
928 2039 1026 2070 Otta-

359 2091 456 2123 viano
473 2099 658 2134 magnarum
666 2086 800 2131 fuerunt
818 2086 1028 2120 calamitatum

355 2140 556 2183 praenuntiae.
596 2135 684 2170 Vide
715 2134 867 2169 Plinium
895 2135 948 2169 lib.
980 2134 1027 2170 ΙΙ.

360 2194 429 2230 cap.
450 2196 506 2229 25.
558 2183 778 2220 Diffenfionis
805 2183 891 2218 inter
919 2183 1025 2217 otla-

361 2234 460 2268 vium
482 2242 515 2268 et
543 2233 691 2268 Cinnam
721 2232 877 2267 meminit
903 2231 1027 2266 Cicero

361 2282 464 2317 etiam
482 2281 519 2315 de
535 2282 678 2327 Harusp.
696 2281 789 2326 Resp.
809 2290 875 2326 cap.
895 2290 953 2324 25.

412 2331 526 2365 Cinna
558 2330 643 2364 urbe
676 2329 794 2376 pulsus
825 2338 1029 2376 corruptum

364 2381 463 2427 App.
482 2378 620 2413 Claudii
637 2378 827 2413 exercitum
858 2378 892 2412 in
920 2377 1027 2424 potes-

364 2439 467 2463 tatem
486 2427 579 2462 suam
599 2426 739 2472 redegit,
767 2436 805 2460 ut
824 2426 950 2461 Livius
975 2426 1030 2459 lib.

362 2477 538 2514 LXXIX.
569 2474 709 2523 scripsit.
745 2475 842 2522 App.
869 2474 1031 2515 Claudio,

1657 253 1733 293 253

1067 333 1107 368 P.
1143 333 1258 368 Clodii
1297 333 1400 381 patri,
1448 333 1630 381 imperium
1670 335 1735 370 hoc

1067 391 1220 428 tempore
1245 382 1450 429 abrogatum
1483 383 1582 417 fuisse
1612 383 1736 418 Cicero

1062 439 1125 475 pro
1143 431 1243 465 Domo
1266 430 1312 465 ait
1337 441 1404 476 cap.
1425 443 1482 476 3¹-
1525 432 1624 466 Tum
1656 432 1735 466 Ma-

1068 478 1138 513 rius
1184 490 1264 513 curn
1301 479 1438 525 reliquis
1481 480 1642 515 exulibus
1691 492 1735 514 ex

1067 526 1190 562 Africa
1219 527 1409 567 accersitus,
1448 540 1529 562 cum
1554 528 1587 562 in
1614 529 1737 563 urbem

1069 576 1340 623 recepti'ess‘ent,
1366 588 1440 610 earn
1475 578 1573 610 velut
1601 587 1737 624 captam

1069 625 1225 659 caedibus
1252 634 1286 659 et
1310 624 1435 671 rapinis
1453 625 1640 667 vastarunt,
1667 638 1739 672 qua

1068 674 1111 708 de
1137 686 1170 708 re
1197 674 1340 708 Orosms
1369 672 1421 708 lib.
1448 674 1491 708 V.
1518 683 1582 718 cap.
1621 686 1672 719 ¹9-
1705 685 1739 709 et

1068 734 1134 769 ego
1165 722 1197 757 in
1216 734 1296 757 eum
1316 722 1444 756 locum.
1499 722 1596 757 Hinc
1615 722 1738 757 Cicero

1064 772 1131 816 post
1157 771 1235 806 Red.
1260 773 1293 805 in
1310 772 1424 805 Senatu
1441 780 1508 816 cap.
1535 782 1587 814 15.
1607 770 1666 812 ait,
1695 772 1736 805 C.

1072 819 1228 854 Marium
1249 819 1359 854 reditu
1378 819 1439 853 suo
1461 819 1614 854 senatum
1633 831 1738 854 cunc-

1071 877 1146 903 tum
1167 880 1253 916 pene
1269 867 1435 902 deleviffe.
1465 868 1562 902 Tum
1591 869 1647 915 Q
1672 869 1738 902 Ca-

1072 917 1180 958 tulus,
1214 917 1270 951 M.
1309 916 1499 958 Antonius,
1547 917 1588 951 C.
1621 916 1739 961 Julius

1069 966 1174 1000 trium
1205 974 1349 1000 aetatum
1379 974 1529 999 oratores
1566 975 1632 999 tres
1662 965 1740 1000 sunt

1069 1014 1294 1049 crudeliflime
1337 1012 1514 1048 interfecti.
1568 1015 1672 1048 Cicero
1707 1016 1740 1048 in

1071 1065 1172 1099 Bruto
1189 1072 1256 1109 cap.
1280 1064 1336 1109 89.
1373 1062 1421 1096 Et
1444 1062 1580 1097 Marius
1597 1062 1739 1109 quidem

1071 1112 1260 1146 Cimbricae
1298 1111 1454 1146 vietorice
1481 1111 1627 1158 gloriam
1659 1123 1740 1145 cum

1072 1161 1205 1207 collega
1256 1160 1384 1194 Catulo
1435 1160 1707 1194 communicavit
1730 1173 1738 1194 z

1073 1209 1188 1256 postea
1207 1220 1288 1243 vero
1315 1207 1408 1242 civili
1440 1209 1531 1242 bello
1551 1208 1660 1242 victor
1677 1208 1741 1242 ira-

1073 1268 1141 1299 tus,
1174 1257 1359 1292 necessariis
1393 1257 1448 1303 Q
1474 1257 1590 1290 Catuli
1621 1257 1740 1304 depre-

1073 1306 1232 1340 cantibus
1260 1318 1328 1339 non
1348 1305 1445 1339 semel
1466 1305 1649 1351 respondit,
1677 1317 1739 1340 mo-

1074 1357 1194 1388 riatur.
1247 1354 1354 1395 Idem,
1382 1354 1503 1398 vastat.
1524 1355 1565 1387 V.
1593 1363 1659 1398 cap.
1687 1366 1740 1401 19.

1072 1413 1106 1437 et
1135 1404 1240 1437 Cotta
1265 1403 1320 1437 lib.
1353 1402 1416 1436 Ill.
1450 1403 1492 1435 de
1519 1403 1600 1436 Nat.
1633 1403 1739 1436 Deor.

1073 1463 1148 1499 cap.
1171 1462 1227 1497 32.
1281 1452 1346 1486 Cur
1370 1458 1417 1484 tot
1435 1452 1577 1485 civitatis
1589 1453 1744 1497 principes

1072 1512 1093 1534 a
1110 1502 1210 1536 Cinna
1226 1501 1401 1545 interempti
1415 1500 1433 1533 ?
1451 1511 1507 1533 cur
1523 1502 1654 1534 omnium
1667 1509 1742 1544 per-

1066 1548 1266 1592 fidiqfiffimus
1291 1549 1327 1584 C.
1347 1550 1481 1583 Marius
1508 1548 1552 1594 Q
1581 1549 1743 1589 Catulum,

1072 1597 1313 1643 praestantiffima
1340 1598 1493 1642 dignitate
1520 1599 1641 1639 virum,
1668 1600 1746 1632 mori

1070 1651 1174 1693 patuit
1190 1646 1337 1691 jubere?
1377 1647 1430 1680 Μ.
1463 1647 1610 1680 Antonii
1642 1646 1674 1680 in
1705 1646 1745 1680 iis

1076 1696 1154 1743 ipsis
1186 1695 1312 1735 rostris,
1341 1695 1372 1728 in
1393 1693 1522 1740 quibus
1541 1694 1597 1728 ille
1615 1696 1742 1742 Remp.

1075 1744 1338 1779 constantiffime
1375 1743 1494 1777 consul
1533 1742 1744 1786 defenderat,

1075 1804 1227 1840 quaeque
1262 1791 1378 1826 censor
1415 1791 1642 1837 imperatoriis
1673 1803 1744 1826 ma·

1076 1841 1190 1875 nubiis
1215 1851 1362 1880 ornarat,
1390 1840 1539 1886 pofitum
1568 1850 1675 1886 caput
1704 1841 1744 1875 il-

1078 1891 1138 1924 lud
1169 1888 1249 1930 fuit,
1277 1901 1294 1922 a
1325 1900 1398 1936 quo
1427 1899 1522 1923 erant
1552 1890 1745 1924 multorum

1077 1938 1208 1973 civium
1227 1937 1340 1985 capita
1358 1937 1572 1972 conservata:
1602 1938 1662 1972 lib.
1679 1939 1744 1973 111.

1076 1988 1118 2022 de
1131 1988 1228 2022 Orat.
1247 1998 1322 2033 cap.
1339 1999 1371 2031 3.
1387 1995 1421 2020 et
1440 1986 1584 2021 Tuscul.
1605 1987 1647 2022 V.
1668 1998 1744 2034 cap.

1082 2047 1134 2071 ιο,
1153 2035 1192 2081 [Ι.
1217 2036 1290 2082 ι9.]
1309 2036 1412 2070 Cinna
1427 2034 1546 2081 collegae
1556 2035 1608 2077 sui
1621 2036 1746 2081 consulis

1078 2086 1135 2119 Cn.
1155 2086 1288 2118 Octavii
1306 2083 1436 2130 praecidi
1465 2091 1560 2130 caput
1574 2083 1674 2129 juffit,
1702 2085 1744 2118 P.

1079 2132 1186 2177 Craffi,
1229 2134 1272 2168 L.
1308 2132 1452 2176 Caesaris,
1501 2132 1595 2166 nobili
1617 2144 1747 2167 imorum

1075 2184 1241 2224 hominum,
1267 2192 1391 2229 quorum
1415 2183 1521 2215 virtus
1535 2180 1650 2225 suerat
1667 2180 1748 2216 domi

1076 2231 1253 2277 militiaeque
1282 2232 1416 2276 cognita,
1443 2232 1495 2264 M.
1523 2231 1656 2263 Antonii
1685 2242 1749 2264 om-

1080 2281 1166 2314 nium
1183 2278 1403 2326 eloquentiffimi
1424 2289 1496 2323 quos
1517 2277 1681 2320 audierim,
1708 2279 1745 2313 C.

1081 2329 1223 2373 Caesaris,
1259 2331 1290 2361 in
1314 2339 1371 2374 quo
1395 2327 1473 2359 mihi
1501 2325 1629 2359 videtur
1654 2325 1749 2373 susse

1070 2377 1224 2423 specimen
1251 2377 1470 2415 humanitatis,
1487 2374 1580 2418 salis,
1598 2373 1748 2419 suavita-

1079 2427 1133 2467 tis,
1159 2426 1280 2470 leporis.
1333 2424 1387 2458 De
1412 2423 1463 2458 his
1488 2422 1652 2459 omnibus
1670 2423 1749 2458 vide

1081 2473 1294 2521 prooemium
1317 2471 1372 2506 lib.
1402 2471 1465 2506 111.
1494 2470 1531 2507 de
1552 2472 1650 2507 Orat.
1692 2472 1749 2507 De
