2335 3009
767 212 1381 256 HISTORIA.

379 325 532 362 operam,
574 322 616 348 ut
657 311 758 347 nimis
800 312 1048 348 redundantem

380 365 564 400 Oratorem
593 361 748 396 nostrum
775 370 811 396 et
839 361 1048 408 superfluen-

381 421 451 447 tem
475 409 624 458 juvenili
653 409 802 456 quadam
821 409 957 444 dicendi
985 409 1047 445 im-

379 459 537 507 punitate
558 468 594 493 et
621 457 757 493 licentia
780 459 990 505 reprimeret,
1014 467 1049 493 et

379 507 476 555 quast
492 515 588 543 extra
605 506 694 552 ripas
711 507 924 542 diffluentem
953 519 1046 542 coer-

379 565 482 598 ceret,
519 555 640 590 auftor
669 554 738 602 ipse
766 558 800 590 in
826 555 939 590 Bruto.
992 556 1048 591 De

378 603 574 652 Apollonio
591 604 752 647 Melone,
777 604 891 651 inquit
911 605 1047 640 Plutar-

378 653 477 695 chus,
503 652 668 687 traditum
686 653 733 686 est
753 653 941 695 memoriae,
966 665 1048 688 eum

377 701 518 736 Latinae
533 702 667 748 'linguae
685 701 804 736 rudem
822 702 950 748 rogasse
971 702 1047 738 Cic.

377 760 418 784 ut
435 750 559 785 Graece
575 750 790 784 declamaret.
818 750 858 785 In
876 762 950 796 quo
965 762 1047 785 cum

377 798 455 833 ideo
474 798 522 832 illi
539 798 812 845 obtemperasset,
830 799 928 845 quod
945 809 1046 846 puta-

377 856 439 888 ret,
478 847 508 882 se
539 846 585 881 ita
618 846 741 881 melius
776 847 901 894 corrigi
929 848 1045 893 posse3

375 895 491 930 caeteri
508 907 627 931 omnes
645 895 868 930 admiratione
883 896 1044 944 obstupe-

375 942 472 987 faeti,
497 944 651 979 certatim
682 939 725 978 de
742 944 918 986 Cicerone,
946 945 1044 980 alius-

376 1004 446 1039 que
487 993 555 1028 alio
596 993 777 1040 gloriosius
819 993 1043 1040 praedicabat.

375 1042 590 1088 Apollonius
609 1054 720 1088 neque
743 1052 862 1076 orante
877 1043 1044 1077 Cicerone

376 1090 532 1125 laetitiam
549 1102 622 1137 prae
645 1090 676 1125 se
698 1090 791 1133 tulit,
817 1099 851 1125 et
870 1103 951 1125 cum
969 1103 1044 1138 per-

375 1139 509 1182 oraffet,
537 1140 670 1174 defixus
702 1139 735 1173 in
754 1139 962 1186 cogitatione
983 1140 1044 1174 diu

375 1187 472 1223 sedit.
525 1188 636 1236 Qod
655 1187 715 1222 ubi
734 1187 936 1222 Ciceronem
953 1200 1046 1236 aegre

375 1235 462 1271 ferre
479 1236 588 1278 sensit,
615 1236 690 1282 haec
719 1235 792 1282 ejus
817 1249 888 1271 vox
904 1238 1040 1284 erupit:

375 1285 434 1319 Te
460 1284 635 1332 equidem,
661 1285 716 1319 M.
742 1285 856 1327 Tulli,
882 1286 1044 1320 collaudo

375 1342 410 1368 et
444 1333 616 1368 admiror:
660 1333 715 1368 sed
747 1345 802 1368 me
836 1334 1043 1369 Graecorum

374 1380 527 1417 fortunae
544 1381 688 1424 miseret,
708 1393 789 1416 cum
809 1381 942 1416 videam
959 1382 1041 1417 doc-

375 1430 474 1465 trinae
491 1440 526 1465 et
548 1430 756 1478 eloquentiae
783 1430 933 1474 laudem,
959 1443 1042 1478 quae

375 1478 445 1513 sola
468 1479 567 1514 nobis
596 1479 727 1526 reliqua
748 1489 831 1521 erat,
857 1491 919 1527 per
943 1489 977 1515 te
999 1480 1043 1515 ad

373 1527 552 1562 Romanos
569 1529 762 1563 transsatam
778 1529 852 1563 effe.

424 1576 542 1611 Rhodi
568 1577 678 1612 Cicer.
710 1577 929 1612 Posidonium
960 1577 1042 1612 Phi-

374 1624 558 1671 losophum
587 1626 689 1660 etiarn
715 1625 859 1667 audivit,
888 1636 927 1660 ut
956 1627 1041 1662 Plu-

373 1674 511 1708 tarchus
539 1673 665 1709 scribit.
717 1674 919 1711 Posidonius
937 1675 1041 1718 enim,

374 1733 456 1756 cum
500 1723 580 1757 esset
613 1723 830 1770 Apamiensis
870 1736 890 1759 e
931 1725 1041 1770 Syria,

375 1770 491 1805 Rhodi
534 1771 634 1813 vixit,
674 1772 754 1806 teste
787 1772 954 1808 Strabone
984 1774 1038 1809 lib.

373 1819 474 1854 XIV.
513 1820 624 1854 Hunc
641 1819 843 1855 familiarem
862 1821 961 1856 suum
978 1834 1041 1857 vo-

375 1878 429 1903 cat
459 1868 534 1903 Cic.
562 1869 615 1904 lib.
646 1869 672 1903 1.
707 1868 743 1903 de
772 1870 877 1904 Finib.
908 1879 975 1916 cap.
1007 1882 1039 1906 2.

374 1917 537 1952 Eundem
554 1917 608 1952 lib.
629 1918 656 1952 I.
675 1917 713 1951 de
729 1917 814 1952 Nat.
840 1919 938 1953 Deor.
970 1929 1039 1964 cap.

375 1978 409 2012 3.
440 1965 526 2000 inter
547 1978 605 2001 eos
628 1976 796 2008 numerat,
823 1978 842 2000 a
859 1968 988 2014 quibus
1006 1968 1041 2003 in

373 2014 596 2062 Philosophia
624 2015 800 2050 institutus
828 2014 907 2050 fuit.
946 2017 1040 2052 Prae·

375 2072 464 2097 terea
493 2062 527 2097 in
554 2064 644 2099 libro
660 2064 698 2098 de
722 2065 819 2106 Fato,
844 2074 914 2109 cap.
935 2077 967 2110 3.
995 2066 1042 2100 ita

375 2111 512 2146 scribit:
551 2112 703 2158 Qtaedam
735 2114 829 2147 eiiam
862 2114 1042 2157 Pofidonius

377 2162 471 2242 (ρὲεε
499 2161 640 2208 magistri
670 2161 821 2207 dixerim)
858 2163 1041 2210 commimsci

374 2219 410 2243 vt
431 2215 512 2244 etur.

1687 223 1766 277 263

1098 401 1208 440 Anno
1230 401 1337 440 Urbis
1357 402 1452 456 676.
1495 404 1676 446 Ciceronis
1696 421 1763 461 30.

1240 473 1432 519 Consules
1462 475 1625 518 fuerunt

1098 533 1153 572 D.
1177 534 1346 585 Jumus
1379 536 1587 584 BRuTus,
1618 540 1764 582 MAM.

1198 595 1429 635 A1M1L1us
1461 598 1666 639 Lemnos

1301 656 1554 698 L1V1ANus.

1146 752 1228 787 Hos
1244 751 1409 788 Consules
1430 765 1473 789 ex
1499 754 1693 804 interregno
1715 758 1767 793 in-

1097 799 1167 835 iiffe
1183 811 1387 847 argumento
1412 802 1460 837 est
1484 805 1594 840 oratio
1611 806 1765 853 Philippi

1095 849 1183 894 apud
1197 849 1385 894 SolQstium,
1411 851 1454 885 de
1483 853 1613 900 quibus
1643 855 1766 890 Cicero

1095 896 1131 932 in
1165 898 1288 941 Bruto,
1326 909 1401 946 cap.
1435 910 1495 946 47.
1560 902 1668 948 Iisdem
1689 903 1766 948 fere

1093 947 1280 992 temporibus
1308 947 1354 981 D.
1381 948 1513 991 Brutus,
1539 951 1565 985 is
1590 954 1645 998 qui
1668 952 1770 998 consul

1094 1006 1162 1029 cum
1187 997 1349 1031 Mamerco
1367 996 1453 1039 fuit,
1478 997 1563 1033 homo
1591 1008 1623 1034 et
1648 1002 1766 1036 Graecis

1092 1042 1198 1078 doflus
1218 1044 1319 1079 literis
1341 1052 1373 1078 et
1397 1046 1540 1081 Latinis.
1592 1049 1764 1084 Mamerci

1093 1091 1228 1126 AEmilii
1257 1092 1386 1139 Lepidi
1426 1095 1574 1130 consulis
1607 1097 1765 1133 meminit

1093 1141 1250 1176 Valerius
1281 1141 1338 1176 lib.
1370 1141 1449 1178 VII.
1488 1154 1556 1190 cap.
1591 1158 1624 1189 7.
1677 1146 1764 1181 Hoc

1093 1200 1196 1231 anno,
1223 1201 1304 1224 cum
1327 1189 1399 1225 duo
1417 1192 1570 1227 consules
1589 1193 1762 1229 clariffimi

1092 1236 1334 1285 fortiffimique
1349 1239 1465 1282 essent,
1492 1241 1678 1289 Pompeius
1702 1243 1762 1278 ad-

1093 1286 1163 1320 huc
1203 1298 1309 1333 eques
1348 1298 1468 1323 contra
1505 1291 1694 1326 Sertorium
1719 1292 1763 1328 ad

1093 1334 1225 1369 bellum
1255 1335 1449 1371 maximum
1490 1337 1763 1375 formidolosiffi-

1092 1394 1274 1430 mumque,
1301 1383 1397 1418 suasu
1426 1386 1472 1421 L.
1502 1387 1671 1434 Philippi,
1698 1401 1764 1435 pro

1091 1431 1230 1466 consule
1259 1432 1376 1467 missus
1394 1434 1452 1469 est.
1504 1435 1591 1481 Qo
1619 1437 1763 1483 quidem

1092 1490 1258 1527 tempore,
1292 1493 1374 1516 cum
1406 1483 1487 1518 effet
1523 1496 1696 1520 nonnemo
1726 1487 1764 1521 in

1091 1529 1231 1572 Senatu,
1259 1530 1320 1576 qui
1345 1530 1485 1575 diceret,
1511 1544 1581 1567 non
1603 1544 1763 1581 oportere

1091 1578 1182 1620 mitti
1211 1578 1386 1613 hominem
1403 1581 1579 1627 privatum
1598 1595 1661 1629 pro
1679 1595 1761 1618 con-

1090 1626 1173 1669 sule,
1224 1628 1411 1675 Philippus
1461 1630 1580 1664 dixiffe
1620 1631 1762 1674 dicitur,

1091 1676 1177 1710 Non
1211 1675 1242 1710 se
1276 1677 1375 1710 illum
1410 1677 1468 1711 sua
1502 1679 1662 1713 sententia
1695 1693 1763 1727 pro

1091 1724 1240 1767 consule,
1268 1724 1322 1758 sed
1349 1737 1413 1771 pro
1431 1726 1628 1761 consulibus
1648 1728 1760 1763 mitte-

1092 1784 1136 1807 re.
1187 1774 1292 1807 Cicero
1320 1775 1353 1806 in
1382 1774 1576 1816 Maniliana,
1601 1785 1669 1821 cap.
1700 1789 1758 1813 21.

1091 1821 1200 1863 Idem,
1229 1820 1381 1868 Philipp.
1401 1824 1466 1857 XI.
1494 1835 1568 1871 cap.
1591 1827 1622 1859 8.
1664 1825 1760 1859 Pom-

1084 1872 1155 1915 peio
1188 1872 1398 1905 Sertorianum
1432 1872 1543 1906 bellum
1584 1885 1605 1906 a
1644 1875 1761 1909 Senatu

1087 1922 1220 1964 privato
1236 1919 1344 1953 datum
1360 1920 1398 1963 est
1413 1934 1424 1954 :
1450 1933 1516 1955 cum
1533 1921 1574 1956 L.
1590 1921 1760 1968 Philippus

1084 1977 1146 2013 pro
1171 1967 1341 2012 consulibus
1358 1969 1395 2010 se
1423 1980 1490 2002 eum
1516 1973 1639 2004 mittere
1663 1972 1756 2014 dixit,

1089 2027 1149 2050 non
1161 2025 1220 2061 pro
1236 2016 1362 2063 consule.
1414 2018 1541 2053 Scribit
1566 2019 1655 2053 idem
1674 2020 1759 2054 Plu-

1091 2064 1229 2099 tarchus
1264 2067 1297 2099 in
1339 2065 1495 2111 Pompeio.
1547 2068 1759 2115 Comparato

1089 2114 1254 2156 exercitu,
1281 2113 1391 2148 hostes
1423 2115 1457 2149 in
1480 2115 1672 2151 cervicibus
1682 2115 1760 2162 jam

1090 2161 1201 2197 Italiae
1219 2173 1355 2209 agentes
1373 2163 1416 2197 ab
1435 2164 1590 2210 Alpibus
1617 2165 1650 2198 in
1674 2165 1758 2200 His-

1087 2210 1226 2258 paniam
1250 2211 1437 2253 submovit,
1463 2212 1684 2259 Galliamque
1706 2226 1757 2248 re-

1088 2261 1208 2306 cepit·,
1250 2269 1290 2294 ut
1332 2259 1400 2306 ipse
1442 2260 1527 2305 apud
1567 2261 1755 2305 Sallustium,

1087 2309 1222 2354 Fragm.
1241 2308 1296 2343 lib.
1316 2309 1378 2342 ΙΙΙ.
1396 2309 1514 2352 Hister.
1530 2309 1573 2343 ad
1591 2310 1756 2346 Senatum

1089 2355 1216 2392 scribit.
1244 2357 1350 2392 Unde
1367 2357 1489 2391 Cicero
1505 2359 1538 2390 in
1555 2359 1755 2401 Maniliana,

1087 2414 1156 2450 cap.
1180 2417 1233 2440 ιι.
1259 2405 1318 2446 ait,
1345 2405 1550 2452 Pompeium
1580 2418 1641 2453 per
1669 2407 1755 2442 Gal-

1087 2453 1170 2489 liam
1185 2453 1379 2502 legionibus
1393 2454 1560 2490 Romanis
1578 2455 1612 2490 in
1629 2455 1757 2504 Hispa-
