2335 3009
510 257 569 299 44
860 238 1554 284 EP'ISTOLARUM

512 341 664 397 aliquid
684 340 731 381 ad
753 350 792 380 te
809 354 818 379 :
843 339 906 378 sed
926 348 971 377 ut
990 338 1113 384 vides,
1136 350 1194 376 res
1215 350 1279 376 me
1298 335 1380 390 ipsa
1399 335 1548 374 deficit.
1580 335 1718 386 Itaque
1737 331 1785 372 ad
1806 332 1906 372 Cal-

514 409 722 449 listhenem
743 416 782 445 et
810 405 859 444 ad
889 403 1101 444 Philistum
1121 403 1263 441 redeo:
1294 402 1337 440 in
1366 401 1512 455 quibus
1542 409 1581 439 te
1611 399 1906 439 videovoluta-

515 484 620 513 tum.
680 470 939 511 Callisthenes
978 469 1164 522 quidem,
1209 467 1368 520 vulgare
1405 476 1445 505 et
1483 475 1624 504 notum
1662 465 1904 518 negotium;

516 537 854 592 quemadmodum
875 536 1005 575 Graeci
1025 535 1178 588 aliquot
1196 533 1323 571 locuti
1343 532 1447 570 sunt.
1491 531 1646 570 Siculus
1666 531 1735 569 ille
1755 530 1906 583 capita-

516 606 590 651 lis,
621 604 779 648 creber,
809 611 971 646 acutus,
1002 600 1152 645 brevis,
1183 611 1282 651 pene
1316 597 1479 651 pusillus
1514 595 1800 648 Thucydides:
1842 595 1908 633 sed

518 680 626 709 utros
647 671 730 722 ejus
751 668 933 707 habueris
953 666 1077 705 libros
1105 665 1202 718 (duo
1230 664 1338 702 enim
1366 663 1458 702 sunt
1486 661 1668 715 corpora)
1698 675 1747 700 an
1777 660 1906 699 utros-

517 749 610 789 que,
641 735 784 773 nescio.
831 733 903 771 Me
932 730 1057 783 magis
1087 730 1134 768 de
1164 728 1355 781 Dionyfio
1384 727 1576 766 delectat:
1608 726 1689 779 ipse
1717 725 1772 764 est
1799 725 1909 764 enim

516 809 709 840 veterator
729 811 909 851 magnus,
926 806 965 835 et
985 793 1260 849 perfamiliaris
1277 793 1459 832 Philisto.
1492 791 1569 830 Sed
1580 791 1688 844 quod
1703 790 1908 835 adscribis,

517 864 785 919 aggrederisne
819 862 866 901 ad
899 861 1133 901 historiam?
1170 860 1243 898 Me
1276 861 1431 898 auctore
1464 867 1603 911 potes:
1634 867 1691 902 et,
1719 856 1911 908 quoniam

518 931 740 970 tabellarios
761 927 1043 973 subministras,
1074 925 1257 965 hodierni
1286 925 1364 963 diei
1394 937 1452 963 res
1479 923 1599 976 gestas
1622 921 1912 975 Lupercalibus

517 996 697 1036 habebis.
730 995 898 1034 Obleeta
917 1003 955 1033 te
975 1006 1070 1033 cum
1091 992 1284 1032 Cicerone
1303 989 1434 1030 nostro
1453 1002 1574 1043 quam
1594 987 1818 1026 belliffime.

834 1195 1103 1234 MARcus
1150 1193 1220 1244 Q
1253 1192 1513 1249 FRATRr
1554 1189 1595 1229 S.

520 1325 634 1366 XIV.
660 1323 834 1397 DUA
850 1322 872 1361 S
901 1321 1031 1361 adhuc
1056 1334 1078 1359 a
1105 1328 1145 1359 te
1170 1318 1303 1372 accepi
1322 1317 1530 1372 epistolas;
1562 1328 1729 1371 quarum
1748 1315 1914 1356 alteram

516 1406 520 1409 ’
770 1389 812 1427 in
846 1388 932 1442 ipso
964 1385 1126 1425 disceffu
1160 1384 1305 1430 nostro,
1335 1384 1498 1422 alteram
1531 1383 1732 1427 Arimino,
1763 1382 1914 1422 datam.

522 1456 675 1502 Plures,
706 1467 802 1509 quas
832 1453 969 1492 scribis
1000 1462 1038 1491 te
1069 1450 1225 1496 dedisse,
1258 1463 1336 1488 non
1366 1463 1607 1502 acceperam.
1653 1449 1743 1501 Ego
1772 1461 1836 1486 me
1869 1449 1913 1486 in

521 1523 705 1561 Cumano
735 1529 775 1559 et
809 1518 1064 1572 Pompeiano,
1095 1526 1354 1570 praeterquam
1388 1515 1496 1569 quod
1530 1515 1609 1553 fine
1644 1523 1696 1558 te,
1727 1522 1914 1552 caeterum

522 1588 610 1627 satis
631 1586 840 1627 commode
861 1584 1120 1629 oblectabam,
1151 1592 1190 1622 et
1217 1596 1322 1621 eram
1351 1582 1394 1620 in
1423 1581 1559 1620 iisdem
1589 1581 1688 1619 locis
1719 1579 1839 1632 usque
1865 1578 1914 1618 ad

522 1653 600 1693 kal.
638 1655 733 1705 jun.
770 1651 944 1691 futurus.
994 1649 1220 1688 Scribebam
1255 1648 1337 1693 illa,
1369 1661 1455 1700 quae
1484 1647 1677 1692 dixeram,
1709 1641 1915 1691 ’πολιτικάς

521 1719 679 1772 spissum
701 1719 787 1757 sane
806 1730 905 1770 opus
925 1725 964 1755 et
984 1715 1207 1769 operosum.
1253 1713 1326 1752 Sed
1354 1713 1379 1751 fi
1400 1727 1447 1752 ex
1470 1713 1659 1751 sententia
1678 1711 1913 1757 succefferit,

523 1786 621 1824 bene
641 1786 714 1823 erit
735 1796 851 1836 opera
871 1782 1018 1835 posita:
1042 1782 1096 1820 sm
1118 1781 1267 1825 minus,
1288 1781 1329 1818 in
1351 1779 1451 1817 illud
1472 1779 1602 1832 ipsum
1623 1791 1728 1816 mare
1749 1777 1913 1830 dejicie-

521 1864 626 1895 mus,
657 1849 764 1902 quod
784 1848 996 1886 scribentes
1017 1847 1250 1900 spectamus.
1294 1844 1586 1897 Aggrediemur
1604 1844 1692 1889 alia,
1724 1843 1915 1895 quoniam

523 1915 720 1969 quiescere
740 1927 819 1953 non
842 1913 1056 1966 possumus».
1088 1915 1179 1952 Tua
1199 1911 1379 1950 mandata
1399 1911 1604 1964 persequar
1623 1909 1848 1962 diligenter,
1874 1919 1914 1948 et

523 1980 783 2034 adjungendis
804 1979 1053 2023 hominibus,
1083 1988 1121 2016 et
1143 1977 1378 2031 quibusdam
1400 1991 1478 2014 non
1500 1975 1730 2014 alienandis.
1776 1975 1915 2014 Maxi-

524 2060 597 2085 mae
619 2046 720 2085 mihi
742 2059 831 2083 vero
851 2058 952 2083 cura:
973 2044 1062 2089 erit,
1095 2053 1138 2081 ut
1159 2044 1395 2081 Ciceronem
1426 2051 1541 2080 tuum
1571 2040 1826 2093 nostrumque
1852 2041 1916 2078 vi-

523 2112 651 2158 deam,
684 2110 832 2150 scilicet
853 2110 1030 2163 quotidie
1049 2125 1058 2148 ε
1092 2109 1154 2147 sed
1177 2109 1399 2161 inspiciam,
1428 2107 1525 2160 quid
1545 2107 1681 2152 discat,
1703 2120 1822 2158 quam
1844 2106 1913 2144 sae·

523 2178 701 2230 piffime:
733 2186 787 2222 et,
820 2176 889 2215 nisi
920 2176 987 2214 ille
1015 2184 1260 2219 contemnet,
1289 2175 1408 2212 etiam
1431 2173 1659 2226 magistrum
1681 2186 1744 2211 me
1763 2173 1798 2210 ei
1820 2186 1915 2225 pro-

525 2243 692 2282 fitebor:
725 2244 838 2295 cujus
873 2242 927 2280 rei
963 2241 1196 2280 nonnullam
1230 2240 1556 2279 consuetudinem
1593 2241 1725 2277 mustus
1756 2238 1841 2277 sum
1872 2239 1915 2277 iu

523 2307 600 2346 hoc
622 2308 765 2346 horum
787 2308 938 2345 dierum
961 2307 1058 2352 otio,
1091 2307 1283 2344 Cicerone
1314 2305 1443 2344 nostro
1471 2306 1622 2343 minore
1651 2303 1915 2357 perdocendo.

524 2375 608 2418 Tu,
640 2371 975 2425 quemadmodum
998 2371 1150 2416 scribis,
1180 2370 1288 2424 quod
1317 2370 1437 2408 ctiam
1469 2371 1492 2408 si
1522 2384 1599 2408 non
1624 2369 1823 2414 scriberes,
1854 2367 1917 2407 fa·

523 2452 610 2477 cere
641 2447 678 2475 te
708 2437 1000 2490 diligentissime
1031 2446 1162 2476 tamen
1193 2435 1376 2481 sciebam,
1408 2435 1541 2481 facies,
1576 2436 1723 2473 scilicet
1753 2443 1797 2473 ut
1831 2446 1919 2472 mea

524 2502 704 2543 mandata
737 2503 911 2556 digeras,
952 2501 1201 2556 persequare,
1239 2501 1439 2541 conficias.
1492 2502 1580 2554 Ego
1613 2513 1708 2540 cum
1742 2500 1916 2539 Romam
