2335 3009
506 297 534 323 2
835 283 1524 324 EPISTOLARUM

506 383 561 423 est
588 383 754 424 omnino
781 383 944 422 difficile
974 397 1052 423 non
1085 384 1252 436 graviter
1283 383 1322 421 id
1350 382 1478 428 ferre;
1510 382 1572 422 sed
1595 391 1725 422 tamen
1745 382 1894 422 nostros

507 439 674 496 animos,
706 451 888 489 maximis
922 451 962 488 in
994 451 1108 488 rebus
1135 460 1173 488 et
1194 449 1372 502 gerendis
1392 458 1431 487 et
1452 448 1682 488 sustinendis
1703 450 1895 489 exercita-

508 526 585 561 tos,
616 515 744 568 frangi
765 525 803 553 et
824 515 1020 554 debilitari
1042 515 1217 553 molestia
1238 528 1315 553 non
1337 524 1506 567 oportet.
1553 516 1607 553 Et
1637 515 1825 568 quoniam
1855 527 1898 553 ea

508 581 772 620 molestiffime
798 580 899 620 ferre
928 581 1109 620 homines
1137 581 1295 627 debent,
1327 595 1413 634 qua:
1445 581 1618 633 ipsorum
1650 581 1768 634 culpa
1798 594 1897 619 con-

509 649 629 686 traCta
659 648 763 693 sunt,
795 647 848 685 est
879 647 1068 700 quiddam
1098 648 1139 685 in
1167 646 1238 685 hac
1270 661 1308 685 re
1328 646 1429 685 mihi
1451 647 1651 685 molestius
1673 646 1896 692 ferendum,

510 727 629 766 quam
652 713 741 751 tibi.
788 713 952 751 Faffitum
981 712 1034 750 est
1054 713 1160 750 enim
1183 725 1268 750 mea
1288 712 1418 765 culpa,
1451 722 1587 750 contra
1605 725 1724 769 quam
1747 721 1789 750 tu
1811 725 1897 750 me-

510 792 604 817 cum
635 787 673 816 et
704 777 954 831 proficiscens
986 788 1025 816 et
1056 791 1124 830 per
1154 778 1283 816 literas
1304 790 1449 830 egeras,
1482 787 1526 816 ut
1548 778 1675 830 priore
1695 790 1798 815 anno
1819 790 1898 815 non

511 844 795 882 succederetur.
842 843 962 895 Qod
991 857 1079 897 ego,
1110 842 1207 882 dum
1237 843 1431 882 sociorum
1460 842 1572 881 saluti
1593 843 1771 888 consulo,
1802 842 1900 880 dum

510 909 766 962 impudentiae
798 909 1084 947 nonnullorum
1111 910 1401 961 negotiatorum
1434 909 1574 954 resisto,
1607 908 1703 947 dum
1731 908 1899 946 nostram

510 974 678 1027 gloriam
700 984 766 1012 tua
785 974 929 1012 virtute
950 973 1081 1026 augeri
1101 983 1257 1027 expeto,
1290 973 1366 1011 feci
1392 987 1470 1011 non
1492 973 1708 1026 sapienter,
1741 972 1901 1026 praeser-

513 1041 588 1077 tim
609 1053 702 1078 cum
722 1039 762 1077 id
782 1039 1063 1085 commiserim,
1083 1048 1125 1077 ut
1146 1039 1214 1077 ille
1233 1039 1330 1077 alter
1344 1052 1468 1077 annus
1489 1039 1607 1077 etiam
1629 1039 1792 1077 tertium
1809 1037 1900 1091 pos-

513 1104 568 1143 set
594 1105 798 1144 adducere.
844 1105 964 1156 Qod
995 1105 1183 1157 quoniam
1204 1114 1411 1158 peccatum
1433 1118 1567 1143 meum
1587 1104 1660 1142 ess‘e
1680 1104 1872 1142 confiteor
1887 1122 1900 1149 ς

511 1170 566 1208 est
600 1171 795 1222 sapientiae
828 1180 943 1222 atque
974 1169 1232 1208 humanitatis
1265 1180 1356 1214 tuae,
1387 1183 1520 1208 curare
1553 1179 1592 1207 et
1626 1169 1825 1222 perficere,
1858 1178 1904 1206 ut

511 1235 604 1280 hoc,
631 1236 764 1274 minus
785 1235 977 1288 sapienter
995 1249 1015 1274 a
1035 1248 1098 1274 me
1118 1235 1333 1288 provisum,
1355 1234 1561 1288 diligentia
1582 1244 1649 1274 tua
1667 1235 1902 1288 corrigatur.

513 1301 574 1339 Ac
597 1300 622 1338 fi
644 1309 681 1338 te
702 1299 781 1353 ipse
801 1299 1073 1338 vehementius
1094 1299 1140 1338 ad
1160 1313 1297 1338 omnes
1319 1309 1445 1353 partes
1465 1300 1564 1338 bene
1588 1299 1772 1338 audiendi
1793 1300 1903 1338 exci-

513 1365 622 1410 taris,
653 1378 733 1403 non
753 1374 798 1403 ut
818 1377 911 1403 cum
930 1365 1032 1410 aliis,
1063 1365 1126 1403 sed
1147 1374 1192 1403 ut
1212 1374 1344 1403 tecum
1359 1365 1443 1417 jam
1466 1365 1559 1418 ipse,
1581 1375 1704 1403 certes
1722 1383 1733 1410 ς
1766 1365 1793 1404 fi
1814 1378 1904 1404 om·

515 1443 607 1469 nem
630 1440 737 1468 tuam
759 1439 949 1476 mentem,
973 1444 1123 1476 curam,
1145 1431 1444 1483 cogitationem,
1466 1431 1513 1468 ad
1533 1430 1793 1469 excellentem
1814 1444 1905 1469 om-

516 1495 635 1534 nibus
656 1497 695 1534 in
718 1495 832 1534 rebus
853 1495 977 1534 laudis
998 1495 1257 1548 cupiditatem
1278 1495 1453 1534 incitaris
1471 1515 1482 1541 ς
1515 1495 1617 1534 mihi
1644 1495 1770 1541 crede,
1803 1509 1905 1534 unus

516 1575 640 1599 annus
660 1561 814 1600 additus
837 1561 960 1600 labori
982 1571 1065 1607 tuo,
1097 1562 1317 1600 multorum
1344 1575 1537 1601 annorum
1568 1562 1746 1601 laetitiam
1774 1563 1905 1608 nobis,

515 1627 684 1680 gloriam
705 1641 795 1665 vero
815 1628 932 1665 etiam
953 1627 1112 1680 posteris
1135 1627 1288 1674 nostris,
1320 1627 1466 1667 afferet.
1499 1629 1751 1681 Qapropter
1770 1627 1846 1667 hoc
1869 1637 1907 1666 te

517 1693 693 1746 primum
728 1706 838 1746 rogo,
876 1707 924 1731 ne
958 1693 1162 1732 contrahas
1197 1707 1240 1732 ac
1276 1694 1459 1732 demittas
1492 1694 1702 1739 animum;
1741 1707 1836 1732 neve
1871 1703 1910 1732 te

516 1759 646 1805 obrui,
679 1767 864 1811 tanquam
887 1759 1022 1805 fluCtu,
1056 1759 1105 1798 fic
1127 1760 1400 1812 magnitudine
1423 1761 1570 1813 negotii
1593 1760 1688 1798 sinas
1709 1779 1718 1805 ;
1751 1769 1910 1798 contra-

518 1838 595 1878 que
615 1826 753 1877 erigas,
785 1839 827 1864 ac
849 1825 1006 1870 resistas,
1038 1826 1112 1864 five
1133 1827 1251 1864 etiam
1273 1827 1378 1865 ultro
1398 1839 1578 1865 occurras
1601 1826 1785 1879 negotiis.
1819 1825 1908 1865 Ne-

518 1904 597 1944 que
614 1890 724 1929 enim
742 1890 935 1944 ejusmodi
955 1901 1104 1945 partem
1126 1892 1352 1944 reipublicae
1372 1893 1490 1945 geris,
1508 1893 1547 1930 in
1569 1905 1646 1945 qua
1660 1891 1820 1930 fortuna
1835 1891 1909 1930 do-

519 1956 709 2002 minetur,
742 1957 804 1995 sed
825 1957 866 1994 in
885 1970 962 2009 qua
982 1957 1202 2010 plurimum
1223 1958 1321 1996 ratio
1341 1957 1454 2011 poffit
1473 1966 1512 1996 et
1533 1957 1753 2010 diligentia.
1788 1957 1911 2009 Qod

523 2023 548 2060 fi
581 2022 656 2060 tibi
688 2022 839 2061 bellum
869 2023 1031 2076 aliquod
1063 2036 1252 2076 magnum
1277 2033 1316 2062 et
1339 2023 1602 2077 periculosum
1622 2022 1909 2061 administranti

521 2098 776 2141 prorogatum
798 2089 1011 2142 imperium
1032 2089 1228 2135 viderem
1252 2099 1458 2128 tremerem
1480 2091 1627 2135 animo,
1644 2088 1752 2142 quod
1771 2089 1911 2128 eodem

522 2164 700 2206 tempore
719 2153 791 2193 effe
812 2155 1075 2207 intelligerem
1092 2156 1210 2194 etiam
1233 2154 1400 2194 fortunae
1423 2155 1649 2209 potestatem
1672 2155 1711 2193 in
1730 2168 1799 2193 nos
1817 2168 1910 2208 pro-

522 2228 724 2272 rogatam:
759 2233 864 2258 nunc
884 2234 974 2258 vero
999 2234 1043 2258 ea
1071 2234 1156 2273 pars
1190 2221 1262 2259 tibi
1294 2221 1520 2274 reipublicae
1548 2220 1751 2259 commissa
1770 2219 1838 2265 est,
1870 2221 1911 2258 in

521 2298 600 2337 qua
619 2295 684 2323 aut
707 2285 872 2331 nullam,
894 2297 959 2325 aut
982 2288 1247 2340 perexiguam,
1274 2297 1422 2339 partem
1445 2286 1603 2326 fortuna
1624 2296 1744 2332 tenet,
1765 2296 1804 2324 et
1825 2300 1911 2339 quae

522 2349 624 2389 mihi
657 2359 738 2389 tota
771 2352 808 2390 in
843 2362 908 2391 tua
939 2354 1084 2391 virtute
1116 2367 1158 2392 ac
1187 2353 1452 2392 moderatione
1473 2353 1594 2392 animi
1617 2352 1738 2405 polita
1757 2351 1828 2390 effe
1849 2353 1910 2391 vi-

522 2415 671 2455 deatur.
706 2417 847 2456 Nullas
872 2422 934 2470 (ut
954 2419 1114 2472 opinor)
1140 2418 1293 2457 insidias
1315 2418 1503 2465 hostium,
1531 2419 1680 2457 nullam
1704 2418 1827 2471 praelii
1847 2417 1911 2456 di-

522 2482 794 2529 micationem,
827 2485 976 2523 nullam
1012 2484 1272 2523 defectionem
1311 2485 1521 2529 sociorum,
1555 2485 1705 2523 null-un
1737 2484 1913 2538 inopiam

523 2549 706 2602 stipendii
739 2561 805 2590 aut
840 2553 893 2591 rci
930 2551 1211 2598 frumentariae,
1250 2552 1399 2591 nullam
1437 2553 1666 2591 seditionem
1700 2551 1912 2594 exercitus.
