2241 2994
580 338 1752 387 RAHETORICORUM

1107 485 1230 524 AD

474 621 1859 681 C.HERENNIUM

909 801 1257 841 LIBER
1353 801 1429 840 111.

563 940 670 982 Edit.
699 940 841 981 olivet.
1378 940 1494 980 MSS.
1520 942 1560 980 A
1581 941 1621 980 G
1642 939 1676 979 L
1697 941 1736 980 R
1755 936 1795 994 ψ

428 1040 462 1079 Ρ,
520 1039 531 1068 Ῑ
1192 1048 1223 1076 p.
1284 1038 1305 1066 l.

432 1080 490 1117 178
530 1089 547 1108 2
569 1077 733 1107 conveniret
747 1077 772 1111 ψ
787 1079 915 1105 conveniet
1196 1087 1254 1117 ¹79
1275 1087 1290 1106 2
1296 1087 1310 1116 ς
1331 1076 1477 1107 mentione
1491 1076 1517 1104 A
1532 1076 1556 1105 L
1572 1078 1722 1105 mentionem
1744 1076 1773 1106 G
1789 1077 1814 1105 R
1835 1085 1906 1105 vun-

530 1130 546 1157 ς
570 1117 758 1156 superioribus
774 1117 798 1145 L
815 1117 1029 1154 insuperioribus
1381 1119 1462 1144 tiones

506 1173 549 1182 -
568 1158 649 1187 libris
665 1159 692 1186 A
706 1158 732 1186 d.
1273 1172 1315 1180 —
1334 1157 1441 1186 caeteris
1451 1156 1534 1185 rebus
1544 1156 1570 1184 A
1581 1159 1609 1185 in
1619 1158 1709 1185 ceteris
1719 1157 1791 1186 rebus
1801 1155 1828 1186 G
1843 1157 1867 1185 L
1877 1157 1903 1186 R

511 1208 522 1227 ι
534 1208 544 1227 1
570 1196 722 1235 praeceptio
735 1197 761 1232 ψ
773 1198 924 1233 perscriptio
1383 1205 1479 1225 cetcras
1494 1206 1535 1224 rer

511 1247 549 1275 14
569 1238 696 1266 dicemus
712 1237 738 1265 A
751 1238 847 1265 dic't'um
857 1238 910 1264 erit
1278 1246 1314 1273 27
1336 1237 1487 1274 loquemur
1501 1235 1530 1264 G
1546 1236 1674 1273 loquimur

511 1287 547 1315 ¹7
570 1277 599 1306 in
615 1278 640 1305 A
656 1278 681 1304 d.
1278 1286 1313 1314 33
1333 1275 1468 1313 justitiam
1484 1275 1514 1304 G
1530 1277 1696 1314 etqulitiam

509 1328 546 1347 22
567 1325 596 1346 et
610 1316 755 1344 nobiseum
770 1315 801 1344 G
814 1315 841 1343 d.
1277 1317 1312 1353 38
1334 1316 1404 1344 Item
1419 1315 1444 1344 A
1460 1315 1490 1343 G
1505 1322 1529 1343 et
1545 1325 1584 1342 rts
1597 1316 1622 1349 ψ
1640 1316 1676 1342 Et

529 1368 544 1396 5
568 1355 730 1394 hujusmodi
741 1355 771 1383 G
785 1355 903 1393 (jusmodi
1274 1364 1314 1392 40
1334 1355 1524 1393 complurium
1540 1355 1564 1382 L
1577 1355 1694 1392 plurium

528 1399 545 1425 8
566 1396 686 1425 colenda
698 1396 724 1429 ψ
736 1396 845 1424 tollenda
1274 1404 1312 1431 42
1335 1395 1460 1424 tribuens
1474 1393 1501 1428 ψ
1515 1396 1557 1421 rei
1569 1395 1722 1432 distribuens

508 1436 667 1467 nfiAd.
1275 1436 1446 1470 44etAd.

507 1493 548 1502 .-
567 1476 706 1505 consultet
721 1475 746 1503 A
762 1475 888 1512 totgsultat
1295 1484 1309 1512 ς
1333 1484 1398 1502 cum
1411 1475 1436 1502 A
1449 1474 1473 1503 d.

510 1527 545 1547 12
568 1517 597 1546 in
613 1517 639 1544 A
655 1515 679 1543 L
695 1515 721 1542 R
735 1524 769 1542 an
783 1517 812 1542 in
1273 1528 1314 1535 —
1335 1512 1698 1549 incommodisaelscommodit

512 1558 548 1587 16
569 1556 633 1594 ipsae
648 1555 675 1582 A
687 1555 711 1583 d.
1293 1553 1311 1581 6
1332 1553 1508 1582 conferemus
1521 1555 1545 1582 A
1562 1553 1720 1590 conferamur

432 1609 488 1638 ¹79
531 1608 546 1626 2
570 1605 625 1624 non
640 1595 665 1629 ψ
679 1603 727 1622 non
740 1593 904 1621 adtutndam
1003 1611 1007 1614 «
1294 1601 1311 1630 7
1334 1593 1546 1621 cohortabimur
1561 1594 1586 1621 A
1602 1593 1762 1621 cohortemur
1783 1590 1827 1629 (tt
1843 1591 1868 1619 R
1886 1602 1903 1619 a

529 1649 543 1677 ς
567 1635 649 1665 causa
663 1635 689 1662 A
705 1633 731 1661 d.
1372 1633 1486 1668 secunda
1501 1632 1596 1669 manu)

528 1687 546 1715 7
567 1672 734 1713 adaugenda
754 1671 783 1700 G
805 1677 852 1699 aut
871 1672 987 1707 augenda
1008 1669 1036 1706 ψ
1056 1671 1137 1699 adan·
1296 1672 1312 1700 8
1333 1680 1418 1710 quam
1434 1673 1468 1700 ad
1484 1681 1543 1700 rem
1560 1674 1585 1700 A
1599 1671 1629 1699 G
1645 1671 1668 1699 L
1684 1671 1710 1705 ψ
1725 1680 1775 1708 qua
1790 1673 1818 1699 in
1832 1681 1860 1698 rc
1876 1670 1901 1698 R

604 1715 699 1752 gendae
1378 1722 1453 1749 quam
1468 1714 1496 1739 in
1511 1721 1562 1738 nm

506 1771 547 1781 -
567 1753 762 1793 deprimenda.
784 1753 907 1780 Omnem
923 1750 1060 1780 rationem
1073 1751 1098 1779 A
1112 1751 1137 1786 ψ
1293 1761 1312 1788 9
1335 1751 1458 1789 aliquem
1475 1753 1499 1779 A
1516 1751 1545 1778 G
1563 1751 1586 1779 L
1601 1751 1625 1778 R
1637 1750 1662 1783 ψ
1676 1750 1779 1786 aliquid

613 1793 783 1831 deprimendas
796 1800 875 1819 omnm
890 1793 1017 1819 orationes
1277 1799 1312 1818 ιο
1333 1791 1572 1828 disciplinabilem
1592 1791 1613 1818 A
1628 1790 1654 1817 R
1667 1790 1850 1826 distiplinalm

528 1846 547 1874 9
569 1835 651 1863 finem
666 1834 694 1863 G
711 1840 735 1861 et
744 1832 824 1868 finem
1278 1839 1310 1858 12
1334 1830 1462 1869 quidque
1480 1831 1503 1858 A
1521 1831 1583 1867 quid
1594 1829 1622 1857 G
1640 1830 1665 1863 ψ
1680 1832 1814 1867 quisquan

512 1885 548 1905 ιο
568 1882 724 1913 proponere
740 1871 765 1906 ψ
777 1878 928 1908 preponere
1271 1884 1312 1892 —
1331 1878 1461 1908 oporteat
1475 1871 1500 1904 ψ
1514 1870 1640 1908 oportebit

512 1926 522 1944 1
533 1925 543 1944 1
568 1924 603 1943 eo
618 1915 643 1942 A
656 1914 736 1941 enirm
751 1911 779 1939 G
796 1911 821 1939 L
835 1911 860 1945 ψ
873 1911 908 1938 ad
921 1920 976 1938 eam
1275 1919 1308 1947 13
1332 1910 1507 1938 ostendemus
1523 1911 1547 1938 A
1563 1909 1588 1937 d.

511 1965 545 1993 13
568 1961 656 1983 tutam
675 1955 700 1981 A
716 1955 744 1980 in
756 1957 841 1979 tutam
1276 1951 1310 1978 18
1334 1950 1462 1988 pellimus
1476 1950 1500 1983 ψ
1512 1948 1636 1986 poffimus

505 2009 547 2018 -—
567 2001 596 2022 et
610 1994 635 2021 A
649 1993 678 2021 G
694 1992 718 2019 d.
1275 1998 1307 2017 21
1332 1989 1506 2017 ostendemus
1524 1989 1545 2016 A
1561 1987 1707 2024 osttndimnt

511 2034 548 2064 16
568 2033 732 2062 vitationem
749 2031 777 2060 G
793 2030 959 2059 evitationem
1275 2029 1310 2058 28
1334 2028 1450 2057 studiose
1466 2028 1492 2062 ψ
1508 2029 1629 2065 studuisse

511 2075 546 2103 18
568 2082 617 2102 aut
634 2074 658 2100 A
676 2072 698 2100 R
715 2074 740 2098 A.
1275 2077 1311 2106 30
1333 2069 1451 2107 patriam
1469 2070 1493 2096 A
1508 2075 1631 2095 natura-n

511 2123 547 2153 ¹9
568 2111 738 2148 conjunssim
753 2109 781 2138 G
799 2110 823 2137 L
839 2111 863 2138 R
877 2110 1007 2147 tergium-Ue
1274 2118 1311 2146 34
1332 2118 1382 2136 nec
1399 2117 1480 2146 prece
1497 2108 1522 2136 A
1537 2107 1566 2135 G
1584 2108 1607 2136 L
1625 2107 1649 2136 R
1661 2107 1686 2142 ψ
1700 2107 1725 2136 d.

509 2163 548 2184 2ο
567 2151 726 2181 decernitur
741 2150 924 2187 Gsaemnitur
942 2149 1004 2184 Lse
1019 2149 1135 2176 cernitur
1273 2157 1310 2186 39
1334 2149 1412 2176 statui
1430 2148 1561 2184 Astu-m

509 2203 542 2224 21
567 2191 744 2221 evocationes
761 2191 785 2219 A
803 2189 831 2217 G
849 2189 870 2218 L
889 2189 912 2216 R
927 2189 951 2222 ψ
966 2191 1135 2216 'tt-orarium
1273 2196 1307 2223 41
1334 2196 1381 2216 aut
1396 2188 1420 2215 A
1436 2194 1514 2225 atque
1705 2211 1707 2213 .

511 2243 545 2272 ²3
569 2231 687 2271 pecuni·
703 2230 728 2258 A
745 2230 773 2259 G
789 2229 812 2258 L
827 2229 849 2256 R
862 2231 996 2266 petuniam
1273 2237 1308 2266 ⁴5
1330 2235 1358 2256 et
1373 2227 1406 2255 ad
1423 2226 1638 2256 diffundendum
1655 2227 1679 2255 A
1692 2226 1716 2254 d.
1731 2225 1760 2255 G
1774 2225 1798 2254 L
1812 2232 1835 2253 et
1849 2226 1903 2262 dis·

506 2288 547 2296 —
567 2270 775 2310 pollicitatione
792 2271 818 2298 A
835 2269 1045 2306 pollicitarum»
1065 2267 1092 2296 G
1113 2267 1134 2295 L
1372 2267 1530 2304 suadaendum

610 2312 805 2349 pollititationes
820 2308 845 2337 R
861 2316 885 2336 et
896 2308 1094 2346 pollicitationes
1110 2306 1136 2342 ψ
1197 2308 1251 2336 180
1296 2316 1306 2336 ι
1332 2307 1381 2336 Sin
1395 2306 1421 2341 κ’(
1436 2307 1465 2334 Si

612 2352 789 2386 consultatione
1295 2357 1309 2375 2
1331 2347 1401 2385 quid
1417 2347 1440 2375 L
1453 2347 1480 2375 d.

510 2402 547 2430 ²⁴
568 2390 784 2420 dissimulnrione
800 2389 824 2416 A
839 2387 1053 2425 &stimulationem
1068 2386 1096 2415 G
1111 2387 1134 2416 L
1292 2388 1311 2415 6
1333 2387 1377 2415 vel
1393 2388 1417 2415 A
1433 2387 1460 2415 G
1482 2387 1503 2415 L
1520 2387 1544 2415 R
1559 2385 1586 2421 ψ
1599 2386 1626 2414 d.

618 2431 642 2459 R
653 2430 857 2467 diffimulatisntt
1269 2441 1308 2450 —
1328 2434 1476 2466 propterca
1490 2428 1514 2455 A
1533 2426 1556 2455 L
1571 2427 1597 2462 ψ
1610 2426 1635 2455 d.
1652 2428 1693 2462 (et
1708 2427 1736 2454 iu
1751 2425 1780 2455 G
1799 2427 1899 2462 panau

508 2485 548 2496 .-
568 2470 755 2501 maturatione
768 2471 792 2498 A
811 2470 1011 2497 maturationem
1025 2466 1053 2497 G
1071 2467 1094 2497 L
1110 2467 1134 2496 R
1366 2467 1546 2503 fibnutatur)

615 2512 799 2538 naturalium
