2335 3009
595 221 690 260 AD
747 219 817 270 Q
863 215 1227 255 FRATREM
1285 217 1420 257 LIB.
1470 220 1526 258 II.
1707 231 1757 272 39

365 320 444 359 fine
463 316 773 371 oppugnatione,
803 315 883 354 fine
902 314 1025 367 gratia
1045 314 1184 353 nostra.
1232 316 1352 354 Eram
1373 317 1502 355 Antii.
1536 318 1656 369 Qod
1676 319 1755 357 idi-

367 386 440 424 bus
467 394 506 422 et
533 382 718 436 postridie
746 381 873 420 fuerat
902 381 1067 426 dietum,
1099 380 1147 418 de
1174 393 1268 432 agro
1298 383 1502 435 Campano
1530 385 1660 422 aecum
1690 385 1754 430 iri,

366 465 446 490 non
480 449 534 487 est
562 450 720 487 actum:
753 449 794 486 in
824 447 897 486 hac
927 447 1038 485 causa
1071 446 1174 485 mihi
1207 460 1306 500 aqua
1339 447 1473 487 haeret.
1521 449 1592 487 Sed
1628 450 1754 503 plura,

366 528 486 569 quam
506 514 811 553 constitueram:
845 526 975 551 coram
997 512 1119 551 enim.
1163 513 1275 558 Vale,
1306 515 1363 551 mi
1394 514 1546 566 optime
1576 523 1615 553 et
1641 525 1755 568 opta·

367 581 509 619 tiffime
529 578 662 624 frater,
693 588 732 617 et
763 579 926 617 advola:
958 578 1065 616 idem
1097 587 1135 616 te
1167 577 1287 616 nostri
1316 588 1456 631 rogant
1484 580 1623 632 pueri:
1656 580 1756 619 illud

367 645 532 690 scilicet,
562 644 737 683 coenabis
758 658 852 682 cum
872 644 1038 682 veneris.

685 846 954 885 MARcus
1001 845 1068 896 Q
1103 844 1356 882 FRATR1
1403 845 1442 883 S.

370 978 444 1016 IX.
469 975 523 1049 P
538 974 891 1014 LACITURU
905 973 954 1011 M
984 972 1059 1011 tibi
1086 972 1158 1011 effe
1185 973 1335 1010 librum
1354 985 1490 1011 meum
1511 973 1729 1027 suspicabar
1744 993 1760 1021 ;

550 1051 630 1080 tam
651 1040 761 1080 valde
782 1039 965 1093 placuiffe
985 1053 1105 1092 quam
1125 1039 1278 1084 scribis,
1300 1039 1410 1077 valde
1430 1040 1594 1092 gaudeo.
1639 1041 1763 1093 Qod

369 1120 434 1146 me
454 1107 639 1145 admones
661 1106 707 1143 de
729 1105 855 1143 nostra
876 1106 1037 1149 Urania,
1069 1104 1276 1156 suadesque
1304 1114 1348 1142 ut
1376 1106 1627 1143 meminerim
1649 1106 1760 1157 Jovis

369 1173 602 1216 orationem,
625 1185 710 1224 quae
727 1170 780 1208 est
800 1171 841 1207 in
857 1180 1035 1208 extremo
1056 1170 1127 1206 illo
1147 1170 1251 1208 libro
1269 1188 1280 1213 3
1312 1183 1386 1221 ego
1406 1184 1496 1208 vero
1518 1172 1697 1216 memini,
1720 1180 1760 1210 et

371 1239 440 1276 illa
459 1238 592 1276 omnia
613 1236 715 1274 mihi
737 1236 861 1287 magis
884 1235 1028 1286 scripsi,
1057 1247 1176 1286 quam
1197 1235 1361 1272 caeteris.
1407 1235 1479 1272 Sed
1502 1245 1629 1274 tamen
1653 1237 1759 1288 post-

372 1303 471 1341 ridie
491 1314 609 1354 quam
631 1310 672 1338 tu
694 1313 732 1337 es
754 1298 969 1351 profectus,
1000 1298 1126 1335 multa
1147 1300 1259 1335 noete
1279 1311 1373 1335 cum
1394 1299 1577 1337 Vibullio
1599 1301 1685 1337 veni
1715 1302 1764 1338 ad

372 1367 624 1419 Pompeium.
671 1366 858 1416 Cumque
886 1376 960 1415 ego
985 1363 1145 1415 egiffem
1172 1362 1219 1400 de
1245 1362 1326 1400 istis
1355 1364 1540 1416 operibus
1561 1374 1676 1416 atque
1698 1366 1762 1403 in-

371 1431 668 1486 scriptionibus,
698 1444 767 1483 per
788 1429 889 1468 mihi
910 1429 1080 1482 benigne
1101 1428 1300 1481 respondit
1318 1444 1327 1467 :
1360 1443 1544 1482 magnam
1574 1431 1680 1485 spem
1701 1441 1764 1470 at-

371 1499 467 1538 tulit
485 1513 511 1537 :-
527 1511 621 1536 curn
643 1496 773 1535 Craffo
796 1496 830 1534 se
851 1496 953 1534 dixit
974 1495 1084 1547 loqui
1105 1495 1218 1540 velle,
1250 1494 1432 1547 mihique
1454 1505 1497 1534 ut
1518 1496 1621 1535 idem
1655 1497 1762 1536 face-

372 1577 471 1609 rem,
503 1563 630 1602 suafit.
663 1562 838 1600 Craffum
861 1561 1062 1600 consulem
1083 1575 1131 1599 ex
1153 1560 1284 1598 senatu
1305 1561 1471 1599 domum
1492 1561 1657 1601 reduxi:
1682 1563 1763 1601 sus·

372 1631 479 1683 cepit
500 1643 597 1674 rem,
629 1629 810 1681 dixitque
839 1628 925 1673 effe,
958 1628 1066 1680 quod
1096 1628 1262 1665 Clodius
1292 1627 1370 1665 hoc
1401 1636 1576 1680 tempore
1605 1638 1765 1681 cuperet

373 1709 442 1750 per
463 1696 498 1733 se
519 1705 557 1733 et
577 1708 645 1747 per
666 1695 902 1747 Pompeium
924 1694 1110 1746 consequi
1130 1709 1138 1732 :
1171 1703 1306 1746 putare
1327 1693 1377 1739 se,
1409 1694 1435 1731 fi
1463 1707 1536 1745 ego
1565 1708 1656 1732 eum
1684 1708 1765 1733 non

374 1761 623 1814 impedirem,
655 1761 757 1813 poffe
787 1774 852 1798 me
880 1760 1041 1813 adipisci
1076 1760 1153 1798 sine
1183 1760 1437 1797 contentione
1467 1759 1574 1811 quod
1604 1761 1763 1800 vellem.

375 1827 530 1865 Totum
551 1825 585 1863 ei
606 1825 812 1878 negotium
833 1825 1004 1878 permifi,
1027 1838 1168 1876 meque
1190 1824 1229 1861 in
1251 1826 1333 1875 ejus
1356 1823 1541 1876 potestate
1560 1824 1643 1862 dixi
1664 1824 1764 1866 fore.

375 1891 564 1931 Interfuit
585 1890 680 1928 huic
701 1890 870 1928 sermoni
901 1891 944 1928 P.
971 1890 1124 1928 Craffus
1154 1889 1390 1934 adolescens,
1422 1889 1541 1927 nostri
1575 1891 1638 1941 (ut
1671 1891 1762 1942 scis)

376 1956 684 1996 studiofiffimus.
730 1956 837 1995 Illud
869 1965 1014 2001 autem,
1046 1955 1153 2008 quod
1183 1957 1294 2008 cupit
1325 1956 1507 2000 Clodius,
1538 1956 1591 1993 est
1621 1957 1767 2009 legatio

377 2023 522 2076 aliqua,
553 2023 580 2061 fi
612 2025 744 2061 minus
776 2037 845 2075 per
876 2022 1066 2067 senatum,
1099 2036 1166 2075 per
1186 2023 1396 2074 populum,
1429 2023 1564 2067 libera,
1595 2033 1662 2060 aut
1684 2024 1764 2075 By-

378 2089 571 2134 zantium,
603 2097 669 2126 aut
689 2088 736 2126 ad
756 2089 1022 2141 Brogitarum,
1053 2098 1119 2126 aut
1141 2097 1368 2140 utrumque.
1415 2087 1536 2126 Plena
1565 2100 1622 2126 res
1645 2102 1763 2126 num-

379 2166 550 2193 morum.
641 2154 718 2191 uod
750 2168 823 2208 ego
856 2167 933 2192 non
956 2154 1126 2192 nimium
1149 2153 1298 2199 laboro,
1329 2154 1447 2191 etiam
1469 2155 1497 2192 fi
1517 2154 1649 2192 minus
1670 2154 1763 2192 affe-

379 2233 479 2272 quor
508 2220 615 2272 quod
643 2221 748 2259 volo.
796 2221 1008 2274 Pompeius
1041 2230 1171 2259 tamen
1206 2234 1299 2259 cum
1334 2220 1465 2258 Crasso
1494 2220 1651 2258 locutus
1680 2219 1733 2258 est
1749 2238 1770 2265 3,

378 2284 562 2323 videntur
581 2287 786 2338 negotium
808 2286 1022 2339 suscepisse.
1070 2287 1108 2324 Si
1138 2286 1364 2339 perficiunt,
1395 2287 1571 2338 optime:
1605 2286 1660 2323 fin
1685 2287 1766 2324 mi-

379 2363 469 2395 nus,
500 2349 547 2387 ad
568 2350 740 2390 nostrum
761 2353 900 2403 Jovem
923 2364 1175 2391 revertamur.
1220 2354 1270 2390 A.
1295 2353 1333 2390 d.
1360 2364 1415 2389 111
1439 2352 1500 2389 Id.
1524 2351 1626 2389 Maii
1656 2352 1769 2390 senaa

379 2415 696 2454 tus-consultum
727 2416 781 2454 est
813 2417 961 2457 factum
993 2418 1040 2456 de
1074 2419 1227 2456 ambitu
1260 2419 1298 2455 in
1331 2416 1488 2455 Afranii
1516 2417 1763 2463 sententiam,

379 2495 500 2535 quam
529 2495 602 2535 ego
632 2481 822 2530 dixeram,
851 2497 945 2524 cum
975 2493 1019 2523 tu
1047 2485 1202 2532 adeffes,
1234 2484 1298 2524 sed
1327 2497 1472 2537 magno
1500 2497 1592 2523 cum
1613 2485 1773 2536 gemitu
