2335 3009
497 188 572 242 138
923 191 1451 233 POEMATUM

497 289 603 327 Cum
624 289 794 328 clamore
814 291 956 343 paratis
978 290 1111 330 inanes
1133 291 1297 331 fundere
1316 306 1446 340 voces,

495 355 758 409 Absurdoque
780 355 873 394 sono
893 355 1023 396 fontes
1044 367 1082 395 et
1103 358 1233 411 stagna
1252 359 1380 398 cietis.

495 483 814 538 Mollipedesque
837 485 953 523 boves
975 485 1188 537 spectantes
1210 487 1362 525 lumina
1381 487 1468 525 caeli

496 549 672 588 Naribus
692 549 940 589 humiferum
961 551 1106 589 duxere
1126 565 1174 590 ex
1194 566 1278 590 aere
1299 553 1477 592 succum.

553 680 643 730 Jam
664 692 755 717 vero
775 679 924 733 semper
943 680 1094 725 viridis,
1126 680 1356 733 semperque
1375 690 1545 734 gravata,

498 744 706 783 Lentiscus
728 745 877 798 triplici
899 745 1010 784 solita
1029 745 1278 798 grandescere
1298 747 1416 792 foetu,

415 827 417 829 ·
498 811 580 849 Ter
599 810 732 863 fruges
752 810 940 857 fundens,
971 812 1045 850 tria
1065 821 1241 865 tempora
1260 813 1449 852 monstrat
1469 811 1617 852 arandi.

870 1036 1512 1076 ALCYONES.

553 1144 697 1196 NoN.]
732 1174 741 1183 .
768 1174 777 1183 .
804 1174 813 1183 .
847 1145 971 1183 Hunc
992 1144 1131 1197 genuit
1152 1144 1266 1184 claris
1287 1144 1464 1198 delapsus
1485 1146 1534 1186 ab
1554 1146 1661 1186 astris

664 1211 835 1250 Praevius
856 1224 1016 1256 aurorae‚
1047 1211 1138 1250 solis
1159 1212 1361 1265 noctisque
1381 1213 1547 1253 satelles.

978 1438 1412 1478 LIMON.

557 1549 696 1602 D0N.]
728 1551 796 1588 Tu
816 1562 988 1601 quoque.
1020 1549 1089 1601 qui
1110 1548 1213 1587 solus
1235 1548 1336 1586 lecto
1356 1547 1548 1594 sermone,
1571 1550 1753 1597 Terenti,

501 1616 744 1655 Conversum
765 1614 1063 1668 expressumque
1084 1615 1226 1653 Latina
1245 1628 1340 1653 voce
1361 1615 1632 1654 Menandrum

501 1684 548 1721 In
569 1681 701 1720 medio
722 1681 860 1734 populi
881 1673 1019 1719 sedat'is
1041 1682 1205 1720 vocibus
1225 1680 1355 1726 effers,

502 1747 713 1802 Qidquid
733 1761 846 1786 come
866 1747 1046 1800 loquens,
1077 1756 1195 1800 atque
1215 1747 1351 1786 omnia
1369 1746 1501 1785 dulcia
1520 1746 1691 1800 liquens.

934 1959 1451 1998 MARIUS.

560 2072 660 2109 Cic.
694 2071 788 2122 Leg.
813 2070 845 2107 Ι.
872 2068 924 2122 1.]
956 2068 1112 2107 Nuntia
1132 2067 1239 2107 fulva
1260 2069 1386 2120 Jovis,
1417 2069 1594 2108 miranda
1615 2069 1692 2108 visa
1712 2070 1850 2123 figura.

560 2138 661 2174 Cic.
683 2135 821 2175 Divin.
843 2136 874 2173 1.
892 2134 982 2188 47.]
1006 2136 1088 2173 Hic
1103 2135 1212 2186 jovis
1229 2134 1386 2173 altisoni
1406 2134 1536 2174 subito
1552 2135 1712 2188 pinnata
1729 2136 1893 2184 satelles,

504 2202 668 2241 Arboris
689 2215 708 2239 e
731 2210 886 2246 trunco,
918 2201 1103 2253 serpentis
1126 2200 1251 2238 saucia
1272 2200 1419 2245 morsu,

504 2267 589 2320 Ipsa
609 2266 700 2305 feris
723 2266 869 2318 subigit
891 2266 1121 2318 transfigens
1145 2266 1344 2317 unguibus
1366 2280 1535 2318 anguem

504 2333 804 2377 Semianimum,
836 2341 874 2370 et
895 2333 997 2370 varia
1016 2333 1183 2385 graviter
1204 2333 1353 2370 cervice
1375 2334 1587 2371 mic-intem
1607 2348 1618 2371 ;

503 2401 636 2451 Qcm
658 2399 693 2437 sc
716 2400 1010 2451 intorquentem
1032 2399 1195 2443 lanians,
1229 2399 1426 2451 rostroque
1448 2410 1671 2444 cruentans,

502 2467 590 2517 Jam
613 2465 744 2504 satiata
765 2467 931 2512 animos,
957 2467 1042 2519 jam
1062 2465 1179 2504 duros
1201 2465 1282 2504 ulta
1303 2465 1473 2511 dolores,
