2241 2994
555 235 634 276 32²

554 319 688 364 habuit,
714 320 845 369 quibus
863 321 932 369 ipse
947 333 1029 358 cum
1047 323 1088 359 P.
1107 323 1220 358 Servi-

553 368 602 404 lio
631 369 747 405 consul
777 380 911 406 creatus
939 371 1000 414 est,
1038 382 1078 406 ut
1106 372 1222 408 scribit

549 416 606 453 lib.
627 418 690 454 111.
717 418 754 454 de
769 418 854 454 Bello
871 419 983 463 Civili,
1008 430 1078 467 cap.
1103 433 1131 456 ι.

549 606 660 646 Anno
681 607 790 647 Urbis
809 621 904 662 705.
947 609 1127 648 Ciceronis
1149 622 1213 662 59.

691 676 883 715 Consules
913 676 1076 715 fuerunt

575 736 625 775 C.
655 736 818 788 JULIUS
851 737 1018 776 CAEsAR
1051 738 1107 783 ΙΙ,
1140 737 1186 776 P.

659 798 905 836 SERVILlus
936 799 1103 837 VA‘riA

745 859 1015 898 ISAURlcus.

595 955 666 991 His
707 955 908 991 consulibus
944 956 1056 1004 pridie
1090 956 1212 991 Nonas

544 1003 686 1050 januar.
713 1004 828 1040 Caefar
844 1005 1040 1040 Brundusio
1065 1005 1099 1040 in
1126 1005 1211 1052 Epi-

543 1065 623 1088 rum
657 1063 776 1088 contra
816 1053 1027 1101 Pompeium
1067 1051 1212 1100 trajecit,

541 1101 596 1136 lib.
632 1101 695 1137 111.
733 1100 772 1136 de
800 1102 888 1137 Bello
921 1102 1035 1143 Civili,
1074 1112 1142 1148 cap.
1177 1101 1210 1137 6.

541 1149 623 1185 Post
641 1150 736 1185 Non.
756 1150 859 1186 Febr.
899 1150 1022 1186 Cicero
1038 1163 1057 1186 e
1075 1150 1211 1186 Graecia

542 1199 584 1233 ad
603 1199 767 1233 Atticum
785 1199 881 1235 dedit
909 1201 990 1246 epist.
1012 1211 1043 1235 2.
1071 1200 1124 1234 lib.
1145 1199 1209 1235 XI.

540 1247 684 1283 Obsess'o
701 1260 722 1282 a
746 1247 880 1283 Caesare
898 1259 933 1284 et
950 1248 1212 1283 circumvallato

540 1295 710 1342 Pompeio
752 1297 846 1344 apud
891 1297 1126 1344 Dyrrachium
1167 1297 1208 1332 P.

538 1345 724 1381 Dolabella
740 1347 783 1381 ad
801 1346 1002 1382 Ciceronem
1019 1345 1109 1381 misit
1125 1345 1209 1392 epist.

539 1408 573 1442 9.
599 1395 652 1429 lib.
672 1395 738 1429 lX.
765 1395 879 1430 Famil.

586 1443 702 1479 Nonis
727 1443 824 1489 Junii
855 1443 890 1478 in
917 1443 1034 1479 castris
1060 1442 1150 1478 fuit:
1188 1455 1207 1478 e

537 1492 668 1540 quibus
692 1493 735 1528 ad
758 1492 921 1528 Atticum
943 1492 1039 1528 dedit
1066 1493 1149 1538 epist.
1172 1505 1204 1538 3.

536 1541 592 1576 lib.
629 1542 695 1579 Xl.
733 1551 768 1577 et
800 1541 1022 1588 sequentem:
1063 1541 1098 1576 in
1135 1553 1206 1589 qua

536 1588 653 1625 scribit
679 1589 712 1626 se
739 1590 866 1626 confici
894 1589 1134 1632 sollicitudine,
1163 1601 1206 1625 ex

536 1650 607 1686 qua
630 1639 734 1674 etiam
759 1639 891 1674 summa
921 1639 1100 1674 infirmitas
1129 1651 1205 1674 cor-

534 1687 628 1733 poris
661 1687 842 1723 consecuta
870 1688 921 1723 fit.
974 1689 1095 1736 ltaque
1123 1699 1206 1722 cum

535 1736 738 1784 Pompeius,
764 1737 924 1772 transsato
943 1735 976 1771 in
996 1736 1204 1771 Theffaiiam

535 1784 638 1828 bello,
693 1786 788 1833 apud
836 1785 1043 1821 Pharsaliam
1094 1786 1209 1820 media

534 1834 660 1876 aestate,
687 1845 727 1869 ut
746 1834 952 1870 Plutarchus
967 1837 1000 1868 in
1018 1837 1118 1870 Bruto
1135 1843 1201 1869 tra-

533 1882 597 1924 dit,
623 1895 643 1917 a
661 1883 793 1918 Caesare
811 1883 924 1918 viRus
940 1883 1000 1925 est,
1025 1883 1149 1918 Cicero
1168 1883 1200 1917 in

534 1931 605 1966 acie
630 1944 698 1967 non
729 1931 809 1974 fuit,
836 1942 876 1967 ut
906 1931 1021 1967 scribit
1051 1932 1094 1966 ad
1124 1932 1199 1967 1²ae-

533 1991 609 2015 tum
641 1989 689 2025 ep.
726 1983 779 2016 18.
818 1980 873 2015 lib.
905 1981 968 2015 lx.
995 1980 1112 2015 Famil.
1147 1981 1201 2015 sed

531 2029 688 2064 remansit
717 2030 749 2063 in
778 2029 906 2072 castris,
933 2039 973 2064 ut
1002 2029 1128 2064 Livius
1144 2029 1196 2063 lib.

530 2079 629 2113 CXI.
669 2077 820 2125 scripsit:
865 2078 957 2112 unde
992 2077 1200 2113 Plutarchus

530 2130 562 2160 in
579 2127 724 2161 Cicerone
740 2126 809 2161 ait:
840 2131 860 2161 οἱ
886 2131 984 2174 μάχης
1009 2133 1022 2161 ὲ
1047 2129 1148 2172 fani-Q
1168 2128 1199 2161 Ji*

529 2179 676 2224 ὺρξωςίυ,
705 2175 737 2210 id
763 2175 822 2218 est,
843 2175 954 2222 pralio
965 2183 1094 2222 propter
1110 2175 1196 2218 infir-

528 2233 667 2259 mimum
686 2226 818 2270 corporis
836 2236 894 2258 non
911 2224 1067 2268 interfuit.

578 2275 685 2308 Erant
703 2285 784 2308 cum
798 2273 964 2308 Cicerone
980 2273 1146 2307 M.Varro
1163 2282 1197 2307 et

529 2324 582 2358 Μ.
613 2324 714 2363 Cato,
741 2322 794 2357 lib.
827 2324 853 2357 l.
880 2321 918 2356 de
947 2323 1100 2357 Divinat.
1128 2331 1194 2367 cap.

528 2382 585 2415 32.
637 2373 804 2406 Catonem
835 2371 1030 2418 Dyrrachii,
1064 2380 1101 2405 ut
1133 2370 1194 2404 ini·

526 2419 728 2466 pedimentis
747 2419 905 2467 prasidio
922 2420 1014 2462 esset,
1040 2431 1120 2454 cum
1142 2431 1190 2453 xv

525 2469 726 2504 cohortibus
763 2481 783 2503 a
826 2469 992 2516 Pompeio
1034 2469 1192 2504 relictum

869 226 934 266 M.
994 228 1049 267 T.
1109 227 1639 269 CICERONIS

1271 323 1370 360 fuisse
1387 324 1595 361 Plutarchus
1611 326 1646 359 in
1664 325 1810 370 Pompeio
1825 334 1860 360 et
1876 327 1940 362 Ca-

1271 381 1341 408 tone
1370 375 1490 409 auftor
1518 374 1577 409 est.
1622 375 1653 407 V
1658 374 1726 409 icio
1756 375 1939 421 Pompeio,

1269 423 1358 458 Cato
1388 423 1520 470 (inquit
1544 423 1752 458 Plutarchus
1767 425 1801 457 in
1817 424 1938 459 Cicero-

1268 474 1322 514 ne)
1341 471 1404 518 qui
1432 472 1548 518 copias
1575 484 1715 518 magnas
1733 472 1940 519 classemque

1270 520 1666 615 ffi⁸g3ff2¹¹1¹1÷03y22⁶1¹¹22
1683 520 1938 604 iffi-0:5¹

1267 625 1336 650 tate
1352 615 1520 651 consulari
1540 599 1738 663 praestaret?
1753 582 1938 664 impeii’um

1266 663 1451 699 deferebar.
1503 665 1615 712 Qod
1632 677 1714 700 cum
1733 665 1790 700 ille
1807 665 1937 701 recusa-

1266 723 1334 755 ret,
1385 712 1615 761 militiamque
1665 713 1938 761 subterfugeret,

1266 761 1411 809 propius
1426 760 1559 797 factum
1576 762 1624 797 est
1651 762 1736 797 nihil
1765 775 1871 810 quam
1896 773 1939 799 ut

1265 811 1491 851 occideretur,
1517 823 1599 846 cum
1624 821 1658 846 et
1680 812 1869 859 Pompeius
1892 812 1935 847 fi-

1265 858 1346 900 lius,
1372 869 1407 894 et
1424 859 1526 894 amici
1546 872 1627 894 eum
1645 860 1857 907 proditorem
1874 873 1936 908 ap·

1265 908 1443 954 pellarent‚
1475 908 1676 955 gladiosque
1705 908 1934 956 stringerent·‚

1263 955 1318 991 sed
1337 956 1427 991 Cato
1457 957 1604 992 resistens
1631 957 1692 991 vix
1719 957 1820 992 illum
1843 958 1935 993 caedi

1261 1004 1399 1051 eripuit,
1432 1014 1467 1039 et
1494 1017 1537 1040 ex
1564 1005 1679 1040 castris
1708 1006 1856 1041 removit
1884 1017 1934 1041 at-

1262 1065 1332 1100 que
1357 1053 1541 1100 ablegavit.
1591 1053 1687 1088 Haec
1711 1054 1932 1091 Plutarchus.

1262 1102 1318 1150 Q
1331 1101 1468 1144 Cicero,
1492 1101 1547 1136 lib.
1571 1102 1598 1137 1.
1624 1101 1663 1136 de
1678 1102 1834 1139 Divinas.
1860 1112 1931 1150 cap.

1263 1161 1321 1195 3²-
1348 1149 1450 1186 refert
1467 1150 1665 1186 Labienum
1682 1162 1725 1186 ex
1742 1151 1937 1188 Pharsalica

1260 1197 1346 1247 fuga
1377 1199 1411 1234 in
1438 1199 1545 1235 castra
1573 1200 1711 1243 venisse,
1738 1200 1933 1237 interitum-

1260 1260 1330 1295 que
1362 1248 1531 1284 exercitus
1575 1249 1791 1292 nuntiaviffe,
1826 1260 1933 1298 atque

1260 1296 1308 1332 ita
1338 1296 1426 1344 ipsos
1466 1296 1579 1332 subito
1608 1298 1804 1345 perterritos
1834 1309 1930 1335 metu

1260 1357 1364 1380 naves
1381 1345 1616 1381 conscendiffe.

1309 1394 1499 1429 Vic‘toriam
1518 1395 1626 1442 igitur
1639 1394 1783 1431 Caesaris
1806 1395 1932 1432 Cicero

1257 1442 1339 1478 belli
1358 1443 1461 1477 finem
1486 1442 1548 1478 fibi
1578 1442 1671 1479 fecit.
1724 1444 1800 1479 Nec
1826 1455 1927 1491 puta-
1996 1451 2006 1457 ‘

1258 1491 1321 1534 vit,
1358 1503 1441 1526 cum
1470 1492 1591 1539 integri
1622 1504 1718 1539 pares
1749 1505 1818 1527 non
1844 1493 1927 1528 fuis-

1256 1540 1338 1583 sent,
1364 1538 1490 1575 fra&os
1508 1540 1695 1588 superiores
1713 1539 1798 1584 fore,
1823 1551 1870 1588 ep.
1892 1554 1927 1588 3.

1255 1589 1308 1624 Ii'b.
1340 1589 1422 1624 VII.
1459 1589 1573 1624 Famil.
1616 1590 1685 1625 Dio
1713 1590 1768 1625 lib.
1804 1591 1926 1627 XLII.

1256 1637 1372 1673 scribit
1400 1637 1602 1674 Ciceronem
1635 1650 1717 1673 cum
1749 1639 1928 1675 nonnullis

1256 1686 1330 1722 aliis
1348 1686 1556 1723 senatoribus
1581 1687 1750 1723 continuo
1773 1689 1925 1724 Romam

1254 1735 1428 1783 profectos
1456 1736 1543 1771 effe:
1586 1735 1655 1784 ipse
1678 1737 1760 1782 epist.
1793 1738 1826 1772 6.
1866 1737 1922 1773 lib.

1255 1785 1320 1820 Xl.
1349 1783 1483 1820 adAu.
1510 1785 1570 1827 ait,
1596 1786 1626 1819 se
1655 1785 1688 1820 in
1714 1785 1848 1820 ltaliam
1866 1799 1924 1821 ve·

1253 1833 1334 1868 niffe
1374 1845 1443 1868 non
1485 1835 1687 1869 arcessitum.
1748 1835 1926 1870 Terentia:

1251 1881 1923 1979 Ei'ssss‘ssfa‘iussssi'iiedssssflv‘i‘lissvffissffffl'

1250 1980 1445 2015 Brundusio
1474 1979 1649 2028 rescripsit,
1688 1989 1736 2026 ep.
1773 1992 1826 2016 ιι.
1865 1983 1919 2016 lib.

1248 2029 1346 2064 xiv.
1374 2030 1462 2064 Fam.

1299 2077 1482 2112 Brundusii
1514 2077 1638 2112 Cicero
1674 2077 1734 2112 diu
1767 2088 1920 2115 moratus

1246 2126 1306 2167 est.
1344 2125 1513 2161 Caesarem
1541 2126 1738 2173 expediam,
1773 2127 1858 2162 dum
1892 2129 1922 2164 is

1247 2175 1323 2222 post
1385 2175 1546 2222 praelium
1598 2175 1831 2211 Pharsalicum
1884 2178 1918 2213 in

1250 2224 1446 2271 AEgyptum
1461 2222 1649 2271 profectus,
1665 2224 1794 2259 bellum
1811 2225 1917 2261 Alex-

1247 2273 1428 2306 andrinum
1448 2274 1555 2319 gessit,
1581 2282 1615 2307 et
1645 2273 1853 2309 Pharnacem
1882 2275 1924 2310 in.

1247 2321 1361 2356 Ponto
1380 2321 1559 2368 superavit.

1297 2370 1528 2405 Brundusium
1556 2382 1700 2417 quoque
1726 2370 1781 2405 M.
1801 2371 1917 2406 Anto-

1244 2419 1319 2454 nius
1351 2419 1425 2466 post
1452 2419 1632 2454 victori-im
1657 2431 1738 2454 cum
1770 2420 1913 2466 legioni·

1244 2468 1310 2503 bus
1345 2467 1452 2511 venit,
1487 2478 1521 2504 et
1551 2467 1711 2505 Ciceroni
1748 2470 1918 2517 pepercit.
