2335 3009
776 218 1389 262 FRAGMENTA.
1706 236 1780 278 ¹07

439 312 687 367 lWARcEL]
719 314 864 368 Neque
895 316 1002 354 enim
1033 315 1253 369 quidquam
1280 317 1387 356 aliud
1417 317 1470 356 est
1492 317 1675 364 felicitas,
1709 320 1776 358 nisi

383 379 633 419 honestarum
668 393 800 418 rerum
830 381 1092 434 prosperitas,
1124 382 1201 427 vel,
1234 392 1278 420 ut
1309 384 1386 421 alio
1419 384 1539 421 modo
1573 383 1775 429 definiam,

386 446 570 484 Felicitas
597 445 651 484 est
677 444 850 491 fortuna,
882 446 1055 498 adjutrix
1084 447 1337 486 consiliorum
1372 448 1597 494 bonorum;
1630 449 1776 501 quibus

382 512 452 563 qui
474 525 552 549 non
575 512 715 557 utitur,
747 510 846 550 felix
867 512 979 550 nullo
1001 514 1111 565 pacto
1131 512 1204 550 effe
1224 512 1362 566 potest.
1410 515 1518 565 Ergo
1549 514 1589 550 in
1612 515 1774 565 perditis

383 576 596 629 impiisque
627 577 814 622 confinis,
847 577 993 630 quibus
1016 577 1142 616 Caesar
1163 577 1252 616 usus
1273 588 1368 623 erat,
1401 579 1510 616 nulla
1541 579 1672 630 potuit
1705 579 1776 616 effe

382 642 579 682 felicitas:
626 642 861 696 feliciorque
895 658 984 682 meo
1013 644 1169 696 judicio
1205 645 1400 683 Camillus
1436 644 1614 688 exulans,
1657 657 1776 696 quam

383 709 629 761 temporibus
661 708 800 747 iisdem
832 709 1027 755 Manlius,
1059 709 1222 756 etiamfi,
1253 710 1294 748 id
1327 710 1434 763 quod
1465 709 1655 762 cupierat,
1687 723 1776 762 reg-

380 787 471 812 nare
490 773 690 827 potuisset.

658 990 742 1029 An
788 990 839 1029 C.
886 990 1231 1035 (messinam,
1275 1003 1324 1028 ex
1358 989 1431 1029 lib.
1465 990 1499 1029 Ι.

438 1098 560 1138 NoN.
592 1097 770 1150 Dicare.]
803 1098 973 1136 Balbum
994 1099 1133 1151 quanti
1153 1097 1311 1145 faciam,
1343 1112 1543 1152 quamque
1563 1098 1598 1137 ei
1628 1112 1691 1137 me
1712 1107 1776 1137 to-

382 1171 470 1202 tum
492 1164 718 1209 dicaverim,
748 1177 797 1202 ex
816 1163 901 1216 ipso
922 1163 1031 1202 scies.

440 1230 561 1268 Non.
595 1229 777 1282 Conſs’qui.
810 1228 974 1280 Honor.]
1007 1230 1119 1267 Tum
1150 1242 1245 1267 cum
1275 1242 1333 1275 ea,
1368 1244 1456 1283 quae
1486 1242 1526 1268 es
1561 1229 1609 1267 ab
1644 1229 1776 1268 senatu

381 1294 539 1333 summo
558 1308 653 1333 cum
673 1293 824 1332 honore
844 1294 1092 1332 consecutus.

438 1361 561 1400 NON.
592 1359 831 1414 Improbum]
855 1360 987 1399 Debes
1008 1359 1126 1398 odifi‘e
1146 1359 1444 1413 improbitatem
1463 1361 1563 1413 ejus,
1585 1359 1678 1412 quia
1697 1359 1776 1398 im·

381 1426 708 1480 pudentiffimum
730 1440 875 1465 nomen
896 1426 1099 1479 delegerit.

437 1493 560 1532 Nou.
592 1489 738 1544 fuera]
770 1493 829 1531 Ut
849 1491 978 1538 sciret,
1008 1492 1156 1544 majore
1176 1505 1269 1530 cura
1289 1490 1434 1530 tuenda
1453 1491 1540 1537 effe,
1563 1505 1649 1544 quae
1669 1498 1778 1543 parta

383 1557 487 1597 sunt.

721 1674 803 1711 AD
852 1685 1136 1719 EUNDEM,
1180 1685 1228 1711 ex
1262 1672 1335 1711 lib.
1369 1673 1431 1712 II.

436 1783 559 1823 Non.
590 1781 768 1835 Locare.]
800 1782 875 1821 Vel
897 1782 1004 1835 quod
1024 1782 1170 1820 locatio
1190 1781 1259 1819 ista
1278 1781 1458 1833 pretiosa.

435 1849 558 1889 NON.
590 1847 769 1901 Patara]
803 1848 924 1901 Qod
944 1848 1135 1902 sapientes
1155 1846 1338 1886 homines
1360 1861 1402 1885 ac
1426 1846 1520 1885 boni
1541 1855 1697 1900 putant.

435 1915 601 1953 CAnxs.
633 1914 696 1954 lib.
733 1912 786 1966 1.]
832 1914 978 1968 Neque
1011 1927 1084 1968 pro
1118 1921 1234 1952 cauto
1269 1926 1312 1951 ac
1348 1912 1539 1966 diligente
1573 1912 1609 1951 se
1643 1911 1773 1951 castris

380 1980 597 2019 continuit.

434 2046 557 2085 Non.
589 2043 898 2097 Monumentum]
945 2044 1018 2083 Sed
1052 2057 1141 2098 ego,
1172 2057 1259 2098 quae
1293 2044 1546 2083 monumenti
1580 2043 1679 2082 ratio
1712 2042 1773 2086 fit,

379 2111 542 2149 nomine
561 2111 646 2166 ipso
665 2111 894 2151 admoneor.
940 2111 1006 2150 Ad
1038 2111 1272 2150 memoriam
1304 2111 1429 2164 magis
1461 2110 1627 2164 spectare
1658 2109 1774 2148 debet

379 2175 629 2229 posteritatis,
660 2191 780 2231 quarn
801 2177 848 2216 ad
868 2177 1067 2231 praesentis
1089 2176 1279 2230 temporis
1299 2177 1482 2230 gratiam.

707 2311 790 2349 An
838 2323 1122 2357 ΕυΝυεΜ,
1166 2323 1215 2349 ex
1244 2309 1318 2348 lib.
1352 2308 1442 2347 111.

440 2417 561 2456 Non.
593 2417 828 2471 Dimittere.]
861 2421 961 2472 Qae
982 2419 1008 2458 fi
1029 2418 1195 2464 videres.
1227 2431 1307 2458 non
1336 2418 1384 2457 de
1405 2416 1582 2457 exercitu
1604 2417 1778 2456 retinen-

385 2481 436 2523 do
457 2483 575 2530 tueri,
606 2483 671 2523 sed
689 2498 736 2524 eo
756 2485 916 2531 tradito,
946 2494 1013 2525 aut
1033 2485 1203 2525 dimiss‘o.

1385 2550 1423 2588 O
1457 2562 1478 2587 2
