2335 3009
754 203 863 248 AD
939 201 1346 243 BRUTUM.
1696 205 1749 261 85

359 304 514 344 civibus
534 299 725 355 repulisti,
754 300 845 353 plus
865 297 1051 353 profuiffe
1069 299 1219 352 patriae,
1244 313 1380 353 quam,
1410 299 1438 340 fi
1458 308 1610 341 mature
1629 315 1748 342 vene-

361 371 429 417 ris,
457 366 730 423 profuturum.
763 377 799 403 11
824 365 885 404 Id.
908 365 1054 417 Qint.

759 566 1002 605 CICERO
1052 566 1267 605 BRuTo
1316 564 1357 604 S.

362 697 456 737 XV.
480 695 574 770 M
591 697 626 735 E
644 695 667 734 S
684 694 706 733 S
721 693 915 732 ALAM
945 693 1081 734 habes.
1115 694 1275 746 Qibus
1295 694 1419 747 igitur
1437 694 1562 734 literis
1583 705 1665 737 tam
1684 711 1754 737 ac-

595 769 727 799 curate
747 759 901 812 scriptis
922 759 1067 812 affequi
1085 760 1254 813 poffum,
1271 760 1456 800 subtilius
1474 772 1518 801 ut
1538 764 1753 816 explicem,

360 842 449 883 quae
468 835 670 881 gerantur,
691 838 859 878 quaeque
878 825 953 863 sint
973 825 1014 863 in
1036 825 1253 878 republica,
1275 840 1394 880 quam
1417 827 1491 865 tibi
1512 828 1544 866 is
1565 839 1752 882 exponet,

361 895 432 948 qui
452 904 491 932 et
511 893 663 946 optime
683 891 818 930 omnia
836 891 963 936 novit,
984 900 1023 929 et
1042 891 1323 944 elegantiffime
1342 893 1525 945 expedire
1546 904 1584 932 et
1604 895 1755 934 deferre

361 959 409 998 ad
430 969 468 998 te
489 958 644 1013 potest?
679 958 782 996 Cave
802 957 910 1005 enirn
930 956 1142 1003 existimes,
1174 958 1310 1004 Brute,
1335 960 1579 1013 (quanquam
1601 974 1679 999 non
1701 961 1756 999 est

362 1025 510 1063 necesse
529 1038 573 1062 ea
592 1037 655 1061 me
675 1022 722 1060 ad
743 1031 795 1068 te,
827 1036 913 1075 quae
933 1022 1007 1060 tibi
1040 1032 1134 1061 nota
1163 1023 1268 1069 sunt,
1299 1023 1493 1063 scribere:
1525 1025 1589 1063 sed
1622 1035 1754 1064 tamen

362 1099 512 1128 tantam
529 1089 711 1127 omnium
728 1087 890 1125 laudum
908 1088 1184 1126 excellentiam
1204 1102 1283 1126 non
1301 1102 1404 1141 queo
1419 1089 1573 1128 silentio
1592 1099 1753 1143 praeter-

363 1155 438 1206 ire)
462 1168 552 1193 cave
572 1162 701 1206 putes,
732 1152 943 1205 probitate,
972 1152 1200 1198 constantia,
1223 1167 1329 1199 cura,
1362 1154 1490 1192 studio
1510 1155 1755 1207 reipublicae,

364 1220 584 1274 quidquam
604 1218 665 1255 illi
685 1217 758 1255 effe
778 1217 929 1256 simile:
962 1228 1007 1255 ut
1037 1218 1278 1270 eloquentia,
1310 1233 1388 1271 qua
1417 1220 1652 1258 mirabiliter
1682 1235 1756 1259 ex-

365 1286 490 1330 cellit,
521 1285 588 1322 vix
608 1284 649 1321 in
670 1296 715 1321 eo
735 1283 871 1321 locum
891 1282 938 1319 ad
959 1282 1199 1320 laudandum
1218 1283 1361 1321 habere
1380 1285 1571 1323 videatur.
1613 1287 1753 1337 Qan-

364 1363 484 1404 quam
518 1350 561 1388 in
594 1347 668 1388 hac
701 1349 796 1402 ipsa,
827 1347 1015 1401 sapientia
1044 1347 1134 1400 plus
1166 1358 1352 1401 apparet;
1383 1349 1438 1387 ita
1467 1351 1575 1401 gravi
1601 1352 1758 1402 judicio

364 1417 570 1470 multaque
589 1425 670 1454 arte
690 1415 726 1454 se
747 1415 924 1454 exercuit
956 1415 997 1452 in
1017 1414 1211 1452 veriffimo
1239 1429 1380 1467 genere
1411 1416 1582 1454 dicendi.
1627 1418 1758 1455 Tanta

364 1493 496 1522 autem
529 1482 718 1521 industria
751 1480 819 1526 est,
864 1489 1099 1532 tantumque
1137 1481 1298 1533 evigilat
1336 1483 1376 1519 in
1413 1481 1554 1527 studio,
1599 1492 1643 1520 ut
1677 1497 1759 1522 non

365 1549 538 1588 maxima
569 1547 730 1600 ingenio
754 1546 880 1599 (quod
911 1547 951 1584 in
973 1560 1019 1584 eo
1039 1546 1240 1585 summum
1261 1547 1333 1599 est)
1355 1549 1479 1600 gratia
1498 1547 1676 1587 habenda
1696 1550 1757 1587 vi-

365 1615 515 1653 deatur.
562 1613 635 1651 Sed
666 1611 862 1665 provehor
891 1625 1037 1650 amore.
1083 1612 1179 1651 Non
1211 1613 1318 1651 enim
1350 1613 1392 1651 id
1425 1614 1669 1667 propositum
1704 1615 1758 1653 est

365 1679 461 1720 huic
496 1678 681 1732 epistolae,
721 1677 927 1716 Meffalam
961 1687 1005 1716 ut
1039 1678 1210 1724 laudem,
1241 1678 1454 1732 praesertim
1489 1679 1536 1717 ad
1569 1681 1756 1726 Brutum,

366 1746 431 1785 cui
452 1754 491 1784 et
510 1746 634 1783 virtus
656 1744 764 1782 illius
787 1757 866 1782 non
886 1744 1035 1789 minus,
1066 1758 1187 1797 quam
1218 1744 1335 1789 mihi,
1367 1754 1460 1783 nota
1489 1745 1570 1791 est3
1603 1755 1642 1784 et
1672 1746 1757 1785 haec

366 1812 447 1866 ipsa
477 1811 615 1856 studia,
647 1824 734 1863 quae
765 1809 897 1855 laudo,
930 1811 1108 1849 notiora:
1142 1825 1261 1863 quern
1293 1825 1385 1849 cum
1417 1825 1437 1849 a
1466 1824 1530 1849 me
1550 1811 1757 1852 dimittens

366 1879 535 1932 graviter
568 1877 727 1922 ferrem,
766 1875 844 1915 hoc
876 1877 1030 1915 levabar
1061 1891 1155 1922 uno,
1187 1877 1293 1930 quod
1325 1877 1371 1915 ad
1404 1887 1456 1923 te,
1489 1887 1675 1931 tanquam
1710 1880 1757 1917 ad

367 1945 534 1983 alterum
569 1957 648 1988 me,
688 1941 957 1995 proficiscens,
995 1951 1034 1981 et
1067 1943 1200 1982 officio
1233 1942 1488 1995 fungebatur,
1527 1953 1565 1982 et
1600 1945 1758 1984 laudem

367 2010 581 2049 maximam
614 2009 860 2061 sequebatur.
906 2008 979 2046 Sed
1005 2007 1089 2047 haec
1115 2008 1317 2048 hactenus.
1360 2010 1490 2047 Venio
1510 2023 1616 2048 nunc
1637 2011 1762 2064 longo

369 2076 455 2115 sane
486 2076 693 2115 intervallo
724 2075 771 2113 ad
803 2074 999 2128 quandam
1030 2075 1249 2128 epistolam,
1280 2089 1357 2129 qua
1388 2076 1490 2115 mihi
1521 2077 1648 2115 multa
1683 2079 1756 2115 tri-

370 2143 509 2188 buens,
540 2156 666 2181 unum
688 2140 1011 2195 reprehendebas,
1042 2142 1149 2195 quod
1181 2143 1221 2180 in
1254 2141 1472 2180 honoribus
1505 2143 1758 2181 decernendis

369 2207 484 2245 effem
511 2208 675 2252 nimius,
706 2216 745 2245 et
777 2216 962 2260 tanquam
995 2208 1197 2260 prodigus·
1243 2209 1309 2246 Tu
1331 2207 1435 2245 hoc:
1468 2207 1565 2245 alius
1586 2207 1756 2254 fortasse,

369 2273 475 2326 quod
496 2273 537 2311 in
558 2274 886 2313 animadverfione
905 2287 1098 2326 poenaque
1118 2275 1278 2319 duri0r;
1312 2274 1381 2312 nifi
1414 2273 1515 2311 forte
1543 2283 1774 2326 utrumque>

369 2348 428 2377 tu.
475 2338 595 2389 Qod
626 2339 652 2376 fi
684 2339 738 2377 ita
767 2339 834 2384 est,
868 2340 1069 2391 utriusque
1096 2341 1150 2378 rei
1170 2339 1520 2390 meumjudicium
1542 2339 1615 2376 tibi
1637 2341 1757 2392 cupio

370 2405 442 2443 effe
477 2404 746 2443 notissimum:
781 2419 906 2457 neque
938 2407 1079 2452 solum,
1112 2416 1155 2445 ut
1188 2406 1341 2444 Solonis
1374 2405 1524 2444 dietum
1556 2405 1756 2459 usurpem,

368 2471 440 2525 qui
459 2480 498 2509 et
518 2470 815 2524 sapientissimus
836 2471 917 2512 fuit
935 2486 982 2513 ex
1004 2472 1166 2527 septem,
1188 2481 1227 2512 et
1247 2472 1380 2525 legum
1401 2471 1565 2526 scriptor
1586 2472 1687 2511 solus
1708 2485 1766 2512 ex>
