2335 3009
519 208 596 249 126
952 207 1474 250 POEMATUM

515 305 756 360 Sparserunt,
787 305 943 346 lethum
963 307 1148 346 moerenti
1168 321 1262 346 voce
1282 319 1479 349 canentes,

513 373 637 412 Hunc
659 373 821 412 Orionis
842 373 912 412 sub
933 373 1027 412 laeva
1045 388 1201 412 cernere
1220 374 1354 427 planta

513 439 739 491 Serpentem
762 439 922 491 poteris,
953 452 1190 493 proceraque
1211 441 1340 478 vincla
1360 441 1526 488 videbis,

514 505 614 556 Qae
635 506 804 542 retinent
825 505 968 550 Pisces,
999 505 1211 543 caudarum
1232 516 1340 558 parte
1360 507 1499 553 locata,

513 570 701 608 Flumine
721 571 846 609 mixta
865 580 968 609 retro
987 571 1035 609 ad
1057 571 1228 609 Pistricis
1251 581 1356 624 terga
1377 574 1531 613 reverti,

512 635 595 674 Hic
617 649 692 674 una
712 635 820 674 stella
839 638 1064 682 nefituntur,
1095 650 1214 689 quam
1229 638 1327 689 jacit
1348 652 1395 676 ex
1416 639 1453 677 se

511 700 685 740 Pistricis
706 702 824 754 spinae
845 702 971 740 valida
989 716 1082 740 cum
1105 703 1192 740 luce
1214 702 1430 755 refulgens.

512 766 669 804 Exinde
689 769 839 819 exiguae
860 767 970 805 tenui
990 781 1084 805 cum
1106 767 1257 806 lumine
1278 769 1429 815 multae‚

512 831 622 869 Inter
643 831 847 870 Pistricem
868 831 962 870 fusae
983 832 1195 886 sparsaeque
1216 833 1414 880 videntur,

510 897 646 949 Atque
664 897 951 950 gubernaclum
972 898 1105 944 stellae,
1136 912 1232 951 quas
1253 901 1431 952 contegit
1450 913 1587 940 omnes

510 962 744 1001 Formidans
765 977 894 1002 acrem
913 963 1088 1003 morsum
1108 965 1242 1017 Lepus
1257 983 1268 1009 ς
1300 964 1363 1004 his
1384 979 1512 1018 neque
1532 979 1692 1013 nomen,

509 1027 599 1066 Nec
618 1027 789 1067 formam
808 1038 955 1068 veteres
976 1039 1123 1067 certam
1143 1029 1310 1067 statuiffe
1330 1031 1528 1077 videntur,

510 1091 619 1130 Nam
639 1107 727 1145 quae
747 1093 936 1132 fideribus
956 1094 1070 1132 claris
1091 1103 1228 1131 natura
1246 1094 1390 1146 polivit

506 1157 560 1195 Et
579 1158 686 1196 vario
705 1159 838 1211 pinxit
857 1158 1100 1211 distinguens
1122 1159 1275 1198 lumine
1295 1158 1457 1208 formas,

507 1223 607 1263 Haec
628 1223 697 1262 ille
717 1224 905 1263 astrorum
925 1224 1054 1263 custos
1075 1225 1224 1263 ratione
1243 1227 1411 1273 notavit,

506 1289 702 1342 Signaque
723 1290 886 1342 signavit
906 1290 1070 1329 caelestia
1088 1291 1250 1329 nomine
1270 1305 1361 1330 vero
1378 1307 1388 1331 ε

505 1354 590 1392 Has
611 1365 742 1393 autem
763 1370 848 1408 qua:
871 1356 959 1394 sunt
979 1370 1098 1409 parvo
1119 1370 1212 1395 cum
1232 1357 1385 1396 lumine
1405 1357 1499 1398 fusae

504 1421 714 1458 Confimili
735 1421 860 1474 specie
882 1421 1022 1468 stellas,
1053 1422 1248 1476 parilique
1270 1424 1412 1470 nitore,

505 1487 601 1526 Non
622 1487 754 1539 potuit
776 1487 889 1525 nobis
912 1497 1003 1526 nota
1023 1488 1166 1526 clarare
1187 1489 1325 1542 figura.

503 1552 661 1591 Exinde
682 1552 883 1592 australem
906 1553 1010 1592 soliti
1032 1568 1152 1607 quem
1172 1555 1300 1594 dicere
1322 1556 1489 1603 Piscem,

503 1618 692 1656 Volvitur
712 1617 877 1669 inferior
897 1621 1142 1673 Capricorno
1162 1621 1290 1660 versus
1312 1623 1358 1660 ad
1379 1623 1586 1670 Austrum,

503 1683 707 1722 Pistr1cem
728 1684 948 1731 observans,
979 1687 1118 1738 procul
1140 1687 1221 1726 illis
1244 1688 1421 1728 Piscibus
1443 1688 1607 1730 haerens.

502 1751 559 1788 At
579 1763 701 1803 prope
721 1750 938 1804 conspicies
959 1763 1139 1805 expertes
1161 1755 1334 1793 nominis
1356 1769 1510 1802 omneS,

504 1816 612 1854 Inter
633 1815 852 1862 Pistricem,
883 1826 922 1856 et
944 1818 1096 1856 Piscem
1118 1833 1238 1872 quem
1260 1820 1434 1859 diximus
1455 1822 1605 1869 Austri,

501 1881 639 1920 Stellas
661 1881 731 1920 sub
753 1883 924 1922 Pedibus
947 1884 1076 1923 stratas
1100 1885 1284 1925 radiantis
1307 1889 1474 1940 Aquari.

501 1947 668 2001 Propter
688 1949 886 2002 Aquarius
907 1949 1120 1989 obscurum
1140 1951 1275 1991 dextra
1297 1954 1396 2006 rigat
1416 1968 1588 2002 amnem,

502 2014 664 2066 Exiguo
684 2014 754 2067 qui
777 2014 976 2054 stellarum
998 2017 1165 2055 candore
1186 2018 1357 2059 nitescit.

499 2081 534 2118 E
557 2080 696 2119 multis
719 2089 848 2119 tamen
871 2080 933 2121 his
954 2082 1034 2121 duo
1056 2083 1131 2122 late
1153 2084 1306 2124 lumina
1325 2085 1509 2140 fulgent:

498 2146 638 2185 Unum
662 2145 731 2184 sub
753 2147 906 2200 magnis
928 2148 1094 2201 pedibus
1115 2160 1297 2190 cernetur
1318 2153 1467 2205 Aquari
1487 2169 1497 2193 ε

497 2211 617 2263 Qod
639 2210 805 2265 superest
825 2212 957 2265 gelido
978 2213 1179 2267 delapsum
1203 2216 1366 2255 flumine
1387 2217 1511 2258 fontis

498 2277 734 2331 Spiniseram
755 2278 887 2318 subter
905 2280 1070 2320 caudam
1092 2281 1265 2321 Pistricis
1285 2283 1442 2324 adhaefit
1460 2300 1470 2324 ε

497 2344 551 2382 Et
573 2353 708 2383 tenues
729 2344 847 2385 stellae
866 2344 1125 2399 perhibentur
1145 2349 1307 2388 nomine
1327 2352 1455 2404 aquai.

497 2408 580 2447 Hic
600 2409 684 2448 aliae
704 2411 872 2450 volitant
891 2425 1011 2466 parvo
1029 2427 1122 2454 cum
1144 2413 1297 2454 lumine
1316 2416 1443 2463 clarae,

494 2475 630 2527 Atque
650 2476 777 2528 priora
797 2477 946 2531 pedum
964 2477 1134 2520 subeunt
1153 2479 1313 2534 vestigia
1332 2483 1466 2536 magni

1826 523 1903 564 395

1819 849 1902 888 400

1816 1177 1897 1219 405

1814 1509 1896 1547 410

1813 1839 1892 1880 415

1809 2170 1892 2209 420

1805 2499 1888 2540 ⁴25
