2335 3009
605 263 684 305 272

605 345 751 382 crimina
767 347 802 384 in
820 346 949 390 Sicilia,
971 346 1007 381 in
1018 344 1098 393 jure
1114 345 1274 389 dicendo,

607 395 794 432 commifl'a.

656 447 799 482 Tertius
834 446 920 482 liber
954 443 1003 480 est
1041 443 1084 479 de
1111 442 1276 480 frumenti

607 495 825 538 criminibus,
850 505 958 542 eaque
974 493 1085 528 oratio
1094 493 1275 538 frumenta-

606 547 658 581 ria
676 557 696 579 a
711 545 885 580 veteribus
903 542 1148 580 Grammaticis
1166 542 1275 578 norni-

607 604 720 630 natur.

659 644 818 691 Qartus
835 641 934 684 liber,
949 641 1004 676 seu
1016 639 1160 676 Verrina
1173 639 1276 681 sexta,

607 693 656 728 est
674 693 717 728 de
734 691 847 738 fignis.
886 690 1044 739 Qintus
1071 698 1106 724 et
1133 688 1278 724 ultimus

607 742 651 777 de
667 740 855 789 suppliciis».

657 791 764 825 Verre
791 789 968 830 damnato,
1000 796 1038 822 ut
1067 785 1276 822 Plutarchus

608 839 726 881 tradit,
753 849 837 873 cum
854 837 975 873 Cicero
993 836 1088 871 litem
1105 835 1136 870 ei
1165 834 1278 870 tricies

608 888 702 923 H-S.
747 886 950 928 aestimaffess
998 885 1087 920 male
1130 883 1278 926 audivit,

608 936 705 984 quasi
737 935 885 983 pecunia
909 943 1061 982 accepta,
1099 933 1142 968 de
1169 933 1279 968 multa

609 984 791 1021 remisisset.
819 985 932 1032 Apud
955 981 1183 1018 Plutarchum
1203 985 1280 1017 {ch-

608 1037 732 1080 μῆιων-ηι
759 1036 841 1070 πίνη
864 1036 1000 1078 paeni&
1024 1031 1068 1065 est
1090 1030 1201 1066 tricies
1219 1029 1278 1064 ses-

608 1083 748 1119 tertium
762 1095 770 1117 :
785 1081 968 1129 'siquidem
985 1080 1061 1116 ἐῖιωω
1077 1081 1159 1115 πέντε
1173 1083 1279 1123 pave-,14-

607 1139 654 1168 Δὶς
671 1131 718 1166 est
735 1131 845 1166 decies
870 1130 963 1165 H-S.
983 1138 1024 1164 ut
1043 1128 1134 1163 idem
1153 1127 1185 1162 in
1204 1129 1280 1162 An-

607 1179 706 1215 tonio
721 1179 872 1214 testatur.
907 1178 1040 1213 Verum
1065 1176 1219 1212 Budaeus
1246 1177 1282 1211 in

607 1229 700 1264 libris
729 1228 768 1263 de
792 1227 862 1274 Affe
891 1234 922 1262 et
953 1228 987 1261 in
1028 1226 1279 1267 Commentariis,

608 1276 719 1313 censet
745 1277 781 1312 in
809 1275 988 1312 Plutarchi
1016 1274 1112 1310 libris
1130 1274 1278 1311 verbum

608 1325 756 1369 σςιωωάω
777 1335 836 1361 aut
865 1324 960 1360 aliud
987 1323 1104 1360 deeffe.
1156 1323 1280 1360 Sester-

609 1375 699 1411 tium
725 1373 1004 1422 quadringenties
1031 1385 1051 1407 a
1071 1372 1180 1408 Verre
1206 1381 1281 1408 tan-

609 1433 686 1459 tum
705 1423 889 1471 repetitum
915 1422 979 1458 effe
1001 1421 1174 1458 Asconius
1201 1421 1280 1456 scri-

610 1472 673 1509 bit.

659 1521 732 1558 His
762 1521 842 1557 coff.
878 1519 1100 1556 tribuniciam
1134 1518 1281 1567 potesta-

609 1580 680 1606 tem
710 1570 901 1606 restitutam
926 1569 1002 1612 effe,
1039 1568 1220 1604 Sallustius
1249 1572 1282 1604 in

578 1664 581 1665 ⁷
609 1619 707 1655 Catil.
739 1630 805 1666 cap.
829 1622 886 1666 38.
913 1617 1039 1654 scribit.
1068 1618 1163 1653 {dem
1180 1617 1279 1652 estin

610 1668 694 1704 Liv.
729 1668 882 1716 epitoma
908 1668 961 1702 lib.
993 1667 1147 1702 XCVII.
1187 1667 1281 1714 apud

610 1717 785 1752 Velleium
811 1717 864 1752 lib.
890 1716 935 1751 11.
962 1725 1032 1762 cap.
1052 1727 1109 1761 30.
1135 1725 1169 1750 et
1197 1717 1281 1750 Plu-

609 1766 768 1802 tarchum
786 1767 820 1800 in
838 1766 991 1810 Pompeio.
1035 1764 1133 1799 Hinc
1152 1765 1207 1812 Q
1222 1764 1282 1799 Ci-

610 1827 690 1850 cero
706 1816 768 1851 lib.
787 1815 851 1850 111.
870 1815 912 1850 de
930 1813 1058 1862 Legib.
1077 1812 1136 1856 ait,
1149 1824 1225 1861 cap.
1246 1827 1280 1862 9.

611 1865 794 1910 Pompeium
817 1864 948 1908 nestrum
973 1865 1091 1898 caeteris
1111 1861 1201 1897 rebus
1219 1875 1282 1897 om-

610 1913 700 1949 nibus
732 1915 854 1959 semper
883 1911 1070 1958 ampliffimis
1099 1911 1283 1960 summisqite

609 1962 706 2008 effero
732 1962 898 2003 laudibus3
924 1961 961 1996 de
988 1961 1161 1996 tribunicia
1181 1963 1281 2007 potes·

610 2019 678 2046 tate
694 2018 780 2045 taceo
794 2024 804 2045 :
833 2022 886 2045 nec
902 2013 982 2045 enim
999 2008 1216 2056 reprehendere
1241 2011 1280 2044 li-

610 2060 673 2102 bet,
701 2072 753 2095 nec
769 2059 897 2095 laudare
909 2058 1034 2105 poffum.

661 2109 742 2144 Post
754 2107 888 2155 judicia
916 2119 934 2141 a
962 2107 1057 2154 Sylla
1084 2107 1282 2152 constituta,

611 2157 743 2193 senatus
763 2156 836 2204 jam
863 2169 906 2192 ex
935 2156 1008 2203 lege
1031 2157 1192 2191 Cornelia
1221 2169 1280 2203 per

610 2207 728 2242 decem
758 2218 865 2241 annos
894 2207 1040 2253 turpiter
1052 2204 1280 2252 judicaverat,

611 2257 658 2291 ita
693 2266 732 2291 ut
759 2254 975 2303 judiciorum
1016 2254 1153 2290 levitate
1194 2255 1281 2290 ordo

609 2317 753 2353 quoque
797 2303 882 2340 alius
912 2303 954 2339 ad
994 2315 1044 2339 res
1076 2302 1282 2351 judicandas

609 2354 851 2402 postularetur.

662 2404 745 2437 Hoc
778 2402 883 2449 igitur
915 2413 1005 2436 anno
1042 2401 1087 2437 L.
1117 2401 1282 2437 Aurelius

611 2452 716 2487 Cotta
743 2462 871 2499 prcetor
899 2451 1006 2498 legem
1037 2451 1080 2486 ad
1110 2452 1282 2500 populum

611 2501 704 2542 tulit,
732 2511 771 2535 ut
800 2501 963 2537 senatores
997 2512 1078 2536 cum
1107 2501 1284 2549 equitibus

918 249 984 289 M.
1042 249 1099 289 T.
1161 250 1693 295 CICERONIS

1323 355 1357 382 et
1375 345 1522 381 tribunis
1539 345 1667 382 aerariis
1681 344 1886 393 judicarent.
1938 348 1994 384 cn·-

1323 407 1400 437 cer0‚
1427 396 1562 431 Verrina
1591 395 1618 430 1.
1645 405 1712 442 cap.
1741 407 1774 441 3.
1799 403 1830 430 et
1847 395 1995 441 Asi-onius

1321 447 1355 479 in
1373 444 1509 479 eandem.
1552 444 1672 479 Livius
1701 444 1753 481 lib.
1783 445 1932 480 XCVII.
1963 451 1996 479 et

1325 493 1454 528 Velleius
1470 493 1517 528 11.
1543 501 1612 539 cap.
1633 503 1690 540 32.

1375 541 1510 577 Eodem
1541 553 1632 577 anno
1660 540 1823 577 Censores
1852 540 1996 577 fuemnt

1327 590 1463 625 Gellius
1481 590 1664 637 Poplicola
1678 600 1713 624 et
1729 591 1795 625 Cn.
1812 590 1996 625 Cornelius

1326 639 1512 681 Lentulus,
1551 638 1594 674 de
1622 638 1753 685 quibus
1786 639 1911 674 Cicero
1932 648 1997 685 pro

1327 687 1478 728 Cluentio,
1505 696 1572 733 cop.
1601 699 1659 731 42.
1713 687 1857 723 Lentuli
1882 687 1998 722 censo·

1328 737 1373 771 ris
1413 735 1570 771 meminit
1609 735 1712 772 etiarn
1749 737 1886 771 Verrina
1915 736 1995 772 vn.

1326 795 1394 831 cap.
1422 795 1453 830 7.
1475 793 1538 831 pro
1564 785 1688 828 Flacco,
1713 795 1782 832 cop.
1806 797 1861 833 19.
1886 792 1915 820 et
1934 795 1997 832 pro

1327 835 1441 877 Domo,
1467 842 1537 880 cop.
1555 845 1617 880 47.

1330 1024 1440 1062 Anno
1461 1022 1570 1062 Urbis
1589 1023 1683 1073 684.
1729 1023 1910 1062 Ciceronis
1931 1019 1996 1076 38.

1473 1083 1666 1122 Consules
1695 1082 1858 1122 fuerunt

1346 1145 1415 1197 Q
1435 1145 1760 1189 HORTENSIUS,
1791 1145 1861 1197 Q
1880 1145 1985 1184 CAE-

1443 1218 1598 1245 cimus
1621 1205 1887 1246 METELLUS

1530 1267 1792 1307 Caeneus.

1378 1373 1434 1408 De
1463 1372 1516 1409 his
1550 1373 1750 1409 consulibus
1782 1373 1907 1409 Cicero
1936 1386 2003 1422 pro

1330 1422 1507 1466 Cluentio,
1548 1434 1624 1470 cap.
1655 1423 1714 1466 64.
1765 1422 1846 1458 Tm
1875 1424 2003 1458 inierim

1330 1472 1507 1515 Hortenfio,
1533 1471 1667 1507 Metello
1684 1470 1748 1519 roffi
1774 1478 1811 1506 ut
1835 1471 1918 1507 hunc
1933 1473 2003 1517 Op-

1325 1522 1486 1567 pianicum
1520 1520 1611 1555 aliud
1646 1528 1800 1567 agentem,
1844 1532 1882 1556 ac
1921 1520 2006 1556 nihil

1331 1569 1474 1616 ejusmodi
1491 1572 1688 1616 cogitantem,
1714 1569 1759 1604 ad
1779 1570 1862 1604 banc
1877 1570 2003 1616 accusa-

1329 1622 1442 1653 tionem
1459 1619 1651 1662 detraberet‚
1681 1621 1784 1654 invito
1799 1618 1956 1665 despondit
1974 1619 2004 1654 ei

1319 1667 1426 1711 filiam
1435 1668 1537 1714 suam.

1381 1717 1464 1752 Hoc
1493 1728 1583 1752 anno
1601 1716 1724 1751 Cicero
1741 1716 1852 1751 aedilis
1870 1716 2003 1752 curulis

1331 1764 1411 1801 fuit.
1440 1765 1574 1801 AEdiles
1592 1775 1706 1800 autem
1725 1768 1837 1806 de'im
1855 1767 1889 1801 ὧν
1905 1773 2003 1811 φράτ-

1332 1832 1406 1851 ww
1423 1815 1518 1859 ἐ’ργων,
1530 1817 1600 1860 ἳιςᾶἱι
1616 1819 1709 1850 τῖαωυ
1727 1815 1870 1859 ingl-»3125
1889 1820 2001 1851 καλοῖν-

1334 1881 1390 1905 τιυ,
1418 1864 1452 1899 id
1469 1863 1530 1902 est,
1558 1863 1602 1898 ab
1629 1875 1696 1898 una
1726 1873 1822 1911 parte
1849 1863 1897 1898 sui
1925 1876 2002 1898 mu-

1334 1912 1420 1948 neris
1445 1912 1540 1961 quasi
1572 1922 1744 1947 curatores
1769 1911 1899 1947 aedium
1919 1913 2002 1947 dicti

1333 1962 1422 2004 sunt,
1469 1962 1627 2006 Diorffus
1661 1961 1913 2008 Halicarnaffeus
1947 1962 2001 1996 lib.

1332 2011 1394 2045 VI.
1415 2011 1474 2046 ubi
1495 2010 1591 2046 addit
1606 2022 1664 2046 eos
1684 2022 1703 2044 a
1719 2010 1853 2045 Gra-cis
1873 2015 2003 2054 amarl-

1331 2077 1383 2104 μυ
1410 2059 1491 2101 dici,
1517 2059 1614 2107 quod
1641 2071 1800 2106 magnam
1830 2059 1896 2093 illis
1926 2071 2003 2107 par-

1333 2118 1401 2143 tem
1422 2109 1543 2144 similes
1561 2108 1649 2143 sunt.
1694 2109 1749 2143 De
1767 2108 1931 2143 :ulilitate
1947 2108 2005 2143 sua

1330 2157 1464 2200 Cicero,
1503 2158 1640 2191 Verrium
1664 2157 1744 2191 Vll.
1773 2166 1840 2203 cap.
1876 2169 1926 2200 ¹4·
1959 2158 2006 2192 ita

1332 2206 1447 2242 scribit
1463 2220 1470 2242 :
1500 2207 1673 2250 Nuncsiam
1690 2206 1863 2252 ‹letig›=.1:us
1882 2207 2002 2241 sabas:

1331 2255 1426 2290 habeo
1455 2258 1622 2297 rationem,
1649 2256 1723 2302 quid
1749 2268 1769 2289 a
1797 2255 1909 2300 populo
1937 2257 2002 2290 Ro-

1331 2316 1420 2339 mano
1436 2307 1624 2350 acceperim:
1655 2306 1729 2338 ›nil-i
1759 2304 1843 2339 ludos
1852 2303 2003 2349 sanfflffl—

1332 2366 1393 2388 mos
1423 2357 1559 2388 maxima
1589 2367 1654 2388 cum
1682 2356 1859 2389 camonia
1885 2355 2003 2394 Cereri,

1333 2403 1458 2444 Libero.
1496 2403 1676 2450 Liberaeqeze
1697 2402 1885 2449 s.;.icnd2s:
1925 2402 2003 2436 nihi

1333 2451 1461 2488 Floram
1478 2460 1610 2487 matrem
1623 2452 1735 2498 populo
1756 2451 1894 2498 plebique
1912 2452 2002 2486 Rom.

1334 2501 1476 2537 ludorum
1502 2501 1680 2537 celebritate
1692 2500 1902 2548 placandam:
1929 2500 2005 2534 nihi
