2335 3009
725 221 1341 263 HISTORIA.

343 320 486 356 tutelam
525 319 621 356 suam
668 318 801 354 veniret
851 327 1010 354 mortuus

342 371 434 413 esset,
461 369 623 404 Manium
650 367 799 402 Curium
828 367 1008 403 substitue-

344 429 406 453 rat.
457 419 550 453 Cum
592 417 774 464 postumus
813 425 913 451 natus
942 428 1011 450 non

343 467 436 508 esset,
447 466 502 501 M.
522 465 705 513 Coponius
723 465 817 500 heres
835 464 1010 511 legitimus

344 516 387 549 ad
405 515 436 549 se
452 514 671 549 hereditatem
689 513 856 560 pertinere
871 523 1013 548 conten·

345 564 409 605 dit,
436 563 644 609 negavitque
663 563 834 604 Scaevola,
859 561 1012 610 Coponii

344 621 523 660 patronus,
551 611 613 646 nifi
630 611 824 658 postumus,
850 621 885 646 et
901 620 1017 653 natuS,

345 671 380 696 et
396 671 581 707 antequam
611 660 646 694 in
676 659 770 694 suam
794 659 937 695 tutelam
955 671 1012 694 ve

345 710 444 751 niret,
470 710 550 743 effet
566 719 736 762 mortuuS,
758 708 917 743 heredem
932 719 1013 743 eum

344 759 409 794 effe
426 758 530 805 posse,
559 757 620 804 qui
647 757 809 804 postumo
831 767 865 792 et
884 767 964 792 nato
980 766 1015 791 et

345 816 484 842 mortuo
501 806 580 840 effet
597 805 812 841 substitutus.
863 805 1013 847 Crassus,

345 855 408 902 qui
441 855 588 890 Curium
619 853 838 896 defendebat,
873 864 1014 889 conten-

345 904 409 946 dit,
442 904 635 939 testatorem
665 903 727 938 hac
761 915 873 938 mente
902 901 1013 944 fuiffe,

346 963 387 988 ut
399 932 427 987 'fi
447 952 538 987 filius
557 964 626 987 non
643 953 722 986 effet
739 952 798 999 qui
819 954 852 986 in
869 952 1014 987 tutelam

346 1002 489 1042 veniret,
516 1001 645 1036 Curius
673 1000 767 1036 heres
791 1001 882 1043 effet,
909 1000 1015 1048 idque

346 1050 509 1085 omnibus
527 1049 701 1097 probavit.

346 1201 457 1238 Anno
479 1198 588 1239 Urbis
609 1199 686 1237 662
695 1229 703 1237 .

491 1268 682 1307 Consules
713 1267 875 1306 fuerunt

375 1331 426 1369 L.
458 1329 683 1368 MAchJs
722 1329 986 1374 Pmmppus,

423 1391 524 1429 Sex.
547 1391 712 1442 Jvmus
746 1391 937 1430 CAEsAR.

745 1198 925 1237 Ciceronis
949 1212 962 1237 1
972 1197 1012 1237 6.

399 1489 444 1524 L.
463 1488 676 1536 Philippus
669 1501 696 1522 is
712 1487 772 1530 est,
799 1500 904 1535 quem
923 1499 942 1522 a
959 1488 1015 1523 M.

348 1537 529 1573 Herennio
558 1549 654 1584 prius
688 1537 884 1584 superatum
918 1535 1018 1571 fuisse

349 1586 513 1621 diximus.
565 1586 621 1620 De
645 1586 766 1620 eodem
801 1586 923 1621 Cicero
960 1586 1015 1620 lib.

349 1635 396 1670 ll.
415 1635 458 1669 de
475 1634 623 1676 Officiis,
641 1646 716 1682 cap.
742 1645 795 1680 17.
833 1635 875 1669 L.
891 1634 1016 1681 Philip-

344 1693 406 1730 pus
422 1684 467 1730 2.,
486 1684 524 1718 F.
544 1695 653 1730 magno
670 1685 726 1717 vir
750 1685 869 1729 ingenio
894 1686 927 1718 in
946 1686 1018 1729 pri-

349 1732 460 1780 musque
475 1732 589 1773 clarus,
612 1732 751 1778 gloriari
757 1733 890 1777 solebat,
909 1733 946 1779 fi
959 1733 1020 1770 fine

350 1782 409 1816 ullo
433 1793 558 1816 munere
584 1781 727 1826 adeptum
745 1781 798 1828 effe
814 1784 926 1823 omnia,
952 1794 1020 1828 quae

350 1830 540 1865 haberentur
556 1830 747 1875 ampliffima.

402 1879 476 1913 Hic
495 1891 603 1913 annus
625 1879 779 1913 decimus
809 1877 921 1913 sextus
951 1889 1016 1913 ter-

353 1928 467 1964 minus
492 1928 540 1962 est
567 1927 725 1975 pueritiae
755 1927 955 1962 Ciceronis:
984 1927 1017 1961 in

352 1989 434 2024 qua,
466 1987 506 2012 ut
535 1976 743 2011 Plutarchus
772 1976 899 2019 scribit,
937 1988 1018 2011 cum

352 2038 406 2060 ens
424 2037 522 2068 artes,
549 2025 680 2079 quibus
708 2035 791 2060 aetas
810 2025 950 2072 puerilis
976 2025 1018 2059 ad

354 2075 600 2109 humanitatem
627 2073 802 2126 informari
832 2074 926 2115 solet,
954 2073 1018 2108 dis-

354 2133 464 2165 ceret,
503 2123 678 2176 ingenium
707 2121 780 2169 ejus
811 2123 856 2156 ita
885 2123 1016 2165 eluxit,

354 2181 561 2218 tantumque
579 2171 726 2206 nommis
742 2182 777 2206 et
791 2171 939 2219 gloriae
932 2183 1019 2206 inter

353 2232 478 2268 pueros
497 2219 632 2263 habuit,
657 2231 697 2255 ut
713 2232 833 2255 eorum
851 2231 1018 2268 parentes,

354 2268 483 2304 visendi
525 2267 714 2312 Ciceronis,
755 2269 1018 2317 cognoscendae-

355 2329 424 2364 que
440 2316 620 2352 celebratae
637 2299 847 2353 celeritatis*
839 2331 873 2354 1n
891 2318 1020 2353 discen-

355 2368 402 2401 do
445 2365 566 2412 gratia,
603 2366 646 2400 ad
685 2366 809 2402 ludum
855 2367 1018 2402 venirent.

357 2415 459 2449 Pueri
476 2425 619 2462 quoque
641 2413 779 2449 honoris
795 2415 904 2462 gratia
921 2416 1019 2451 Cice-

356 2475 474 2499 ronem
505 2462 657 2498 medium
687 2462 913 2500 deducebant.
966 2464 1022 2499 De

1648 237 1728 279 247

1059 329 1133 366 quo
1162 318 1292 353 honore
1327 317 1535 355 Plutarchus
1563 319 1598 356 in
1631 321 1727 356 Prae·

1060 367 1166 414 ceptis
1184 367 1372 410 Civilibus,
1397 377 1431 403 et
1447 368 1599 404 Ovidius
1615 369 1667 404 lib.
1680 370 1726 405 V.

1061 415 1256 457 Fastorum,
1283 416 1364 451 vers.
1385 417 1444 464 67.

1111 465 1159 499 Et
1174 463 1363 509 mediusjuv
1364 476 1464 509 enum,
1491 478 1550 501 non
1563 465 1728 513 indignan-

1183 513 1268 548 tibus
1284 512 1355 560 ipsis

1160 561 1263 596 Ibat.-
1287 569 1317 596 et
1334 563 1475 604 interior,
1490 563 1526 606 si
1540 575 1634 598 comes
1649 575 1730 598 unus

1211 618 1290 645 erat.

1114 658 1255 694 Laudat
1270 658 1374 694 etiam
1396 658 1603 694 Plutarchus
1632 660 1730 695 indo-

1064 708 1130 743 lem
1173 707 1362 749 Ciceronis,
1406 719 1445 742 ac
1478 709 1579 754 plane
1619 709 1730 756 ipsum

1063 755 1230 803 ejusmodi
1262 766 1394 791 naturae
1427 755 1526 792 fuisse
1555 757 1613 800 ait,
1645 770 1730 804 qua-

1063 806 1130 840 lem
1150 805 1250 841 Plato
1277 805 1338 840 lib.
1353 806 1397 840 V.
1427 805 1470 840 de
1487 807 1577 853 Rep.
1595 807 1629 841 in
1647 806 1731 841 Phi-

1064 853 1208 901 losopho
1225 864 1259 888 et
1277 854 1416 889 homine
1443 855 1549 890 docili
1576 854 1730 903 requirit.

1064 903 1142 938 Ubi
1177 903 1332 938 Socrates
1360 902 1408 937 ita
1428 903 1619 947 concludit,
1645 912 1683 939 οὖ
1685 907 1733 939 nir

1063 969 1088 997 ²9²
1106 970 1150 987 ‘nr
1171 956 1311 993 φιλόσοφον
1334 955 1423 993 avolas
1446 957 1558 997 φῖνπιᾶμ
1582 956 1648 988 {7²8-
1635 970 1732 999 μιν-17η

1061 1017 1128 1036 avet!
1143 1008 1155 1035 ἐ
1173 1018 1217 1037 πκ
1233 1005 1313 1044 μιᾶς,
1329 1018 1374 1039 πις
1391 1002 1416 1035 ὅ·
1427 1008 1453 1043 ἑ,
1473 1006 1549 1036 ἀλλὰ
1566 1014 1663 1038 παρ-κς·
1689 1002 1732 1037 ld

1063 1050 1123 1091 est,
1164 1051 1264 1096 igitur
1293 1057 1324 1084 et
1358 1049 1575 1095 Philosophum
1602 1050 1733 1085 dicemus

1055 1098 1223 1144 sapientiae
1249 1105 1422 1132 amatorem
1451 1098 1515 1145 effe,
1554 1111 1612 1134 non
1640 1101 1733 1134 unius

1063 1147 1206 1193 alicujus,
1224 1147 1283 1192 sed
1297 1147 1459 1192 universe.

1115 1197 1205 1231 Puer
1223 1195 1356 1236 Cicero,
1383 1207 1463 1230 cum
1494 1196 1585 1243 poesi
1614 1195 1733 1244 impri-

1065 1244 1130 1279 mis
1147 1244 1382 1287 delestaretur‚
1409 1244 1557 1279 Pontium
1575 1245 1734 1280 Glaucum

1065 1293 1268 1328 tetrametris
1297 1293 1503 1340 composuit,
1539 1306 1645 1340 quem
1674 1294 1733 1329 sua

1064 1341 1254 1376 etiamnum
1284 1351 1385 1376 aetate
1415 1342 1558 1376 extitisse
1595 1343 1732 1378 Plutar-

1064 1390 1150 1425 chus
1176 1390 1233 1425 ait.
1286 1390 1472 1436 AEschylus
1503 1397 1529 1426 ir
1558 1393 1599 1435 τςῖἷ
1627 1396 1733 1435 Ποντίῳ

1064 1441 1179 1483 Γλαύκῳ
1214 1451 1233 1473 a
1275 1439 1454 1482 Strabone,
1491 1441 1666 1475 Athenaeo
1698 1450 1734 1476 et

1067 1488 1141 1522 aliis
1159 1488 1294 1522 citatur.

1117 1537 1201 1572 Hoc
1233 1548 1322 1571 anno
1355 1536 1515 1571 tribunus
1545 1536 1637 1584 pleb.
1678 1537 1734 1573 M.

1066 1586 1192 1621 Livius
1221 1585 1368 1628 Drusus,
1396 1597 1477 1620 cum
1507 1585 1634 1621 senatui
1651 1586 1735 1634 pris-

1067 1647 1148 1669 cum
1178 1634 1349 1669 restituere
1383 1644 1522 1681 cuperet
1542 1635 1667 1688 decus,
1701 1645 1736 1670 et

1061 1682 1195 1730 judicia
1213 1684 1256 1718 ab
1272 1683 1462 1730 equitibus,
1488 1683 1549 1730 qui
1568 1694 1643 1718 tum
1661 1685 1737 1731 lege

1068 1733 1270 1779 Sempronia
1307 1731 1531 1778 judicabant,
1577 1735 1618 1766 ad
1653 1744 1735 1768 eum

1068 1786 1248 1816 transferre
1278 1780 1445 1821 ordinem,
1495 1781 1529 1815 in
1572 1781 1610 1816 iis
1642 1781 1734 1828 ipsis,

1069 1842 1151 1877 quae
1170 1841 1233 1876 pro
1260 1834 1372 1863 ienatu
1399 1829 1618 1872 moliebatur,
1645 1831 1735 1865 lena-

1068 1889 1142 1913 tum
1188 1878 1308 1912 habuit
1337 1877 1577 1920 adversarium,
1622 1879 1736 1926 inquit

1067 1927 1220 1961 Velleius
1261 1927 1316 1962 lzb.
1356 1928 1399 1961 ΙΙ.
1434 1937 1501 1973 cop.
1536 1939 1589 1973 ¹3-
1642 1929 1735 1963 Cum

1070 1976 1174 2023 igitur
1192 1975 1426 2010 vehementius
1457 1976 1671 2011 inveheretur
1702 1977 1736 2012 in

1069 2030 1202 2060 caulam
1222 2025 1424 2072 Principum
1453 2025 1572 2059 conlul
1602 2025 1734 2072 Philip-

1069 2086 1148 2121 pus,
1176 2074 1350 2120 Drusique
1367 2073 1576 2114 tribunatus,
1602 2087 1667 2122 pro
1689 2074 1735 2109 se-

1068 2134 1167 2157 natus
1184 2122 1386 2157 aucloritate
1403 2122 1588 2169 suscepmS,
1615 2122 1735 2157 infrin-

1069 2170 1188 2219 gijam
1216 2184 1254 2206 ac
1279 2171 1450 2205 debilitari
1472 2172 1654 2213 videretur,
1682 2172 1735 2207 lu-

1068 2222 1194 2255 dorum
1219 2222 1458 2255 Romanorum
1485 2220 1619 2261 diebus,
1646 2232 1736 2266 quos

1070 2281 1088 2303 a
1106 2270 1215 2317 pridie
1232 2269 1327 2304 Non.
1347 2268 1453 2315 usque
1471 2269 1511 2302 ad
1540 2268 1623 2302 Idus
1651 2270 1735 2316 Sep-

1070 2318 1177 2353 temb.
1206 2318 1304 2353 fuiffe
1329 2329 1371 2352 ex
1402 2317 1504 2351 veteri
1528 2317 1737 2353 Kalendario

1070 2366 1299 2414 cognoscitur,
1337 2365 1472 2400 Crassus
1510 2364 1540 2400 se
1569 2377 1651 2400 cum
1691 2368 1733 2402 C.

1070 2416 1175 2451 Cotta
1199 2425 1234 2450 et
1262 2416 1301 2450 P.
1321 2414 1477 2460 Sulpicio
1505 2414 1539 2448 in
1564 2414 1734 2450 Tuscula-

1071 2476 1155 2500 num
1173 2463 1330 2499 contulit.
1379 2463 1466 2512 Qo
1483 2474 1564 2499 curn
1583 2463 1736 2510 primum
