2335 3009
582 243 681 283 AD
739 236 1256 281 HERENNIUM
1313 237 1447 279 LIB.

392 350 483 381 mus,
508 337 675 374 divisione
702 346 840 371 utemur
867 335 900 370 in
928 335 1002 369 vim
1025 343 1061 369 et

391 387 585 424 consilium.
636 386 742 424 Nam,
767 384 864 431 quod
882 383 917 417 in
934 386 1060 418 docen-

392 439 439 472 do
467 436 512 470 rei
542 433 775 470 dilucidanda:
804 432 903 467 causa
938 431 1061 466 dolum

392 483 656 532 appellavimus,
675 481 709 516 id
727 482 761 517 in
779 481 926 516 dicendo
945 479 1062 514 hones-

392 533 460 567 tius
495 531 675 566 consilium
707 529 970 577 appellabimus.
1025 528 1060 562 Si

393 581 531 615 rationis
559 579 681 614 nostrae
712 577 909 613 sententiam
937 577 1062 611 rectam

390 630 454 664 esse
470 629 638 670 dicemus,
663 637 697 662 et
713 639 832 662 omnes
851 635 961 673 partes
979 625 1060 660 redti

391 678 566 718 incident·‚
610 676 860 723 quadripartita
896 674 1061 709 divifione

391 736 539 761 utemur.
592 726 628 759 Si
668 737 737 760 non
772 724 934 765 incident,
973 733 1062 770 quot

390 784 504 816 erunt,
532 783 585 808 tot
609 785 822 820 exponemus
851 772 883 806 in
901 772 1059 806 dicendo.

393 824 431 858 In
463 822 723 858 confirmatione
755 830 789 856 et
826 819 1063 855 confutatione

392 882 532 907 utemur
555 871 652 914 locis,
689 882 778 918 quos
810 879 887 904 ante
916 869 1063 904 ostendi-

392 933 484 962 muS,
524 920 644 955 nostris
679 917 936 960 confirmandis,
981 929 1063 952 con-

392 969 501 1005 trariis
519 968 751 1004 confutandis.
780 966 1063 1013 Argumentatio-

393 1019 445 1054 nis
475 1017 665 1052 artificiosae
696 1017 870 1051 trauanda
903 1015 989 1051 ratio
1021 1015 1063 1050 de

393 1067 540 1103 secundo
558 1066 648 1101 libro
666 1075 810 1112 petetur.

440 1116 485 1150 V.
515 1115 581 1149 Sed
610 1114 632 1149 fi
651 1113 823 1156 acciderit,
850 1122 888 1147 ut
920 1113 953 1147 in
981 1125 1060 1147 con-

393 1163 573 1199 sultatione
607 1163 701 1198 alteri
735 1163 778 1196 ab
812 1172 887 1196 tuta
922 1161 1062 1202 ratione,

393 1213 488 1248 alteri
507 1212 551 1246 ab
581 1212 730 1253 honesta,
757 1210 918 1245 sententia
945 1210 997 1253 sit,
1024 1220 1064 1244 ut

394 1262 429 1297 in
447 1261 690 1296 deliberatione
706 1271 840 1300 eorum,
863 1259 924 1305 qui
944 1270 962 1292 a
981 1259 1062 1293 Poe-

394 1310 446 1346 nis
488 1309 689 1344 circumseffi
745 1307 934 1342 deliberant
976 1307 1062 1353 quid

393 1369 518 1406 agant:
547 1358 609 1405 qui
636 1367 746 1392 tutam
776 1355 941 1390 rationem
970 1355 1063 1402 sequi

392 1407 559 1448 suadebit,
586 1406 638 1441 his
656 1405 740 1440 locis
763 1415 901 1439 utetur:
931 1404 1063 1438 nullam

393 1468 464 1491 rem
499 1454 672 1490 utiliorem
706 1454 770 1489 effe
801 1453 1060 1488 incolumitate:

391 1504 583 1540 virtutibus
603 1504 652 1538 uti
673 1502 840 1538 neminem
869 1502 974 1549 posse,
1000 1501 1062 1549 qui

392 1553 466 1588 suas
496 1553 640 1588 rationes
670 1552 705 1586 in
731 1561 808 1586 tuto
827 1563 895 1585 non
913 1551 1061 1585 colloca-

393 1603 460 1637 rit:
489 1614 530 1636 ne
557 1601 639 1636 deos
670 1600 812 1648 quidem
838 1599 902 1634 effe
932 1598 1062 1634 auxilio

392 1651 446 1694 iis,
472 1651 533 1698 qui
551 1649 582 1684 se
599 1649 792 1685 inconsulto
810 1648 844 1683 in
871 1647 1065 1695 periculum

394 1700 556 1734 mittant:
587 1698 765 1734 honestum
792 1697 877 1732 nihil
907 1707 1066 1743 oportere

392 1747 588 1788 existimari,
615 1747 712 1794 quod
740 1759 809 1782 non
835 1745 976 1785 salutem
1002 1758 1061 1792 pa-

393 1797 468 1832 riat.
520 1796 595 1843 Qui
625 1805 711 1831 tutae
738 1795 783 1830 rei
802 1804 981 1842 praeponet
1011 1807 1061 1829 ra-

392 1846 520 1882 tionem
538 1845 725 1887 honestam,
752 1844 804 1878 his
822 1844 906 1878 locis
925 1853 1059 1878 utetur:

392 1895 557 1930 virtutem
574 1894 674 1929 nullo
691 1903 845 1940 tempore
871 1891 1062 1938 relinquen-

393 1944 498 1979 dam:
541 1943 596 1978 vel
626 1943 794 1984 dolorem,
831 1941 853 1976 fi
885 1941 910 1975 is
943 1941 1062 1975 timea-

394 2002 474 2034 tur;
493 1992 547 2027 vel
567 2002 726 2031 mortem,
746 1991 768 2025 si
787 2002 826 2025 ea
843 1988 1061 2031 formidetur,

392 2041 556 2076 dedecore
571 2050 605 2075 et
623 2040 764 2075 infamia
781 2038 943 2074 leviorem
968 2039 1033 2073 effe
1049 2051 1057 2074 :

394 2090 614 2132 considerare,
628 2101 709 2137 quae
725 2089 764 2123 sit
783 2087 965 2133 turpitudo
978 2099 1060 2122 con-

393 2139 558 2174 secutura.
597 2139 649 2173 At
666 2150 734 2173 non
755 2135 1059 2179 immortalitatem,

393 2199 504 2234 neque
516 2197 677 2222 aeternam
692 2186 964 2221 incolumitatem
978 2197 1058 2220 con-

393 2236 511 2283 sequi3
551 2247 612 2270 nec
641 2236 704 2270 effe
729 2235 960 2280 exploratum,
999 2233 1061 2269 illo

393 2287 503 2319 vitato
538 2283 702 2330 periculo,
738 2284 874 2318 nullum
902 2283 936 2317 in
965 2282 1060 2317 aliud

394 2333 588 2381 periculum
620 2343 807 2367 venturos:
846 2331 975 2366 virtute
1002 2331 1060 2366 vel

394 2383 487 2417 ultro
516 2380 559 2415 ad
589 2390 734 2415 mortem
772 2380 954 2427 proficisci,
995 2380 1060 2414 effe

393 2430 627 2479 praeclarum:
655 2428 849 2463 fortitudini
885 2429 1059 2463 fortunam

393 2489 536 2527 quoque
581 2477 646 2513 effe
687 2475 886 2525 adjumento
927 2476 1058 2513 solere:

1498 239 1576 279 111.
1706 241 1776 281 181

1108 345 1188 369 eum
1217 344 1291 369 tute
1318 334 1445 378 vivere,
1472 334 1533 383 qui
1565 336 1701 372 honeste
1728 337 1780 374 vi-

1110 393 1181 425 vat,
1208 395 1276 417 non
1296 383 1358 430 qui
1387 384 1419 418 in
1450 384 1629 432 praesentia
1647 385 1780 421 incolu-

1112 431 1176 466 mis
1195 431 1258 466 sit:
1286 443 1320 466 et
1346 443 1440 475 eum,
1465 434 1527 479 qui
1555 435 1702 482 turpiter
1727 435 1779 470 vi-

1112 490 1184 522 vat,
1212 479 1421 514 incolumem
1442 480 1474 515 in
1493 493 1698 529 perpetuum
1716 484 1781 518 effe

1112 540 1180 563 non
1199 528 1302 575 poffe.
1343 529 1634 566 Conclusionibus
1653 531 1722 566 fere
1739 532 1780 567 s1-

1113 577 1255 612 milibus
1274 576 1308 612 in
1327 576 1378 611 his
1391 576 1658 624 etjudicialibus
1672 580 1780 616 caulis

1110 625 1160 660 uti
1180 625 1339 668 solemus,
1358 626 1416 660 nifi
1435 627 1532 673 quod
1550 627 1584 662 in
1603 627 1654 662 his
1673 629 1780 663 maxi-

1110 686 1165 708 me
1191 674 1357 709 conducit
1383 676 1641 723 quamplurima
1668 689 1781 713 rerum

1110 733 1187 758 ante
1203 723 1371 770 gestarum
1389 725 1546 772 exempla
1563 723 1724 772 proferre.

1160 773 1223 807 Vl.
1262 773 1368 807 Nunc
1403 773 1446 807 ad
1475 774 1783 810 demonstrativum

1113 832 1220 868 genus
1244 820 1354 855 causae
1381 821 1598 857 transeamus.
1642 824 1783 871 Qoni-

1114 881 1168 903 am
1186 869 1260 904 haec
1278 870 1376 903 causa
1398 870 1568 906 dividitur
1593 871 1625 906 in
1645 872 1783 908 laudem

1112 928 1147 952 et
1176 917 1477 966 vituperationem,
1503 920 1633 966 quibus
1659 932 1701 955 ex
1732 933 1782 956 re-

1114 966 1180 1001 bus
1222 967 1359 1002 laudem
1401 968 1690 1011 constituerimus,
1740 981 1783 1005 ex

1113 1016 1290 1050 contrariis
1333 1016 1434 1051 rebus
1475 1017 1538 1052 erit
1572 1018 1782 1066 vituperatio

1113 1065 1353 1111 comparanda.
1404 1066 1501 1100 Laus
1533 1065 1639 1113 igitur
1671 1068 1782 1114 potest

1112 1113 1176 1147 effe
1201 1125 1313 1148 rerum
1339 1124 1568 1156 externarum,
1598 1125 1632 1150 et
1658 1127 1782 1163 corpo-

1115 1161 1171 1203 ris,
1197 1172 1231 1196 et
1248 1162 1363 1197 animi.
1415 1163 1546 1198 Rerum
1564 1174 1781 1200 externarum

1113 1209 1190 1244 sunt
1207 1222 1256 1252 ea,
1284 1223 1366 1257 quae
1385 1211 1474 1253 casu,
1502 1221 1560 1246 aut
1578 1211 1718 1248 fortuna
1735 1212 1783 1248 se·

1113 1259 1239 1302 cunda,
1266 1270 1325 1294 aut
1352 1260 1502 1302 adversa,
1528 1262 1678 1296 accidere
1703 1262 1781 1309 pos-

1113 1306 1215 1348 sunt·‚
1241 1317 1281 1342 ut
1298 1320 1418 1354 genus,
1444 1309 1615 1352 educatio,
1635 1310 1782 1354 divitiae,

1113 1355 1307 1402 potestates,
1334 1357 1467 1403 gloriae,
1494 1357 1626 1401 civitas,
1665 1359 1782 1394 amici-

1114 1404 1185 1447 tiae,
1211 1415 1245 1438 et
1262 1416 1344 1451 quae
1363 1403 1558 1451 hujusmodi
1577 1406 1666 1450 sunt,
1681 1418 1715 1442 et
1730 1420 1781 1450 ea,

1113 1465 1196 1500 quae
1214 1453 1265 1488 his
1284 1453 1361 1488 sunt
1384 1454 1562 1489 contraria.
1616 1456 1782 1504 Corporis

1112 1501 1190 1536 sunt
1207 1514 1258 1544 ea,
1285 1514 1368 1549 quae
1387 1513 1508 1537 natura
1525 1505 1660 1551 corpori
1687 1505 1784 1540 attri-

1113 1550 1191 1585 buit
1224 1551 1408 1586 commoda
1442 1562 1501 1588 aut
1534 1553 1782 1597 incommoda·,

1113 1609 1152 1634 ut
1175 1599 1349 1642 velocitas,
1376 1600 1474 1642 vires,
1500 1601 1662 1648 dignitas,
1688 1603 1780 1638 vale-

1115 1649 1214 1690 tudo,
1241 1658 1274 1683 et
1291 1661 1372 1696 quae
1391 1650 1560 1684 contraria
1576 1650 1664 1686 sunt.
1694 1652 1782 1686 Ani-

1116 1697 1162 1732 mi
1181 1697 1258 1732 sunt
1274 1710 1324 1740 ea,
1344 1710 1424 1744 quae
1443 1698 1584 1733 consilio
1600 1711 1634 1734 et
1651 1701 1780 1747 cogita-

1112 1746 1205 1781 tione
1224 1746 1335 1780 nostra
1358 1746 1537 1788 constant;
1565 1757 1605 1782 ut
1629 1750 1779 1795 pruden-

1112 1795 1170 1837 tia,
1202 1793 1346 1840 justitia,
1386 1794 1567 1837 fortitudo,
1603 1797 1780 1841 modestia,

1112 1853 1147 1878 et
1163 1855 1244 1889 quae
1263 1844 1431 1878 contraria
1448 1844 1534 1879 sunt.
1579 1845 1656 1880 Erit
1675 1846 1780 1893 igitur

1113 1891 1188 1926 haec
1215 1892 1431 1927 confirmatio
1457 1902 1490 1927 et
1507 1893 1700 1929 confutatio
1717 1908 1778 1931 no-

1113 1940 1176 1975 bis.
1231 1941 1269 1975 ln
1305 1939 1499 1987 hujusmodi
1541 1943 1647 1989 igitur
1683 1944 1783 1979 causa

1111 1989 1321 2036 principium
1340 1990 1492 2025 sumetur
1521 2002 1580 2025 aut
1606 2003 1625 2025 a
1654 1993 1778 2036 nostra,

1110 2048 1170 2072 aut
1199 2038 1243 2073 ab
1269 2037 1356 2085 ejus,
1394 2039 1436 2073 de
1470 2051 1542 2087 quo
1581 2040 1780 2087 loquemur,

1110 2097 1170 2121 aut
1200 2088 1243 2121 ab
1272 2099 1406 2130 eorum,
1432 2090 1494 2135 qui
1523 2089 1673 2130 au‹‘ient‚
1700 2104 1778 2138 per-

1110 2135 1200 2177 sona,
1228 2146 1287 2170 aut
1304 2136 1348 2171 ab
1367 2149 1410 2172 re.
1458 2137 1493 2172 A
1513 2137 1635 2179 nostra,
1663 2139 1686 2173 s1
1706 2140 1778 2174 lau-

1109 2185 1282 2226 dabimus,
1309 2186 1462 2220 dicemus
1494 2195 1554 2220 aut
1580 2187 1696 2221 officio
1726 2187 1777 2222 fa-

1109 2245 1194 2276 cere,
1222 2234 1319 2281 quod
1344 2235 1442 2269 causa
1461 2235 1707 2270 neceffitudinis
1725 2238 1777 2271 in-

1110 2283 1285 2317 tercedat:
1315 2295 1374 2317 aut
1404 2283 1528 2325 studio,
1565 2285 1661 2329 quod
1691 2283 1776 2331 ejus-

1111 2331 1206 2366 modi
1224 2331 1362 2366 virtutis
1385 2332 1436 2373 fit,
1464 2342 1504 2365 ut
1532 2343 1650 2366 ornnes
1681 2345 1776 2368 com-

1110 2391 1296 2414 memorare
1311 2381 1456 2414 debeant
1473 2379 1582 2414 velle:
1605 2391 1663 2415 aut
1680 2383 1778 2429 quod

1111 2429 1241 2463 rectum
1261 2428 1300 2462 sit
1317 2440 1358 2462 ex
1377 2430 1522 2462 aliorum
1550 2428 1650 2464 lauue
1667 2431 1776 2466 osten-

1109 2477 1200 2521 dere,
1227 2476 1338 2524 qualis
1357 2476 1467 2513 noster
1483 2476 1617 2514 animus
1636 2478 1687 2516 fit.
1739 2480 1778 2517 Si
