2335 3009
493 227 546 263 η
839 207 1529 249 EPISTOLARUM

494 311 716 351 domesticis
738 309 922 363 periculis
943 308 1186 362 potissimum
1211 306 1422 352 occideret,
1452 319 1539 359 quae
1568 305 1664 359 saepe
1693 303 1876 344 alieniffi-

495 380 571 418 mis
592 378 765 432 praefidio
786 376 930 414 fuisset.
976 375 1082 414 Nam
1114 373 1220 425 quod
1252 373 1298 410 ad
1329 382 1365 411 te
1386 373 1497 425 pueri
1518 372 1595 410 fine
1615 373 1739 410 literis
1758 384 1878 410 vene·

497 453 603 490 runt,
635 442 822 495 quoniam
842 441 948 479 vides
969 454 1049 478 non
1070 439 1180 477 fuiss‘e
1202 438 1410 476 iracundiae
1434 437 1558 482 causa,
1589 446 1693 475 certe
1721 437 1882 489 pigritia

496 509 589 555 fuit,
620 518 659 547 et
689 507 867 561 quaedam
898 505 1055 544 infinita
1083 505 1141 542 vis
1174 504 1434 554 lacrymarum
1467 513 1506 540 et
1537 502 1734 540 dolorum.
1781 502 1880 541 Haec

496 574 576 627 ipsa
598 587 661 612 me
680 586 760 626 quo
781 572 873 610 fletu
894 580 1006 624 putas
1028 568 1209 622 scripsisse
1228 569 1240 605 ?
1272 568 1425 612 eodem,
1457 581 1536 620 quo
1567 577 1604 605 te
1627 568 1755 619 legere
1775 575 1884 605 certo

499 641 591 679 scio.
638 642 701 678 An
734 652 807 690 ego
838 636 990 691 possum
1021 645 1086 673 aut
1118 648 1196 672 non
1224 634 1396 686 cogitare
1421 633 1630 686 aliquando
1651 633 1698 671 de
1719 642 1785 678 te3
1815 641 1884 671 aut

500 719 672 759 unquam
704 705 780 743 fine
809 702 991 754 lacrymis
1015 701 1218 753 cogitare?
1251 701 1357 738 Cum
1383 700 1489 738 enim
1520 709 1557 737 te
1586 699 1772 745 defidero,
1802 697 1883 736 fra-

499 782 598 811 trem
621 771 746 809 solum
767 768 937 806 defidero
956 768 968 804 ?
1001 767 1088 818 Ego
1108 779 1198 804 vero
1219 765 1402 803 suavitate
1424 778 1544 817 prope
1564 763 1739 809 fratrem,
1762 776 1884 816 prope

500 836 702 889 aequalem,
733 833 920 886 obsequio
942 831 1086 876 filium,
1117 830 1279 868 consilio
1300 838 1516 882 parentem.
1554 828 1665 880 Qid
1685 827 1787 866 mihi
1808 828 1886 866 fine

501 912 539 940 te
570 914 760 954 unquam,
791 908 858 937 aut
890 898 963 936 tibi
999 897 1076 935 sine
1110 910 1187 942 me,
1213 895 1439 948 jucundum
1474 894 1584 933 fuit?
1622 894 1746 946 Qid,
1777 892 1886 946 quod

500 967 640 1006 eodem
676 975 850 1017 tempore
884 962 1054 1001 defidero
1085 962 1239 1000 filiam?
1280 961 1546 1015 quaypietate‚
1577 973 1653 1012 qua
1684 959 1886 1007 modestia,

501 1046 582 1085 quo
611 1030 802 1083 ingenio?
834 1028 1006 1080 effigiem
1035 1027 1129 1072 oris,
1161 1026 1362 1070 sermonis,
1399 1025 1521 1063 animi
1550 1025 1661 1063 mei?
1693 1023 1804 1075 Qid
1838 1022 1888 1061 fi-

502 1098 603 1135 lium
635 1094 958 1138 venustiffimum,
988 1091 1170 1144 mihique
1199 1091 1498 1128 dulciffimum?
1531 1103 1650 1142 quem
1680 1103 1754 1141 ego
1783 1087 1888 1126 ferus

502 1176 545 1200 ac
566 1161 712 1199 ferreus
732 1173 753 1197 e
773 1158 984 1210 complexu
1005 1156 1132 1194 dimisi
1154 1169 1257 1200 meo,
1288 1154 1562 1206 sapientiorem
1583 1166 1750 1206 puerum
1770 1165 1892 1205 quam

502 1227 672 1266 vellem:
706 1223 895 1262 sentiebat
914 1222 1022 1260 enim
1044 1220 1159 1259 miser
1173 1222 1273 1273 jam,
1303 1219 1401 1272 quid
1421 1229 1611 1271 ageretur.
1658 1218 1769 1269 Qid
1800 1231 1892 1257 vero

504 1302 619 1331 tuum
647 1289 808 1328 filium?
840 1286 936 1338 quid
968 1286 1184 1338 imaginem
1214 1297 1357 1329 meam,
1388 1297 1506 1336 quam
1538 1296 1648 1321 meus
1681 1284 1823 1321 Cicero
1853 1293 1893 1322 et

503 1356 658 1396 amabat
691 1363 736 1392 ut
769 1351 945 1396 fratrem,
975 1360 1015 1389 et
1043 1352 1128 1403 jam
1160 1359 1204 1388 ut
1238 1350 1427 1402 majorem
1461 1347 1621 1387 fratrem
1653 1349 1890 1387 verebatur?

506 1420 632 1474 Qid,
672 1418 779 1473 quod
813 1417 1021 1456 mulierem
1055 1415 1329 1460 miserrimam,
1369 1413 1629 1452 fideliffimam
1662 1415 1892 1466 conjugem,

506 1501 570 1527 me
590 1485 772 1540 prosequi
803 1497 883 1522 non
904 1483 987 1521 sum
1009 1481 1150 1535 passus,
1182 1491 1225 1520 ut
1245 1481 1335 1520 effet
1356 1494 1442 1534 quae
1462 1479 1646 1532 reliquias
1667 1479 1894 1518 communis

506 1551 754 1596 calamitatis,
785 1562 1016 1588 communes
1032 1549 1197 1601 liberos,
1229 1547 1433 1585 tueretur?
1467 1545 1539 1585 Sed
1561 1556 1707 1591 tamen,
1733 1559 1897 1599 quoquo

508 1618 627 1659 modo
647 1617 774 1671 potui,
806 1615 950 1668 scripsi,
981 1623 1020 1652 et
1052 1614 1142 1652 dedi
1172 1613 1302 1651 literas
1332 1612 1379 1650 ad
1412 1621 1449 1650 te
1482 1611 1722 1664 Philogono,
1753 1612 1898 1650 liberto

508 1695 594 1731 tuo,
625 1697 719 1737 quas
751 1681 867 1720 credo
899 1681 974 1719 tibi
1005 1679 1135 1734 postea
1165 1679 1332 1718 redditas
1363 1677 1462 1717 effe:
1496 1678 1536 1716 in
1558 1678 1704 1730 quibus
1731 1677 1836 1715 idem
1858 1686 1898 1715 te

509 1751 646 1790 hortor
666 1758 704 1788 et
725 1762 834 1801 rogo,
856 1746 962 1800 quod
983 1746 1093 1800 pueri
1115 1746 1189 1784 tibi
1210 1745 1336 1783 verbis
1359 1744 1455 1783 meis
1478 1744 1726 1789 nuntiarunt,
1744 1753 1788 1781 ut
1809 1743 1896 1781 Ro-

510 1830 616 1856 mam
637 1814 817 1868 protinus
839 1826 972 1866 pergas
993 1822 1032 1850 et
1059 1824 1255 1864 properes.
1303 1811 1482 1848 Primum
1514 1809 1621 1847 enim
1653 1818 1690 1847 te
1722 1808 1898 1861 praesidio

509 1882 583 1922 effe
611 1881 734 1926 volui,
766 1879 791 1918 sl
824 1879 894 1931 qui
924 1877 1043 1916 essent
1075 1878 1245 1922 inimici,
1277 1889 1448 1930 quorum
1479 1875 1689 1914 crudelitas
1720 1874 1900 1913 nondum

511 1949 601 1989 effet
622 1947 747 1986 nostra
767 1945 987 1984 calamitate
1008 1945 1152 1983 satiata.
1187 1944 1343 1982 Deinde
1363 1942 1584 1995 congress‘us
1607 1941 1724 1980 nostri
1747 1941 1900 1980 lamen-

512 2014 702 2054 tationem
724 2010 911 2065 pertimui
930 2025 938 2048 :
971 2009 1181 2062 digreffum
1201 2022 1290 2047 vero
1311 2022 1391 2047 non
1412 2007 1580 2047 tuliffem
1601 2023 1609 2046 :
1642 2017 1758 2059 atque
1781 2007 1901 2045 ctiam

513 2079 700 2132 idipsum,
736 2076 843 2129 quod
875 2085 916 2114 tu
951 2075 1101 2121 scribis,
1133 2075 1373 2120 metuebam,
1405 2087 1453 2113 ne
1482 2087 1503 2111 a
1534 2087 1597 2112 me
1629 2072 1787 2111 distrahi
1820 2086 1902 2110 non

514 2145 651 2199 posses.
685 2143 762 2182 His
784 2142 830 2180 de
851 2142 970 2181 causis
992 2141 1067 2180 hoc
1089 2142 1309 2180 maximum
1331 2140 1496 2185 malum,
1518 2139 1624 2192 quod
1647 2148 1683 2177 te
1705 2152 1783 2177 non
1804 2138 1901 2184 vidi,

513 2225 594 2264 quo
616 2209 716 2248 nihil
737 2208 1006 2247 amantissimis
1028 2218 1066 2246 et
1087 2206 1412 2260 conjundiffimis
1438 2205 1624 2245 fratribus
1653 2205 1829 2243 acerbius
1859 2217 1902 2242 ac

514 2276 691 2316 miserius
712 2274 866 2314 videtur
887 2274 1061 2313 accidere
1082 2273 1261 2327 potuisse,
1293 2273 1424 2311 minus
1444 2272 1645 2316 acerbum,
1669 2271 1800 2309 minus
1822 2270 1902 2309 rni-

509 2341 658 2386 strum,
690 2339 783 2385 fuit,
814 2353 934 2392 quam
965 2338 1096 2378 suisset
1116 2353 1210 2378 cum
1236 2337 1466 2391 congressio,
1498 2347 1584 2376 tum
1605 2350 1694 2374 vero
1725 2334 1906 2388 digreffio

516 2407 656 2446 nostra.
702 2405 840 2451 Nunc,
872 2405 896 2444 fi
930 2414 1056 2458 potes,
1089 2405 1128 2443 id
1159 2404 1266 2459 quod
1297 2418 1385 2457 ego,
1417 2404 1486 2457 qui
1518 2401 1631 2441 sortis
1655 2401 1729 2440 tibi
1755 2400 1905 2454 semper

514 2471 688 2517 videbar,
720 2483 800 2510 non
831 2469 999 2525 possum,
1030 2470 1135 2524 erige
1168 2480 1205 2510 te
1235 2479 1275 2510 et
1305 2468 1510 2516 confirma,
1543 2468 1568 2508 si
1598 2481 1677 2521 qua
1706 2463 1908 2506 subeunda
