2241 2994
498 213 580 269 27⁶

501 311 651 346 daretur.
702 309 882 346 Excitavit
914 309 1018 345 etiam
1051 309 1171 344 turbas

502 359 701 402 Cornelius,
742 367 783 394 ut
816 358 888 395 Dio
928 368 964 394 et
1000 358 1172 394 Asconius

503 408 667 445 scribunt.

553 457 615 492 Ob
648 467 736 505 quas
771 467 854 491 cum
891 455 998 491 dilata
1034 453 1175 490 comitia

504 505 621 549 essent,
657 506 780 541 Cicero
804 514 857 540 ter
882 515 1013 553 praetor
1041 503 1175 551 primus

505 554 668 591 centuriis
701 553 836 590 cunetis
873 553 1086 590 renuntiatus
1114 551 1174 594 est,

506 613 547 639 ut
565 603 634 651 ipse
661 603 695 638 in
714 602 901 639 Maniliana
929 602 1081 643 testatur,
1107 609 1174 646 cap.

512 665 542 688 1.
594 651 742 688 Licebat
777 661 892 687 autem
921 651 952 686 ei
988 659 1176 698 praeturam

506 710 621 748 petere
649 701 716 737 hoc
749 709 904 748 ternpore
934 698 1072 734 biennio
1101 697 1178 745 post

507 750 721 785 aedilitatem.
761 749 850 784 Vide
865 747 950 795 epist.
970 758 1027 792 25.
1053 746 1109 782 lib.
1127 747 1176 782 X.

508 799 627 834 Famil.
662 799 703 834 In
721 807 885 846 praeturae
902 797 1066 844 petitione
1082 806 1179 830 com·

509 848 672 896 petitores
690 846 835 882 illustres
857 846 988 882 multos
1013 856 1095 880 cum
1120 844 1179 879 ha-

511 897 618 940 beret,
656 904 787 944 praetor
818 895 952 943 primus
984 893 1181 942 designatus

509 945 573 988 est,
596 945 735 980 auctore
752 943 950 980 Plutarcho.
996 942 1072 991 Ipse
1090 954 1178 990 prae-

509 1003 601 1029 terea
625 996 660 1029 in
685 993 789 1029 Bruto
813 1002 883 1039 cop.
904 1004 963 1039 93.
990 992 1022 1028 se
1038 1001 1072 1026 et
1089 1003 1179 1039 prae-

509 1051 621 1078 torem
649 1042 804 1090 primum
831 1051 867 1077 et
897 1040 1091 1077 incredibili
1117 1050 1180 1087 po-

507 1091 588 1139 puli
619 1091 799 1127 voluntate
840 1090 905 1125 effe
945 1089 1079 1126 factum
1121 1088 1178 1123 ait.

508 1140 607 1175 Idem
623 1142 657 1175 in
679 1140 821 1185 Pisonem
837 1139 1032 1180 confirmat,
1057 1147 1125 1184 cap.
1150 1149 1179 1172 ι.

509 1189 635 1224 Cicero
664 1188 770 1236 igitur
800 1198 931 1235 praetor
959 1188 1106 1236 primus,
1145 1186 1181 1221 id

508 1238 558 1273 est
575 1237 689 1285 primo
716 1237 794 1272 loco
821 1235 934 1272 factus
957 1237 1027 1272 fuit
1041 1247 1084 1272 ex
1100 1235 1181 1271 οέὶο

510 1286 592 1329 illis,
622 1286 684 1334 qui
702 1296 778 1322 tum
795 1285 933 1321 fiebant.

559 1336 731 1371 Praetores
761 1346 842 1370 cum
872 1335 1040 1370 Cicerone
1070 1332 1180 1380 defig-

511 1385 582 1419 nati
607 1385 734 1432 septem
761 1383 796 1418 hi
818 1382 972 1424 fuerunt,
998 1382 1178 1430 QVoco-

511 1433 590 1468 nius
608 1433 715 1475 Naso,
742 1432 797 1467 M.
818 1432 1017 1473 Plaetorius‚
1038 1432 1081 1466 C.
1100 1431 1179 1466 Pla-

512 1482 653 1525 minius,
679 1483 721 1517 C.
747 1481 953 1523 Orchinius,
979 1481 1021 1516 C.
1050 1479 1180 1527 Aquil-

513 1531 580 1566 lius
597 1531 736 1573 Gallus,
763 1531 803 1565 P.
822 1530 967 1573 camus,
993 1539 1025 1565 et
1043 1530 1085 1564 C.
1104 1530 1180 1564 An-

511 1580 642 1624 tonius,
666 1582 772 1616 Cicero
785 1589 843 1626 pro
859 1579 1010 1622 Cluentio,
1035 1587 1101 1625 cap.
1123 1590 1180 1625 34.

513 1638 544 1664 et
585 1641 643 1676 53.
675 1638 710 1664 et
736 1629 892 1672 Asconius.
942 1628 1000 1663 De
1033 1627 1182 1663 comitiis

479 1683 482 1685 ’
515 1678 686 1727 praetoriis
704 1677 775 1725 agit
801 1676 925 1712 Cicero
952 1676 1037 1722 epist.
1070 1688 1123 1712 ιο.
1155 1683 1184 1711 et

520 1741 574 1764 ιι.
601 1727 654 1763 lib.
674 1728 700 1763 1.
726 1725 772 1761 ad
792 1727 866 1761 Att.
892 1737 975 1773 quae
1002 1725 1070 1761 hoc
1095 1735 1184 1760 anno

515 1776 651 1824 scriptae
693 1774 845 1810 fuerunt.
899 1776 939 1810 ln
980 1774 1184 1816 undecima,

516 1825 716 1861 candidatos
744 1824 908 1859 omnibus
943 1823 1185 1872 iniquitatibus

515 1873 682 1911 exercitos
699 1872 797 1908 fuisse
812 1872 965 1908 testatur.

568 1923 736 1959 Extremo
766 1921 868 1969 hujus
897 1921 977 1956 anni
1003 1920 1129 1963 mense,
1155 1932 1185 1956 a.

518 1973 553 2009 d.
589 1984 626 2007 iv
660 1972 711 2006 ld.
743 1971 911 2006 Decemb.
943 1975 1065 2018 (quem
1095 1971 1187 2005 diem

519 2021 667 2057 tribunis
683 2020 794 2068 plebis
809 2019 959 2055 ineundo
976 2019 1188 2067 magistratui

520 2072 703 2107 solemnem
728 2068 826 2104 fuisse
852 2080 895 2104 ex
926 2068 1044 2110 Livio,
1072 2068 1126 2103 lib.
1141 2068 1186 2103 V.

519 2131 588 2167 cap.
620 2133 653 2167 9.
685 2129 719 2154 ct
746 2118 928 2165 Dionysio,
955 2118 1006 2153 lib.
1026 2118 1087 2152 Vl.
1119 2125 1188 2163 cap.

523 2173 581 2218 89.
613 2169 723 2217 patet)
753 2168 796 2203 C.
817 2166 984 2202 Manilius
1010 2165 1188 2201 tribunatu

520 2221 620 2261 inito,
646 2217 719 2266 post
740 2217 907 2263 pauculos
924 2215 995 2250 dies
1025 2215 1189 2250 subnixus

523 2268 762 2304 libertinorum
803 2276 837 2300 et
875 2266 1048 2300 servorum
1084 2276 1187 2299 manu

523 2320 631 2365 legem
663 2316 756 2356 tulit,
784 2324 822 2350 ut
841 2313 1007 2349 libertinis
1026 2314 1058 2347 in
1077 2313 1187 2348 omni-

525 2369 588 2402 bus
607 2366 769 2401 tribubus
789 2363 989 2411 suffragium
1006 2363 1188 2403 effremue-

522 2426 576 2450 tor
595 2414 764 2450 Asconius
782 2418 814 2447 in
836 2413 1053 2449 Cornelianum
1070 2419 1099 2446 et
1118 2413 1189 2447 Mi-

521 2467 690 2500 lanienam.
742 2466 861 2509 Atque
903 2462 967 2498 hoc
1011 2461 1094 2503 Dio,
1137 2460 1190 2495 lib.

814 212 879 253 M.
938 213 994 252 T.
1054 209 1585 251 CICERONIS

1220 306 1400 342 XXXVI.
1421 305 1468 341 ita
1484 305 1601 340 scribit
1616 319 1624 340 z
1657 306 1706 349 τᾷ
1721 304 1794 341 ἔθνει
1812 306 1855 348 τῷ·
1868 309 1891 340 ἲ

1220 357 1404 401 &machiota
1422 358 1446 391 ἔν
1460 371 1490 390 τε
1508 361 1544 399 τῇ
1557 354 1644 403 {pfl-tn
1656 356 1694 390 -13
1711 357 1784 390 ἔτους
1795 355 1890 400 ἱμὲρςι,

1221 408 1246 452 ig}
1262 409 1327 450 τρὶς
1345 402 1463 449 inim,
1485 407 1698 450 πιςειτιιευάσας
1718 406 1795 439 τινὶ(
1811 408 1842 438 ἐκ,
1856 404 1894 438 ‘ri‘

1223 457 1327 498 ὅμίλου,
1338 456 1486 497 -ssupiomss'g
1503 453 1608 497 μᾘτὸν
1626 453 1895 497 ἒξελιυὲιρωσέντωγ

1223 506 1297 543 mie
1312 504 1413 538 ἔδωκεν.
1436 502 1604 549 Qtorum
1621 500 1809 536 verborum
1823 499 1894 535 sen—

1225 550 1342 592 tentia,
1368 562 1387 584 a
1402 549 1507 584 docto
1533 550 1714 597 interprete
1731 561 1800 584 non
1819 548 1895 584 satis

1227 598 1313 633 bene
1339 598 1504 646 expressa,
1530 598 1606 632 haec
1638 597 1710 632 est:
1738 597 1896 633 Manilius

1225 646 1380 683 libertinis
1407 653 1544 681 extremo
1568 647 1646 680 anni
1662 646 1710 681 die
1716 646 1778 691 ficb
1793 647 1895 691 vespe-

1225 707 1310 739 ram,
1337 697 1524 742 comparatis
1542 694 1695 730 nonnullis
1717 707 1733 729 e
1755 694 1895 729 multitu-

1226 743 1308 787 dine,
1335 745 1398 791 lege
1414 743 1482 779 lata
1499 744 1596 787 dedit,
1622 751 1658 778 ut
1675 755 1742 779 cum
1753 746 1898 789 patronis

1220 794 1289 841 suis
1297 794 1458 841 suffragia
1465 793 1607 839 ferrent.

1229 943 1340 983 Anno
1358 942 1467 983 Urbis
1487 941 1583 995 687.
1628 941 1810 981 Ciceronis
1827 953 1896 993 41.

1372 1013 1564 1053 Consules
1592 1012 1758 1052 fuerunt

1272 1076 1337 1115 Μ.
1368 1077 1597 1114 ΑιΜιιιυε
1629 1075 1852 1120 Lamnus,

1270 1137 1320 1176 L.
1342 1137 1621 1176 V0LCAT1us
1653 1137 1862 1176 TULLUS.

1280 1235 1362 1270 Hos
1379 1234 1534 1270 consules
1551 1233 1707 1269 nominat
1723 1233 1848 1270 Cicero
1868 1235 1902 1270 in

1231 1284 1361 1319 Catilin.
1381 1284 1410 1318 I.
1429 1293 1496 1330 cap.
1517 1284 1549 1318 6.
1576 1293 1611 1318 et
1623 1293 1682 1329 pro
1707 1282 1804 1329 Sylla,
1829 1292 1900 1330 cap.

1230 1345 1264 1377 4.
1281 1331 1412 1380 quibus
1430 1331 1499 1380 ipse
1515 1332 1595 1367 Kal.
1611 1332 1691 1377 Jan.
1710 1340 1900 1379 praeturam

1231 1381 1319 1423 iniit,
1345 1392 1452 1428 quarn
1483 1380 1548 1416 hoc
1576 1392 1667 1416 anno
1684 1381 1791 1427 geffit.
1843 1381 1900 1416 ln·

1230 1430 1323 1465 dicat
1360 1429 1532 1465 Asconius
1575 1429 1609 1464 in
1643 1429 1900 1473 Cornelianam‚

1230 1480 1384 1527 Sequenti,
1411 1479 1581 1526 inquiens,
1599 1489 1679 1513 anno
1697 1479 1750 1513 M.
1770 1478 1901 1524 Lepidot,

1231 1529 1275 1564 L.
1307 1527 1461 1571 Volcatio,
1497 1527 1562 1575 aff
1589 1539 1647 1574 quo
1675 1538 1756 1561 anno
1781 1535 1903 1574 pretor

1231 1577 1338 1612 Cicero
1352 1577 1437 1622 suit,
1462 1588 1547 1611 reum
1563 1575 1738 1611 Cornelium
1754 1575 1813 1611 duo
1821 1576 1902 1622 fra-

1231 1634 1296 1662 tres
1313 1626 1446 1661 Cominii
1469 1625 1534 1672 lege
1557 1624 1701 1660 Cornelia
1727 1624 1764 1659 de
1794 1627 1903 1673 majes-

1233 1682 1302 1710 tate
1309 1675 1467 1720 fecerunt.
1520 1673 1654 1710 Indicat
1671 1673 1761 1708 idem
1779 1675 1904 1710 Cicero

1233 1735 1299 1773 pro
1327 1723 1452 1765 Caelio,
1477 1734 1553 1770 cap.
1583 1736 1618 1767 4.
1668 1723 1746 1758 Fuit
1774 1722 1904 1767 affiduus

1234 1784 1344 1808 mecum
1359 1780 1495 1819 pretore
1511 1783 1559 1808 me
1571 1785 1582 1806 :
1610 1783 1670 1807 non
1691 1780 1823 1806 noverat
1841 1773 1903 1808 Ca-

1234 1822 1360 1857 tilinam
1374 1835 1385 1856 .-
1423 1821 1567 1868 Africam
1601 1829 1668 1855 tum
1699 1828 1821 1866 praetor
1852 1821 1905 1856 ille

1233 1871 1415 1907 obtinebat.-
1435 1871 1559 1918 secutus
1575 1869 1614 1914 <st
1643 1881 1754 1911 annus,
1785 1872 1907 1916 causam

1236 1919 1274 1955 de
1284 1922 1424 1967 pecuniis
1445 1920 1621 1966 repetundis
1645 1918 1787 1955 Catilina
1811 1920 1905 1957 dixit.

1238 1971 1359 2017 Qare
1388 1970 1410 2005 fi
1439 1968 1589 2004 Catilina
1616 1967 1750 2003 causam
1778 1968 1821 2003 de
1846 1980 1905 2016 pe·

1237 2019 1348 2054 cuniis
1383 2018 1579 2066 repetundis
1612 2028 1702 2052 anno
1735 2017 1906 2065 sequente,

1237 2069 1342 2103 Cotta
1370 2078 1403 2102 et
1422 2068 1608 2114 Torquato
1632 2066 1714 2101 coss.
1737 2066 1840 2108 dixit,
1867 2077 1907 2102 ut

1237 2128 1279 2152 ex
1298 2115 1452 2152 Asconio
1478 2125 1513 2151 et
1541 2114 1694 2150 oratione
1722 2127 1787 2163 pro
1811 2117 1908 2163 Sylla

1238 2165 1478 2219 cognoscitur:
1520 2164 1585 2199 hoc
1615 2176 1716 2206 anno,
1747 2176 1821 2212 quo
1851 2165 1908 2201 ille

1239 2215 1397 2249 Atticam
1426 2213 1592 2255 obtinuit,
1627 2213 1751 2248 Cicero
1778 2223 1908 2261 praetor

1240 2264 1365 2298 Romae
1383 2261 1462 2297 fuit.
1514 2262 1624 2311 Quod
1644 2262 1715 2297 Dio
1730 2274 1907 2309 exponens

1240 2325 1289 2347 res
1308 2313 1414 2360 gestas
1433 2311 1534 2359 hujus
1549 2311 1627 2345 anni
1645 2310 1764 2346 diserte
1779 2311 1904 2347 scribit.

1291 2362 1422 2396 I’raetor
1439 2361 1562 2396 Cicero
1579 2359 1762 2407 quaestioni
1789 2360 1831 2395 de
1850 2373 1906 2408 pe·

1239 2410 1350 2445 cuniis
1369 2411 1565 2457 repetundis
1590 2408 1746 2457 praefuit,
1773 2419 1812 2444 ut
1843 2409 1908 2456 ipse

1236 2469 1297 2507 pro
1331 2460 1467 2495 Rabirio
1497 2460 1649 2506 Pcylumo,
1688 2467 1757 2505 cap.
1794 2470 1828 2502 4.
1863 2459 1911 2494 ita
