2335 3009
605 207 700 246 AD
757 206 828 258 Q
874 205 1241 246 FRATREM
1298 208 1432 249 LIB.
1484 211 1539 250 11.
1716 227 1764 265 41

375 317 420 344 ac
450 317 498 343 ne
527 303 664 343 rudem
695 303 857 357 quidem
886 303 1005 341 etiam
1036 316 1157 348 nune,
1189 304 1353 344 invitare
1380 306 1507 345 nolui.
1554 308 1648 346 Hoc
1675 322 1765 347 vero

375 370 478 410 mihi
497 369 693 422 peculiare
713 367 848 414 fuerit,
878 367 946 407 hic
966 369 1085 407 etiam
1114 368 1186 408 isto
1214 368 1321 408 frui:
1354 384 1445 410 nam
1474 372 1638 412 illorum
1664 387 1764 426 prae-

375 435 534 473 diorum
554 433 651 472 scito
672 433 774 473 mihi
793 434 973 473 vicinum
1000 434 1179 472 Elatium
1208 434 1344 473 lumen
1373 436 1460 475 effe.
1506 439 1628 491 Apud
1659 440 1762 477 Ani-

374 501 483 539 cium
518 499 768 546 videbimus,
812 509 858 538 ut
892 508 1071 552 paratum
1105 500 1164 539 fit.
1216 500 1304 538 Nos
1339 502 1446 539 enim
1481 502 1535 540 ita
1568 503 1767 557 philologi

375 565 524 611 sumus,
557 575 601 604 ut
630 566 691 604 vel
720 579 814 604 cum
843 565 964 604 fabris
991 565 1167 603 habitare
1187 565 1390 618 poffimus.
1436 568 1644 607 Habemus
1665 569 1767 609 hanc

374 630 684 684 philosophiam,
722 645 802 669 non
836 631 884 669 ab
919 631 1131 683 Hymetto,
1169 630 1233 669 sed
1264 631 1312 669 ab
1344 645 1428 669 area
1460 634 1565 685 Syra.
1612 635 1766 674 Marius

373 706 413 735 et
432 695 656 735 valetudine
675 696 729 735 est
748 705 788 735 et
809 705 944 735 natura
963 696 1219 736 imbecillior.
1260 697 1322 735 De
1342 697 1659 751 interpellatione
1679 709 1768 738 tan-

374 770 463 800 tum
485 761 636 800 sumam
656 775 677 800 a
697 762 808 801 vobis
834 762 1024 816 temporis
1054 762 1101 800 ad
1131 762 1398 809 scribendum,
1429 774 1623 816 quantum
1655 765 1768 804 dabi-

375 827 442 866 tis.
476 827 643 865 Utinam
666 826 768 865 nihil
789 827 905 872 detis,
937 836 982 866 ut
1001 828 1133 881 potius
1155 828 1276 866 vestra
1295 828 1452 880 injuria,
1476 843 1596 882 quarn
1616 831 1770 883 ignavia

376 906 477 938 mea,
507 892 647 930 cess‘em
667 892 674 930 ἔ
709 893 771 931 De
792 893 995 946 republica
1015 894 1188 932 nimium
1210 902 1247 931 tc
1267 893 1440 932 laborare
1461 895 1589 941 doleo,
1620 905 1659 934 et
1683 910 1769 934 me·-

375 958 517 996 liorem
537 958 665 996 civem
685 957 772 1004 effe,
795 972 914 1012 quam
937 957 1215 1004 Philoctetem,
1239 959 1324 1011 qui,
1345 969 1504 1013 accepta
1523 961 1681 1013 injuria,
1703 962 1772 1000 illa

377 1023 594 1077 spectacula
612 1023 824 1076 quaerebat,
843 1038 929 1077 quae
950 1024 1026 1062 tibi
1046 1025 1184 1063 acerba
1202 1024 1275 1062 effe
1291 1024 1419 1064 video.
1452 1027 1608 1065 Amabo
1631 1036 1682 1071 te,
1701 1027 1770 1065 ad·-

379 1089 493 1127 vola:
526 1088 756 1127 consolabor
775 1099 828 1134 te,
850 1098 889 1128 et
912 1103 1073 1128 omnem
1094 1090 1321 1142 abstergebo
1342 1090 1518 1130 dolorem
1535 1111 1546 1137 ς
1570 1101 1609 1131 et
1629 1092 1770 1139 adduc,

379 1155 408 1193 si
428 1167 492 1194 me
512 1167 631 1200 arnas,
663 1154 856 1194 Marium.
900 1154 974 1193 Sed
994 1155 1260 1209 adproperate.
1302 1155 1457 1196 Hortus
1479 1156 1589 1197 domi
1608 1157 1676 1197 est.

697 1355 967 1395 MARcus
1014 1355 1083 1408 Q
1115 1354 1370 1395 FRATR1
1417 1356 1457 1395 S.

381 1486 457 1525 XI.
482 1485 549 1558 E
564 1485 594 1524 P
610 1486 627 1524 I
645 1486 668 1523 S
682 1486 720 1523 T
737 1486 773 1523 O
789 1486 824 1524 L
836 1486 874 1524 A
887 1485 936 1523 M
965 1484 1068 1523 hanc
1097 1484 1280 1523 convicio
1311 1483 1576 1537 efflagitarunt
1596 1483 1776 1524 codicilli

580 1551 667 1590 tui:
700 1563 792 1588 nam
821 1564 880 1589 res
910 1550 1074 1603 quidem
1100 1550 1195 1603 ipsa,
1226 1559 1266 1588 et
1295 1551 1327 1589 is
1352 1550 1434 1589 dies
1455 1564 1535 1602 quo
1557 1559 1599 1588 tu
1619 1564 1658 1590 es
1678 1564 1775 1604 pro·

380 1615 523 1662 fectus,
555 1616 657 1655 nihil
687 1614 790 1654 mihi
819 1615 866 1654 ad
896 1616 1147 1655 scribendum
1176 1616 1399 1668 argumenti
1420 1616 1506 1654 sane
1526 1615 1656 1655 dabat.
1703 1615 1777 1654 Sed

381 1682 718 1736 quemadmodum
739 1695 872 1720 coram
891 1696 985 1721 cum
1007 1682 1156 1727 sumus,
1188 1682 1313 1720 sermo
1334 1682 1448 1720 nobis
1470 1681 1591 1720 deeffe
1611 1696 1691 1720 non
1712 1681 1774 1721 so-

379 1748 451 1794 let,
482 1748 533 1787 fic
553 1748 724 1802 epistolae
745 1747 881 1787 nostrae
901 1747 1047 1786 debent
1066 1748 1267 1786 interdum
1289 1747 1538 1785 hallucinari.
1570 1747 1775 1785 Tenedio-

382 1827 471 1855 rum
492 1815 616 1867 igitur
636 1813 795 1852 libertas
817 1813 940 1852 securi
962 1814 1139 1852 Tenedia
1158 1813 1315 1866 praecisa
1335 1813 1387 1851 est
1403 1832 1416 1858 ;
1439 1826 1533 1851 cum
1552 1826 1617 1851 eos
1638 1822 1777 1866 praeter

381 1895 460 1927 me,
491 1890 530 1919 et
560 1880 768 1925 Bibulum,
799 1889 838 1918 et
860 1880 1078 1925 Calidium,
1108 1889 1148 1918 et
1179 1880 1415 1924 Favonium,
1447 1893 1564 1917 nemo
1588 1879 1776 1919 defende-

383 1955 454 1986 ret.
502 1947 565 1984 De
595 1955 632 1984 te
663 1945 788 1997 magis
819 1946 866 1983 ab
898 1945 1033 1997 Sipylo
1053 1946 1206 1984 mentio
1226 1945 1279 1983 est
1299 1943 1519 1983 honorifica
1537 1943 1651 1990 facta,
1683 1959 1777 1984 cum

383 2021 421 2050 te
442 2025 567 2050 unum
588 2011 764 2049 dicerent
785 2011 1039 2063 postulationi
1070 2012 1119 2050 L.
1144 2011 1266 2049 Sextii
1297 2009 1426 2048 Pansae
1457 2009 1645 2048 restitiffe.
1692 2011 1775 2049 Re-

383 2077 504 2130 liquis
526 2077 680 2122 diebus,
712 2077 738 2115 fi
760 2077 857 2130 quid
878 2078 967 2123 erit,
998 2077 1106 2130 quod
1128 2086 1166 2114 te
1187 2077 1281 2115 scire
1303 2090 1401 2129 opus
1423 2076 1483 2121 sit,
1515 2085 1581 2114 aut
1601 2076 1720 2114 etiam
1750 2076 1777 2115 fi

385 2142 487 2181 nihil
516 2143 604 2188 erit,
638 2152 769 2181 tamen
804 2142 972 2181 scribam
1002 2142 1182 2195 quotidie
1212 2141 1378 2194 aliquid.
1411 2141 1519 2180 Prid.
1555 2141 1615 2180 Id.
1649 2155 1778 2194 neque

385 2208 474 2254 tibi,
506 2222 633 2261 neque
665 2210 903 2262 Pomponio,
935 2209 1064 2247 deero.
1111 2209 1291 2247 Lucretii
1324 2216 1517 2261 poemata,
1550 2216 1593 2245 ut
1623 2207 1776 2253 scribis,

385 2274 439 2311 ita
466 2273 554 2312 sunt
583 2274 722 2313 multis
753 2274 976 2313 luminibus
1006 2274 1186 2327 ingenii3
1219 2274 1355 2312 multae
1389 2283 1517 2310 tamen
1550 2272 1657 2310 artis.
1704 2272 1778 2310 Sed

382 2352 478 2377 cum
499 2340 664 2385 veneris,
687 2340 816 2379 virum
839 2350 876 2379 te
895 2341 1059 2394 putabo,
1083 2341 1108 2379 fi
1131 2340 1301 2379 Sallustii
1322 2338 1587 2391 Empedoclea
1607 2338 1746 2391 legeris
1762 2357 1775 2384 ς

385 2404 592 2444 hominem
615 2419 693 2443 non
716 2407 878 2459 putabo.
913 2407 1022 2447 Vale.

472 2472 612 2510 ToM.
645 2471 720 2511 IX.
1451 2471 1481 2509 F
