2335 3009
661 199 754 238 AD
812 198 882 249 Q
928 197 1294 237 FRATREM
1353 199 1488 240 LIB.
1538 203 1574 242 1.
1761 217 1811 260 23

426 295 636 350 Pompeius
657 294 791 333 omnia
807 293 1036 347 pollicetur,
1067 302 1106 332 et
1133 294 1285 334 Caesar:
1317 296 1463 349 quibus
1491 311 1564 351 ego
1595 299 1649 338 ita
1679 302 1811 349 credo,

424 372 470 401 ut
489 361 591 400 nihil
611 360 659 398 de
678 373 765 398 mea
784 359 1076 412 comparatione
1091 359 1328 400 diminuam.
1347 363 1522 402 Tribuni
1541 364 1668 418 plebis
1686 367 1811 421 defig-

422 428 504 467 nati
524 427 614 465 sunt
634 427 748 465 nobis
769 425 902 464 amici.
927 426 1117 464 Consules
1139 426 1176 464 se
1195 428 1347 480 optIme
1367 429 1590 471 ostendunt.
1624 433 1811 474 Praetores

420 493 611 532 habemus
646 491 913 538 amiciffimos,
943 502 983 530 et
1016 493 1224 531 acerrimos
1258 495 1377 540 cives,
1410 496 1655 545 Domitium,
1687 501 1810 554 Nigi-

420 560 548 604 dium,
586 559 847 604 Memmium,
885 559 1133 598 Lentulum:
1167 559 1290 598 bonos
1325 562 1444 600 etiam
1477 563 1602 610 ali0s;
1641 566 1703 604 sed
1737 567 1809 606 hos

417 625 645 678 singulares.
689 625 821 681 Qare
850 638 1042 677 magnum
1072 624 1135 663 fac
1160 626 1339 665 animum
1359 627 1515 675 habeas,
1547 639 1585 668 et
1606 630 1712 683 spem
1736 632 1807 671 bo-

417 705 525 730 nam.
559 692 621 729 De
641 690 803 743 singulis
825 699 956 729 tamen
977 691 1107 736 rebus,
1139 705 1226 744 quae
1246 693 1425 746 quotidie
1444 706 1644 748 gerantur,
1667 697 1810 737 faciam

418 766 458 796 te
477 758 615 796 crebro
635 757 859 796 certiorem.

733 960 1002 999 MARCUS
1050 961 1403 1012 QFRATR1
1452 964 1491 1002 S.

416 1090 494 1129 ΙΙΙ,
519 1089 610 1162 M
626 1089 644 1126 I
673 1088 806 1134 frater,
838 1089 895 1127 mi
917 1089 1049 1135 frater,
1080 1089 1136 1128 mi
1157 1088 1289 1136 frater,
1322 1100 1417 1129 tune
1443 1091 1484 1129 id
1505 1092 1650 1132 veritus
1671 1107 1725 1140 es,
1757 1109 1806 1134 ne

641 1167 714 1206 ego
734 1154 935 1192 iracundia
954 1154 1085 1207 aliqua
1105 1154 1293 1192 adductus
1313 1170 1454 1208 pueros
1475 1158 1521 1195 ad
1549 1167 1586 1196 te
1614 1160 1690 1198 sine
1712 1161 1804 1199 lite-

414 1220 467 1258 ris
488 1219 661 1258 miserim
680 1220 694 1256 ?
725 1227 792 1257 aut
811 1221 945 1263 etiam,
969 1233 1016 1256 ne
1038 1229 1075 1257 te
1095 1219 1225 1257 videre
1245 1220 1440 1260 noluerim
1460 1224 1473 1260 ?
1506 1224 1594 1275 Ego
1616 1225 1688 1263 tibi
1710 1227 1803 1265 iras-

415 1298 521 1323 cerer
539 1286 552 1322 ?
585 1284 660 1322 tibi
680 1297 753 1336 ego
773 1284 920 1336 possem
941 1284 1051 1321 irasci
1071 1285 1084 1321 ?
1116 1284 1265 1322 scilicet
1284 1299 1292 1322 :
1326 1293 1368 1323 tu
1389 1288 1496 1325 enim
1519 1301 1581 1326 me
1602 1289 1772 1329 afflixisti
1791 1307 1801 1331 ε

413 1352 471 1390 tui
492 1364 556 1389 me
576 1350 747 1396 inimici,
779 1360 845 1388 tua
864 1363 928 1388 me
949 1349 1111 1396 invidia,
1143 1364 1186 1388 ac
1208 1363 1286 1388 non
1309 1364 1382 1403 ego
1403 1361 1440 1390 te
1467 1353 1604 1392 misere
1633 1356 1800 1408 perdidi.

411 1418 530 1456 Meus
552 1417 620 1455 ille
640 1416 818 1455 laudatus
840 1416 1080 1462 consulatus,
1112 1416 1214 1454 mihi
1236 1426 1287 1462 te,
1320 1417 1479 1464 liberos,
1513 1421 1692 1473 patriam,
1717 1422 1801 1461 for-

409 1492 551 1529 tunas;
584 1483 660 1521 tibi
689 1483 810 1522 velim
840 1497 889 1521 ne
918 1482 1014 1536 quid
1044 1483 1246 1536 eripuerit,
1279 1493 1419 1535 praeter
1447 1499 1573 1524 unum
1604 1500 1681 1527 me.
1729 1490 1802 1528 Sed

408 1558 512 1587 certe
533 1563 553 1587 a
573 1559 612 1587 te
631 1548 733 1587 mihi
753 1550 887 1587 omnia
907 1549 1058 1602 semper
1077 1548 1237 1587 honesta
1256 1559 1295 1588 et
1309 1551 1487 1602 jucunda
1506 1553 1757 1601 ceciderunt;
1781 1570 1802 1594 a

409 1629 474 1654 me
495 1616 570 1653 tibi
590 1616 718 1653 ludtus
740 1629 834 1654 meae
855 1615 1104 1661 calamitatis,
1135 1625 1265 1654 metus
1296 1626 1386 1662 tuae,
1418 1618 1664 1666 defiderium,
1695 1635 1798 1660 moe-

407 1695 485 1727 ror,
516 1681 702 1720 solitudo.
750 1683 838 1734 Ego
870 1691 907 1720 te
938 1681 1068 1720 videre
1099 1682 1328 1721 noluerim?
1362 1685 1493 1722 Immo
1513 1699 1603 1723 vero
1630 1700 1693 1725 me
1719 1701 1740 1725 a
1761 1698 1799 1726 te

406 1747 530 1786 videri
565 1747 691 1785 nolui.
738 1748 834 1786 Non
870 1748 977 1785 enirn
1012 1747 1164 1786 vidiffes
1198 1747 1359 1787 fratrem
1395 1759 1536 1789 tuum:
1575 1765 1654 1789 non
1690 1767 1796 1799 eum,

407 1827 528 1866 quern
563 1812 802 1865 reliqueras:
844 1826 924 1851 non
958 1826 1064 1858 eum,
1097 1826 1217 1865 quem
1252 1827 1390 1852 noras:
1424 1828 1503 1853 non
1538 1829 1644 1862 eum,
1676 1832 1796 1871 quern

404 1879 502 1918 flens
524 1879 698 1924 flentem,
730 1879 1030 1932 prosequentem
1055 1879 1320 1931 proficiscens,
1353 1880 1578 1920 dimiseras:
1611 1896 1659 1921 ne
1679 1884 1795 1923 vesti-

403 1945 516 1998 gium
551 1943 713 1997 quidem
747 1945 845 1996 ejus,
878 1958 948 1982 nec
983 1944 1263 1989 simulacrum,
1297 1945 1359 1982 sed
1395 1946 1590 1998 quandam
1622 1949 1794 2001 effigiem

405 2012 586 2064 spirantis
607 2011 769 2049 mortui.
818 2012 952 2063 Atque
981 2011 1133 2049 utinam
1164 2025 1227 2049 me
1256 2022 1461 2050 mortuum
1490 2014 1599 2065 prius
1625 2016 1792 2062 vidiffes,

403 2087 470 2116 aut
489 2076 677 2115 audiss'es!
712 2077 877 2115 Utinam
907 2087 946 2115 te
966 2090 1044 2115 non
1066 2077 1193 2115 solum
1214 2078 1318 2123 vitae‚
1349 2078 1412 2116 sed
1441 2080 1560 2117 etiam
1589 2081 1792 2133 dignitatis

403 2156 512 2188 mea»,
543 2143 787 2196 superstitem
808 2143 1048 2195 reliquissem
1067 2143 1074 2180 !
1109 2143 1182 2181 Sed
1204 2143 1318 2182 testor
1338 2157 1474 2183 omnes
1496 2146 1602 2191 deos,
1634 2160 1697 2185 me
1717 2147 1791 2186 hac

404 2221 480 2246 una
504 2222 599 2247 voce
630 2222 650 2246 a
681 2218 808 2247 morte
839 2209 910 2247 esse
943 2218 1182 2255 revocatum,
1213 2210 1321 2262 quod
1353 2224 1489 2249 omnes
1522 2212 1563 2248 in
1595 2226 1681 2250 mea
1711 2215 1790 2252 vita

403 2282 553 2325 partem
573 2274 744 2326 aliquam
767 2283 842 2312 tuae
862 2275 950 2312 vitae
972 2275 1177 2327 repositam
1198 2275 1269 2312 effe
1290 2275 1487 2314 dicebant.
1532 2277 1662 2328 Qare
1692 2291 1788 2330 pec-

402 2339 500 2384 cavi,
532 2338 789 2393 scelerateque
819 2340 923 2379 feci:
958 2355 1048 2379 nam
1084 2342 1109 2379 fi
1144 2342 1380 2387 cecidissem,
1411 2355 1516 2380 mors
1552 2342 1632 2395 ipsa
1660 2357 1788 2384 meam

401 2405 587 2457 pietatem
607 2418 858 2459 amoremque
878 2408 918 2445 in
941 2416 978 2445 te
1005 2406 1121 2445 facile
1153 2407 1391 2447 defenderet.
1438 2409 1560 2447 Nunc
1592 2412 1786 2457 commifi,

399 2479 446 2511 ut
477 2471 567 2511 vivo
600 2484 665 2510 me
697 2484 858 2520 careres,
903 2473 993 2513 vivo
1027 2487 1090 2513 me
1123 2474 1210 2514 aliis
1249 2475 1471 2528 indigeres:
1517 2488 1604 2515 mea
1633 2490 1710 2516 vox
1743 2478 1786 2517 in
