2335 3009
513 255 592 297 ¹74

554 338 647 386 Qeid
672 350 740 376 eum
769 339 910 384 accusem,
936 340 990 386 qui
1020 337 1056 373 id
1076 340 1180 385 parvi

603 387 713 424 auditu
729 388 879 431 existimet
891 389 910 419 ἕ

554 437 714 472 XXVII.
734 437 820 472 Non
838 435 1060 471 incommoda
1077 435 1178 472 ratio-

506 498 549 522 ne
581 484 720 521 videtur
753 485 815 520 fibi
847 484 1036 528 ostendisse,
1072 497 1179 532 quare

506 546 576 570 non
601 533 781 570 accusaret.
824 533 926 583 Qid
943 533 1042 581 quod
1065 533 1182 581 postea

506 583 554 618 ait
570 584 583 618 ?

553 631 652 669 Nunc
667 642 719 678 ego
736 640 768 668 te
784 631 825 667 ab
831 631 952 678 ficmmo
953 631 1028 678 jam
1041 630 1182 666 detexam

606 680 740 716 exordio.

507 729 597 767 Item
626 729 789 765 vitiosum
821 729 881 771 est,
923 728 1022 777 quod
1053 728 1182 770 dicitur

508 789 629 815 contra
640 777 770 825 judicis
794 778 1024 818 voluntatem,
1044 787 1103 811 aut
1124 789 1178 812 eo-

508 840 600 868 rum,
631 826 693 874 qui
720 827 878 869 audiunt,
914 827 939 862 si
968 835 1027 861 aut
1055 835 1181 873 partes,

509 876 640 924 quibus
671 875 720 910 illi
748 875 896 918 student,
924 885 983 910 aut
1013 874 1181 917 homines,

509 937 600 973 quos
630 924 679 959 illi
708 936 803 959 caros
832 924 970 967 habent,
998 923 1182 966 laedantur,

510 984 571 1009 aut
616 973 734 1020 aliquo
769 971 965 1019 hujusmodi
999 971 1086 1008 vitio
1121 972 1181 1006 lae-

509 1022 613 1058 datur
653 1021 818 1057 auditoris
860 1022 1033 1057 voluntas.
1094 1020 1182 1055 Item

510 1069 672 1106 vitiosum
689 1069 750 1111 est,
778 1082 846 1106 non
862 1083 980 1105 omnes
995 1081 1045 1104 res
1059 1070 1182 1104 confir-

510 1131 615 1162 mare,
642 1131 729 1166 quas
746 1119 924 1166 pollicitus
938 1119 979 1153 fis
999 1118 1033 1152 in
1050 1117 1183 1163 exposi-

454 1167 458 1170 ’
509 1167 614 1203 tione.
658 1167 747 1202 Item
773 1167 962 1201 verendum
988 1166 1047 1207 est,
1075 1178 1117 1200 ne
1141 1165 1185 1200 de

511 1216 577 1251 alia
590 1228 625 1250 re
641 1215 788 1258 dicatur,
815 1227 896 1250 cum
916 1215 980 1250 alia
993 1215 1035 1250 de
1050 1226 1083 1249 re
1100 1226 1183 1250 con-

511 1264 673 1301 troverfia
691 1265 741 1306 fit,
760 1264 866 1312 inque
883 1262 1079 1310 hujusmodi
1101 1263 1185 1298 vitio

511 1313 798 1350 confiderandum
822 1313 884 1356 est,
910 1326 952 1348 ne
970 1322 1030 1348 aut
1049 1312 1090 1346 ad
1114 1323 1184 1347 rem

513 1361 660 1398 addatur
676 1362 775 1410 quid,
807 1371 866 1397 aut
887 1361 1070 1409 quippiam
1092 1361 1135 1395 de
1153 1372 1188 1395 re

513 1411 740 1452 detrahatur·‚
778 1420 837 1445 aut
872 1420 945 1445 tota
977 1409 1076 1444 causa
1109 1421 1186 1444 mu-

514 1469 585 1494 tata
599 1459 633 1494 in
644 1458 744 1494 aliam
759 1458 893 1494 causam
908 1459 1092 1494 derivetur.
1120 1458 1187 1493 Uti

515 1508 609 1555 apud
628 1507 823 1543 Pacuvium
842 1507 974 1543 Zethus
993 1519 1075 1542 cum
1099 1507 1187 1542 Am-

515 1557 654 1605 phione,
680 1569 806 1605 quorum
825 1557 1032 1599 controversia
1054 1569 1128 1591 ‘cum
1153 1555 1190 1590 de

514 1606 627 1648 musica
655 1605 782 1641 mdutta
801 1605 862 1650 fit,
887 1604 1053 1651 disputatio
1069 1607 1116 1646 ‚in
1135 1606 1189 1651 sa-

507 1657 640 1702 pientiae
657 1657 808 1689 rationem
824 1662 854 1689 et
871 1656 1004 1688 virtutis
1023 1653 1190 1689 utilitatem

515 1705 709 1750 consumitur.
772 1703 861 1738 Item
903 1703 1187 1738 considerandum

515 1752 576 1796 est,
604 1764 644 1787 ne
662 1752 756 1787 aliud
774 1751 977 1787 accusatoris
996 1751 1189 1786 criminatio

516 1801 702 1845 contineat,
746 1800 840 1836 aliud
882 1799 1066 1836 defensoris
1103 1800 1189 1835 ratio

517 1860 663 1899 purget:
719 1849 789 1885 uod
807 1849 897 1898 saepe
913 1849 1071 1884 consulto
1088 1849 1189 1885 multi

518 1899 563 1934 ab
601 1911 657 1934 reo
691 1862 838 1941 paciunt,
882 1898 1046 1946 angustiis
1081 1898 1190 1934 causae

518 1947 640 1983 coaffi.
686 1947 764 1989 Uti,
779 1947 814 1990 st
837 1949 906 1996 quis
927 1960 993 1983 cum
1020 1948 1190 1994 accusetur,

517 1996 640 2032 ambitu
667 1996 883 2042 magistratum
896 1994 1014 2043 μηβὲ,
1038 1997 1080 2031 ab
1097 1998 1191 2042 impe-

518 2045 892 2092 ratoribussaepenumero
903 2046 940 2091 se
965 2044 1052 2091 apud
1078 2047 1192 2080 exerci-

520 2104 587 2132 tum
603 2093 751 2131 donatum
769 2094 820 2141 ςθὲ
834 2093 932 2129 dicat.
975 2093 1059 2129 Hoc
1091 2093 1114 2129 si
1140 2093 1192 2129 di-

485 2162 488 2165 <
521 2144 665 2192 ligenter
692 2143 726 2178 in
744 2142 1011 2179 adversariorum
1041 2142 1194 2179 oratione

520 2191 828 2235 observaverimus,
859 2191 948 2239 saepe
965 2191 1193 2239 deprehende-

523 2254 615 2284 mus,
639 2250 674 2277 et
691 2241 726 2277 in
744 2240 939 2288 hujusmodi
956 2240 1192 2288 deprehensio-

523 2303 566 2326 ne
582 2289 813 2333 ostendemus,
837 2302 896 2326 eos
919 2289 964 2326 de
990 2301 1081 2326 care
1107 2290 1193 2344 quid

522 2339 653 2382 dicant,
687 2351 756 2383 non
787 2339 921 2376 habere.
973 2338 1062 2376 Imm
1094 2338 1196 2375 vitio-

525 2387 599 2424 sum
626 2387 686 2430 est,
712 2398 818 2424 artem
845 2398 906 2425 aut
938 2387 1111 2425 scientiam
1137 2397 1198 2423 aut

526 2437 677 2474 studium
689 2437 880 2492 quodpiam
889 2437 1082 2485 vituperare
1159 2449 1196 2491 p-

525 2496 576 2527 ter
592 2498 713 2524 eorum
735 2488 832 2531 vitia,
858 2486 921 2536 qui
951 2485 986 2522 in
1012 2498 1056 2526 eo
1084 2449 1199 2523 mio

813 241 1594 282 RHETORICORUM

1227 337 1326 373 sunt:
1355 339 1474 381 veluti,
1500 341 1551 387 qui
1568 339 1756 374 rhetoricam
1774 340 1900 387 vitupe-

1226 395 1315 428 rant,
1340 396 1468 434 propter
1491 389 1623 435 alicujus
1651 391 1787 423 oratoris
1812 392 1899 424 vitu-

1220 437 1395 482 perandam
1427 439 1542 472 vitam.
1606 437 1694 473 Item
1737 437 1899 473 vitiosum

1227 485 1286 526 est,
1311 497 1352 520 ex
1377 498 1430 527 eo,
1457 486 1553 533 quod
1572 498 1748 533 perperam
1767 485 1900 522 faCtum

1229 534 1293 568 effe
1311 533 1453 573 constat,
1481 545 1600 581 putare
1621 535 1765 577 ostendi,
1791 547 1810 569 a
1827 547 1901 582 quo

1231 582 1369 617 homine
1400 581 1532 618 saecum
1565 583 1625 625 est,
1669 583 1734 618 hoc
1769 585 1899 619 modo:

1230 633 1400 666 Mortuum
1417 631 1636 675 deformatum,
1655 639 1773 667 tumore
1783 633 1901 678 praedi-

1231 688 1309 720 tum,
1335 681 1513 722 coloratum,
1531 679 1625 726 fuiffi
1641 681 1760 725 cmfiat.
1813 682 1904 727 Ergo

1230 741 1344 763 veneno
1372 736 1496 764 necatus
1523 729 1573 773 est.
1626 729 1773 771 Deinde,
1811 730 1833 765 fi
1863 730 1904 765 sit

1232 777 1339 824 usque
1370 777 1403 812 in
1430 790 1472 812 eo
1500 788 1693 824 occupatus
1724 782 1781 824 (ut
1800 779 1903 814 multi

1231 824 1381 869 faciunt)
1402 838 1571 861 venenum
1587 828 1721 867 datum,
1734 827 1819 862 vitio
1833 839 1903 862 non

1232 875 1395 910 mediocri
1426 875 1652 910 confliaetur.
1700 877 1782 911 Non
1810 876 1903 912 enim

1232 923 1408 958 fafitumne
1426 924 1478 967 fit,
1504 924 1687 971 quaeritur,
1715 924 1768 959 sed
1794 937 1813 959 a
1830 937 1905 973 quo

1231 972 1363 1007 fadkum
1382 972 1432 1007 fit.

1282 1021 1456 1056 XXVIII.
1483 1020 1569 1054 Item
1597 1020 1760 1056 vitiosum
1782 1021 1843 1064 est,
1870 1021 1906 1057 in

1233 1069 1473 1116 comparandis
1509 1068 1610 1104 rebus
1653 1070 1793 1105 alteram
1834 1083 1907 1106 rem

1233 1117 1363 1159 efferre,
1393 1117 1436 1152 de
1464 1117 1568 1152 altera
1597 1118 1805 1154 mentionem
1837 1131 1907 1154 non

1233 1164 1355 1208 facere,
1382 1176 1441 1201 aut
1463 1166 1692 1213 negligentius
1708 1167 1905 1214 disputare:

1236 1224 1274 1249 ut
1305 1215 1329 1249 s1
1358 1224 1590 1261 comparetur,
1616 1224 1719 1251 utrum
1739 1218 1843 1262 satius
1861 1217 1909 1262 fit

1229 1272 1380 1310 poputum
1387 1264 1583 1310 frumentum
1599 1267 1747 1311 accipere,
1761 1278 1804 1300 an
1820 1267 1908 1301 non?

1235 1325 1316 1359 quae
1351 1313 1536 1347 commoda
1571 1313 1635 1348 fint
1667 1314 1698 1348 in
1729 1315 1832 1349 altera
1861 1327 1908 1356 re,

1237 1371 1332 1396 curet
1362 1373 1586 1398 enumerare:
1625 1375 1706 1409 quae
1736 1364 1770 1398 in
1805 1364 1909 1398 altera

1238 1410 1458 1445 incommoda
1500 1411 1576 1453 sint,
1622 1412 1720 1446 velut
1759 1413 1911 1459 depreffa

1237 1469 1442 1506 praetereat·‚
1477 1469 1538 1494 aut
1568 1471 1619 1502 ea,
1654 1472 1737 1507 quae
1769 1461 1912 1496 minima

1239 1508 1328 1549 sunt,
1355 1507 1457 1542 dicat.
1505 1508 1590 1543 Item
1609 1507 1769 1544 vitiosum
1787 1509 1847 1552 est,
1876 1511 1910 1544 in

1240 1557 1341 1592 rebus
1364 1558 1604 1604 comparandis
1634 1559 1761 1592 necefl‘e
1790 1569 1912 1605 putare

1239 1606 1380 1640 alteram
1410 1617 1481 1640 rem
1501 1605 1701 1653 vituperari,
1729 1619 1810 1642 cum
1829 1608 1911 1642 alte-

1241 1665 1346 1689 teram
1365 1654 1491 1689 laudes.
1512 1656 1623 1702 Quod
1641 1668 1762 1702 genus,
1774 1656 1795 1690 fi
1812 1669 1911 1703 quae-

1239 1714 1345 1745 ratur,
1379 1706 1459 1739 utris
1494 1715 1594 1749 major
1623 1704 1720 1738 honor
1753 1705 1912 1740 habendus

1226 1753 1287 1797 sit,
1314 1752 1510 1794 Albenstbus,
1534 1765 1576 1786 an
1609 1754 1776 1797 Venustuis,
1814 1754 1912 1801 quod

1240 1801 1442 1848 reipublicae
1459 1811 1493 1836 et
1511 1801 1646 1849 populo
1660 1802 1820 1837 Romano
1833 1815 1912 1850 pro-

1240 1849 1395 1891 fuerunt,
1433 1860 1467 1886 et
1497 1850 1539 1893 is,
1574 1850 1636 1898 qui
1667 1851 1763 1896 dicit*
1786 1852 1913 1894 alteris,

1241 1899 1364 1934 alteros
1389 1898 1504 1934 laedat.
1557 1900 1640 1935 Non
1667 1900 1759 1936 enim
1787 1901 1914 1936 necesse

1240 1948 1301 1990 est,
1327 1948 1353 1984 s1
1370 1948 1492 1983 alteros
1509 1960 1706 1996 praeponas,
1721 1950 1844 1985 alteros
1862 1949 1913 1984 vi-

1243 2007 1410 2044 tuperare.
1464 1997 1552 2033 Fieri
1581 1997 1673 2033 enim
1705 1998 1828 2046 potest,
1862 2009 1915 2040 ut,

1242 2057 1324 2081 cum
1359 2046 1482 2081 alteros
1517 2045 1625 2094 magis
1654 2047 1815 2088 laudaris,
1855 2047 1916 2082 ali-

1243 2107 1349 2141 quam
1380 2094 1492 2130 alteris
1523 2095 1634 2130 laudis
1660 2106 1790 2143 partem
1818 2096 1917 2131 attri-

1246 2143 1344 2186 buas,
1382 2156 1422 2179 ne
1448 2144 1574 2191 cupide
1603 2145 1767 2192 pugnasse
1796 2155 1918 2181 contra

1245 2193 1423 2228 veritatem
1453 2192 1593 2239 puteris,
1648 2194 1734 2229 Item
1754 2193 1917 2230 vitiosum

1242 2241 1304 2285 est,
1321 2241 1364 2277 de
1382 2241 1520 2277 nomine
1535 2252 1568 2277 et
1586 2243 1761 2278 vocabulo
1776 2241 1852 2289 ejus
1869 2243 1916 2279 rei

1244 2289 1510 2327 controverfi⁸m
1542 2291 1677 2332 struere,
1707 2303 1814 2338 quam
1846 2304 1917 2328 κω

1245 2338 1457 2376 consuetudo
1475 2340 1583 2388 potest
1601 2340 1733 2388 optime
1747 2339 1917 2387 judicare.

1247 2387 1357 2424 Velut
1383 2389 1574 2436 Sulpicius.
1600 2389 1661 2436 qui
1682 2389 1919 2431 intercesserat.

1249 2449 1290 2473 ne
1317 2438 1450 2479 exules,
1483 2437 1614 2485 quibus
1641 2437 1776 2475 causam
1804 2438 1919 2474 dicere

1248 2498 1319 2524 non
1347 2486 1504 2531 licuiss'et,
1537 2488 1792 2530 reducerentur,
1827 2486 1919 2529 idem
