2335 3009
619 248 718 286 AD
777 246 1291 287 HERENNIUM
1349 227 1608 290 L11'3.111.

410 341 488 378 bello
513 343 626 378 Italico
647 343 738 389 sociis
762 344 928 378 civitatem
946 341 1011 385 det,
1039 355 1082 378 an

409 404 480 426 non.
533 393 574 427 In
594 392 724 438 quibus
753 391 860 426 caulis
887 392 933 426 rei
961 401 1082 427 natura

408 439 512 474 faciet
537 440 829 481 deliberationem,
855 440 967 475 omnis
995 441 1081 475 ratio

409 489 452 523 ad
471 488 575 535 ipsam
595 501 664 523 rem
679 489 1008 524 accommodabitur.
1039 490 1079 524 In

407 537 539 583 quibus
555 548 715 572 extranea
732 537 831 572 causa
844 538 1003 572 conficiet
1021 538 1077 572 de-

409 585 657 628 liberationem,
685 585 719 620 in
747 586 799 621 his
823 598 861 620 ea
887 585 956 633 ipsa
981 586 1080 621 causa

407 634 472 668 erit
510 634 711 681 adaugenda
753 645 813 669 aut
844 635 1077 682 deprimenda.

407 684 569 718 Omnem*
584 684 750 718 rationem
775 696 894 718 eorum
918 683 979 730 qui
1006 683 1078 718 sen-

406 732 547 766 tentiam
577 732 704 774 dicent,
733 732 835 767 finem
863 732 926 768 fibi
954 744 1078 767 conve-

406 780 478 815 niet
493 780 650 815 utilitatis
666 793 870 835 proponere,
897 791 937 816 ut
965 781 1079 816 omnis

405 840 447 863 eo
465 829 571 864 totius
587 829 751 864 orationis
769 830 856 864 ratio
869 828 1076 865 conferatur.

407 877 553 912 Utilitas
592 877 626 912 in
661 878 747 912 duas
774 888 887 925 partes
917 880 952 913 in
981 878 1077 913 civili

406 926 656 961 consultatione
685 927 865 969 dividitur,
893 937 1018 970 tutam,
1043 937 1078 962 et

407 974 594 1010 honestam.
633 977 732 1010 Tuta
748 976 807 1018 est,
836 987 918 1024 quae
937 977 1078 1011 conficit

408 1023 560 1059 instantis
586 1033 646 1059 aut
668 1023 905 1078 consequentis
933 1024 1077 1072 periculi

405 1071 608 1107 vitationem
626 1072 782 1120 qualibet
799 1073 938 1108 ratione.
983 1074 1077 1108 Haec

405 1120 624 1156 distribuitur
667 1121 700 1156 in
742 1134 815 1156 vim
857 1132 891 1156 et
928 1122 1074 1158 dolum:

405 1181 558 1217 quorum
575 1180 636 1205 aut
649 1170 795 1205 alterum
813 1170 1003 1218 separatim,
1018 1180 1078 1205 aut

407 1228 597 1266 utrumque
638 1218 811 1254 sumemus
851 1218 1076 1265 conjunfilim.

405 1267 470 1301 Vis
480 1267 674 1302 decernitur
685 1279 744 1315 per
757 1268 939 1311 exercitus,
949 1268 1077 1309 claffes,

405 1327 512 1359 arma,
547 1326 728 1358 tormenta,
767 1316 984 1351 evocationes
1018 1316 1078 1351 ho-

405 1364 553 1407 minum,
591 1373 625 1399 et
658 1365 739 1399 alias
774 1363 971 1411 hujusmodi
1014 1376 1075 1399 res.

404 1412 521 1448 Dolus
537 1413 751 1448 consumitur
769 1413 802 1447 in
820 1413 979 1460 pecunia,
998 1413 1074 1460 pol-

404 1461 603 1504 licitatione,
645 1462 922 1504 diffimulatione,
962 1472 1076 1496 matu-

404 1510 546 1553 ratione,
560 1511 743 1553 mentione,
757 1520 792 1546 et
808 1511 940 1545 caeteris
959 1510 1074 1552 rebus,

404 1560 447 1593 de
476 1559 606 1606 quibus
635 1560 742 1607 magis
768 1559 890 1594 idoneo
920 1569 1076 1606 tempore

404 1608 600 1655 loquemur,
616 1608 639 1643 fi
655 1609 795 1654 quando
811 1609 853 1642 de
872 1620 905 1642 re
923 1608 1073 1651 militari,

404 1666 464 1690 aut
480 1657 523 1691 de
545 1657 834 1692 administratione
861 1657 1074 1704 reipublicae,

404 1704 547 1741 scribere
565 1706 722 1740 velimus.
776 1706 932 1741 Honesta
954 1718 1004 1740 res
1022 1707 1074 1740 di-

402 1754 535 1789 viditur
572 1754 606 1789 in
651 1755 782 1789 red-um
820 1764 854 1789 et
891 1754 1073 1790 laudabile.

405 1803 555 1838 Rectum
573 1803 633 1846 est,
659 1804 756 1851 quod
786 1815 868 1838 cum
895 1803 1024 1838 virtute
1041 1814 1075 1837 et

402 1851 520 1887 officio
554 1852 603 1887 fit.
657 1853 698 1887 Id
728 1852 898 1887 dividitur
926 1851 960 1886 in
992 1864 1074 1899 pru-

402 1900 566 1944 dentiam,
600 1899 780 1948 justitiam,
820 1900 1072 1943 fortitudinem,

404 1950 614 1985 modestiam.
667 1950 854 1984 Prudentia
875 1949 922 1984 est
940 1949 1072 1984 callidi-

403 2007 468 2041 tas,
499 2011 581 2046 quae
617 1999 744 2033 ratione
781 1999 929 2046 quadam
965 1998 1075 2046 potest

402 2046 573 2083 dele&um
589 2047 715 2084 habere
743 2048 914 2082 bonorum
941 2057 976 2082 et
1003 2058 1073 2081 ma-

404 2095 529 2131 lorum.
580 2097 720 2131 Dicitur
754 2096 835 2131 item
878 2095 1072 2143 prudentia,

403 2143 540 2179 scientia
577 2145 754 2193 cujusdam
787 2145 934 2180 artificii.
986 2144 1074 2179 Item

404 2193 598 2240 appellatur
639 2195 841 2241 prudentia,
885 2193 1074 2228 multarum

404 2253 518 2276 rerum
547 2242 712 2277 memoria
737 2253 770 2278 et
803 2243 882 2278 usus
909 2243 1072 2289 complu-

403 2289 494 2324 rium
513 2291 740 2346 negotiorum.
793 2291 932 2337 Justitia
955 2291 1003 2326 est
1025 2303 1073 2326 ae-

402 2339 531 2385 quitas,
552 2351 611 2385 Jus
630 2340 819 2392 unicuique
836 2340 990 2375 tribuens
1010 2352 1075 2387 pro

403 2387 571 2433 dignitate
588 2386 764 2434 cujusque.
817 2389 1003 2423 Fortitudo
1026 2388 1075 2423 est

404 2448 516 2470 rerum
537 2447 739 2483 magnarum
757 2437 936 2484 appetitio,
962 2447 996 2471 et
1023 2449 1071 2471 re-

403 2496 481 2520 rum
501 2485 685 2520 humilium
711 2486 937 2534 contemptio,
962 2495 997 2520 et
1027 2486 1074 2520 la-

1729 265 1803 305 ¹79

1132 342 1224 377 boris
1254 354 1336 378 curn
1376 343 1534 379 utilitatis
1564 345 1695 381 ratione
1724 357 1800 393 per-

1130 393 1245 446 peffio.
1277 392 1451 428 Modestia
1467 393 1542 428 est
1535 406 1569 428 in
1586 395 1700 430 animo
1718 407 1800 429 con-

1131 440 1240 475 tinens
1257 441 1448 476 moderatio
1466 442 1711 489 cupiditatum.

1179 489 1240 523 111.
1270 489 1469 524 Prudentiae
1487 491 1644 537 partibus
1663 502 1801 527 utemur

1131 536 1165 571 in
1183 537 1343 579 dicendo,
1370 538 1395 572 fi
1425 540 1610 573 commoda
1636 552 1716 575 cum
1749 541 1799 575 in-

1130 586 1322 621 commodis
1350 585 1578 630 conferemus,
1605 600 1686 623 cum
1717 590 1799 624 alte-

1129 647 1206 669 rum
1226 634 1332 682 sequi,
1357 636 1467 670 vitare
1492 636 1651 675 alterum,
1677 638 1799 673 cohor-

1129 683 1303 718 tabimur:
1332 694 1392 719 aut
1422 684 1446 719 fi
1468 697 1574 731 quam
1592 685 1634 719 ad
1653 698 1722 720 rem
1742 698 1800 721 co-

1129 732 1345 767 hortabimur
1363 732 1525 780 aliquem,
1552 732 1651 780 cujus
1671 735 1715 769 rei
1740 735 1800 769 ali-

1128 793 1235 828 quam
1287 781 1572 827 disciplinabilem
1625 781 1798 818 scientiam

1128 830 1319 877 poterimus
1345 830 1494 872 habere·,
1521 840 1556 865 et
1584 843 1657 878 quo
1679 832 1798 874 modo,

1128 888 1188 913 aut
1205 891 1276 925 qua
1293 879 1451 925 quidque
1465 879 1593 914 ratione
1606 879 1676 914 ficri
1694 893 1798 927 opor-

1127 937 1208 969 teat,
1233 927 1473 962 ostendemus:
1501 938 1562 962 aut
1589 928 1613 962 si
1645 928 1800 964 suadebi-

1128 988 1205 1010 mus
1224 976 1420 1023 quippiam,
1435 975 1535 1023 cujus
1555 977 1599 1011 rei
1617 977 1721 1024 gestae
1739 988 1800 1013 aut

1127 1024 1328 1071 praesentem
1347 1035 1407 1059 aut
1423 1025 1575 1060 auditam
1598 1026 1801 1061 memoriam

1126 1073 1316 1120 poterimus
1336 1074 1478 1109 habere:
1507 1086 1578 1121 qua
1596 1074 1629 1108 in
1649 1088 1683 1110 re
1698 1074 1800 1110 facile

1127 1122 1175 1164 id,
1201 1123 1298 1169 quod
1325 1122 1485 1165 velimus,
1511 1124 1671 1170 exemplo
1693 1124 1799 1159 allato

1127 1170 1324 1217 perluadere
1342 1172 1517 1218 possimus
1553 1171 1704 1216 Justitiae
1720 1184 1802 1219 par-

1127 1218 1221 1253 tibus
1249 1229 1399 1262 utemur,
1426 1220 1450 1255 si
1473 1228 1533 1254 aut
1560 1219 1798 1264 innocentum,

1127 1277 1187 1302 aut
1216 1267 1428 1315 supplicum,
1466 1268 1620 1303 dicemus
1651 1249 1798 1305 misereri

1125 1325 1284 1362 oportere
1301 1330 1308 1351 :
1338 1315 1362 1350 s1
1380 1316 1595 1351 ostendemus
1624 1317 1709 1352 bene
1727 1330 1797 1353 me-

1127 1364 1281 1398 rentibus
1298 1364 1444 1411 gratiam
1459 1364 1572 1399 referri
1592 1367 1795 1401 convenire:

1126 1412 1150 1447 fi
1193 1412 1504 1448 demonstrabimus
1550 1414 1666 1448 ulcilci
1710 1416 1798 1450 male

1125 1461 1264 1497 meritos
1281 1471 1460 1508 oportere:
1491 1461 1514 1497 fi
1531 1463 1636 1497 fidem
1655 1475 1798 1510 magno-

1125 1521 1202 1556 pere
1220 1510 1432 1545 censebimus
1454 1493 1743 1547 conservandamo:
1773 1511 1797 1547 fi

1124 1559 1215 1606 leges
1241 1569 1275 1594 et
1299 1571 1410 1594 mores
1427 1559 1576 1594 civitatis
1593 1561 1727 1607 egregie
1744 1561 1796 1596 di-

1125 1619 1242 1642 cemus
1260 1607 1382 1642 lervari
1398 1618 1578 1653 oportere:
1608 1610 1632 1643 s1
1658 1610 1797 1645 societa-

1125 1666 1173 1691 tes
1203 1666 1308 1704 atque
1341 1656 1506 1691 amicitias
1535 1657 1681 1692 studiose
1705 1658 1795 1693 dice-

1125 1717 1202 1740 mus
1220 1705 1288 1740 coli
1319 1705 1523 1740 convenire:
1552 1706 1589 1747 fi,
1616 1708 1713 1753 quod
1735 1706 1796 1753 ius

1126 1754 1159 1788 in
1179 1763 1346 1801 parenteS,
1373 1754 1467 1796 de03‚
1494 1754 1653 1801 patriam,
1676 1766 1798 1790 natura

1125 1802 1350 1849 comparavit,
1378 1801 1413 1836 id
1433 1803 1584 1849 religiose
1611 1803 1796 1839 colendum

1123 1851 1454 1886 demonstrabimus:
1476 1851 1499 1885 si
1519 1851 1675 1899 hospitia,
1691 1853 1795 1887 clien-

1124 1900 1218 1940 telas,
1245 1900 1480 1946 cognationes,
1507 1900 1686 1935 affinitates
1708 1902 1796 1937 caste

1124 1948 1283 1983 colendas
1325 1948 1389 1983 esse
1431 1949 1586 1983 dicemus
1606 1963 1614 1984 :
1667 1951 1691 1985 s:
1734 1962 1795 1985 nec

1125 2009 1237 2045 prece,
1265 2008 1325 2032 nec
1356 1997 1480 2044 pretio,
1507 2009 1568 2032 nec
1585 1998 1706 2045 gratia,
1734 2011 1796 2034 nec

1124 2046 1290 2093 periculo,
1319 2057 1379 2080 nec
1397 2046 1579 2088 simultate,
1607 2059 1627 2080 a
1644 2060 1702 2082 vra
1725 2059 1796 2083 rec-

1124 2106 1158 2130 ta
1175 2095 1391 2130 ostendemus
1409 2095 1533 2130 deduci
1543 2106 1741 2148 oportere:
1771 2097 1795 2132 fi

1125 2144 1304 2179 dicemus
1297 2156 1332 2179 in
1349 2143 1513 2179 omnibus
1536 2142 1595 2190 jus
1623 2145 1797 2191 aequabile

1126 2193 1225 2227 statui
1257 2193 1450 2228 convenire.
1503 2193 1573 2226 His
1603 2202 1706 2239 atque
1731 2194 1794 2228 hu-

1117 2241 1269 2288 jusmodi
1289 2241 1445 2289 partibus
1466 2240 1610 2288 justitiae
1637 2241 1660 2275 si
1687 2253 1795 2288 quam

1125 2303 1195 2325 rem
1225 2291 1259 2325 in
1287 2290 1464 2330 concione,
1491 2299 1551 2323 aut
1577 2289 1611 2323 in
1639 2290 1794 2333 consilio,

1124 2339 1315 2374 faciendam
1333 2338 1556 2379 censebimus,
1576 2335 1704 2383 justam
1731 2339 1796 2374 effe

1123 2388 1363 2427 ostendemus,
1403 2386 1592 2428 contrariis,
1623 2385 1793 2433 injustam.

1123 2437 1175 2471 lta
1191 2437 1262 2478 fiet,
1291 2445 1329 2470 ut
1345 2434 1468 2469 eisdem
1489 2434 1572 2469 locis
1589 2445 1623 2469 et
1652 2435 1693 2469 ad
1721 2436 1794 2470 sua-

1122 2485 1288 2528 dendum,
1298 2493 1331 2520 et
1347 2483 1388 2518 ad
1401 2483 1676 2528 diffuadendum,
1691 2484 1795 2519 simus

1403 2574 1493 2615 Za
