2241 2994
758 251 1373 294 HISTORIA.

368 353 499 390 confilii
530 350 800 400 frequentiffimo
830 352 944 387 senatu
980 363 1039 399 pa-

371 412 499 437 rentem
518 402 638 449 patriae
657 400 862 442 nominavit,
888 402 921 434 in
949 400 1039 445 Piss-

369 462 449 493 nm,
475 460 542 496 cap.
563 461 596 495 3.
646 449 772 496 Neque
796 449 905 484 solum
931 449 1039 484 Catu-

369 499 438 551 Ius,
464 509 584 533 verum
609 497 712 532 etiam
738 498 839 532 multi
871 498 925 532 alii
952 497 1040 544 saepe

371 546 404 580 in
435 546 550 581 senatu
583 546 784 581 Ciceronem
817 556 950 594 patrem
978 557 1038 593 pa-

370 594 446 629 triae
471 595 704 638 nominarunt,
732 605 772 630 ut
803 594 871 642 ipse
900 594 1040 630 testatur

364 652 428 689 pro
445 645 557 684 Sextio,
581 653 649 690 cap.
671 655 730 690 57.
781 644 819 679 In
840 644 891 679 his
909 644 1041 679 Plutar-

370 692 445 727 chus
474 703 629 728 numerat
655 694 836 728 Catonem.
887 692 943 727 De
968 704 1042 739 quo

369 741 577 788 Appianus:
604 742 683 776 Cum
700 742 780 776 Cato
797 742 967 776 Ciceronem
979 751 1040 787 pa-

370 797 452 823 trem
478 792 596 834 patriae
620 789 809 836 appellaffl‘t,
831 790 962 835 populus
988 802 1040 824 ac-

368 838 547 873 clamavit:
573 846 678 886 atque,
703 846 740 873 ut
767 838 944 885 quibusdam
970 839 1041 884 pla-

373 894 433 928 cet,
458 887 524 921 haec
551 887 718 934 appellatio
737 889 876 932 primum
902 888 1044 922 Ciceroni

373 935 512 977 tributa,
538 936 610 970 inde
635 936 679 971 ad
700 938 907 981 Imperatores
925 946 1042 982 perve-

372 985 430 1019 nit.
483 985 580 1020 Hinc
598 985 778 1031 Juvenalis
804 985 925 1032 Satyra
942 985 1041 1021 VIII.

373 1032 456 1068 vers.
478 1044 561 1080 ²43·

668 1083 771 1118 Roma
784 1089 958 1128 parentem,

424 1132 526 1166 Roma
540 1138 666 1177 patrem
678 1133 798 1177 patriae
813 1131 985 1166 Ciceronem
1002 1130 1042 1164 li-

371 1179 449 1214 bera
486 1180 577 1215 dixit.
631 1181 679 1215 Et
712 1180 844 1214 Plinius
877 1180 930 1215 lib.
960 1180 1041 1214 VIl.

372 1238 443 1274 cap.
469 1240 523 1264 10.
577 1229 631 1264 M.
647 1229 809 1263 Tullium
831 1229 874 1263 fic
891 1228 1039 1263 affatur:

372 1277 468 1312 Salve
483 1279 607 1323 primus
636 1278 768 1312 omnium
791 1287 908 1323 parens
919 1278 1042 1323 patriae

371 1326 536 1372 appellate.

421 1375 479 1409 De
491 1374 658 1409 Cicerone
674 1374 719 1410 L.
735 1373 884 1416 Gellius,
903 1373 956 1408 vir
972 1373 1041 1408 cla-

372 1422 532 1465 riffimus,
560 1423 595 1458 in
612 1423 778 1458 concione
802 1423 903 1464 dixit,
931 1422 954 1457 si
985 1422 1041 1457 ille

374 1472 505 1514 consul,
556 1484 637 1507 cum
679 1470 762 1513 fuit,
804 1483 874 1506 non
914 1470 1041 1513 fuiffet‚

374 1521 547 1567 rempubl.
609 1520 768 1555 funditus
829 1519 1041 1555 interituram

374 1569 485 1613 fuiffe‚
506 1570 572 1615 post
587 1568 670 1604 Red.
686 1570 731 1604 ad
744 1569 900 1615 Quirites,
917 1577 986 1614 cap.
1008 1580 1040 1614 7.

1681 258 1758 311 289

1089 352 1228 394 abierat,
1255 353 1351 400 quod
1370 352 1554 389 Manutius
1577 364 1610 389 et
1633 355 1755 390 Corra-

1088 401 1154 435 dus
1171 412 1213 435 ex
1231 401 1392 436 Sallustio
1411 413 1630 438 monuerunt.

1139 449 1298 496 Quintus
1315 460 1429 485 autem
1449 452 1613 487 Metellus
1635 452 1756 499 Nepos

1090 509 1202 532 novus
1222 498 1382 532 tribunus
1400 499 1509 545 pridie
1530 500 1676 535 Kalend.
1695 502 1756 545 Ja-

1091 546 1200 581 nuarii
1217 546 1418 581 Ciceronem
1437 548 1611 583 consulem
1629 549 1757 584 abeun-

1089 605 1158 629 tem
1178 595 1374 641 magistratu
1393 596 1568 631 concionis
1591 597 1758 632 habendae

1091 643 1255 690 potestate
1281 644 1442 691 privavit.
1496 643 1607 691 Cujus
1637 645 1758 692 injuria

1092 692 1252 728 Ciceroni
1298 702 1409 727 tamen
1462 692 1582 728 honori
1624 693 1758 728 summo

1090 739 1168 776 fuit.
1208 742 1302 777 Nam
1319 753 1399 776 cum
1418 740 1475 776 ille
1492 741 1576 776 nihil
1591 741 1621 777 ei
1640 742 1700 777 nisi
1719 753 1759 777 ut

1084 788 1227 844 juraret,
1259 789 1481 837 permitteret,
1519 802 1643 838 magna
1671 803 1758 826 voce

1084 837 1217 891 juravit
1234 839 1441 874 veriffimum
1471 839 1758 886 pulcherrimum·

1091 899 1160 934 que
1179 885 1449 933 jusjurandum:
1477 889 1574 935 quod
1603 889 1757 941 populus

1092 935 1174 971 item
1199 948 1324 983 magna
1347 948 1434 971 voce
1463 936 1574 984 ipsum
1600 949 1678 972 vere
1698 949 1756 984 Ju-

1092 965 1340 1031 raffejuravit-‚
1359 985 1440 1032 φξβ.
1463 997 1494 1030 3.
1516 987 1553 1031 [l
1575 998 1605 1022 2.
1611 987 1626 1032 J
1645 985 1699 1021 lib.
1713 987 1756 1021 V.

1090 1034 1185 1068 Fam
1229 1033 1368 1079 Juravit
1401 1043 1516 1069 autem
1549 1034 1580 1069 se
1613 1035 1757 1082 patriam

1090 1081 1308 1124 conservafl'e‚
1336 1092 1376 1117 ut
1405 1083 1612 1118 Plutarchus
1634 1094 1668 1119 et
1686 1084 1758 1119 Dio

1090 1130 1266 1172 scribunt·‚
1292 1142 1326 1166 et
1356 1131 1424 1179 ipse
1451 1133 1574 1167 Cicero
1604 1133 1636 1166 in
1665 1133 1758 1167 Piio

1091 1191 1181 1221 nem,
1209 1190 1284 1227 cap.
1307 1191 1338 1225 3.
1391 1182 1472 1227 Ego,
1499 1181 1624 1228 inquit,
1641 1193 1708 1215 cum
1725 1184 1759 1215 in

1091 1231 1228 1263 concione
1257 1228 1362 1263 abiens
1394 1229 1579 1275 magistratu
1606 1230 1705 1265 dicere
1736 1243 1758 1264 a

1089 1277 1216 1312 tribuno
1230 1277 1328 1323 plebis
1340 1278 1533 1323 prohiberer,
1559 1291 1625 1326 quae
1651 1279 1758 1322 consti-

1090 1333 1232 1367 tueram;
1260 1338 1382 1374 cumque
1398 1329 1426 1361 is
1442 1328 1517 1362 mihi
1533 1327 1758 1370 tantummodo,

1090 1382 1126 1408 ut
1148 1375 1306 1419 jurarem,
1342 1378 1561 1421 permitteret.·‚
1589 1376 1660 1420 fine
1692 1377 1764 1414 ulla,

1090 1423 1283 1458 dubitatione
1299 1424 1433 1470 juravi,
1458 1424 1675 1470 rempublicam
1705 1433 1759 1459 at-

1090 1483 1146 1520 que
1171 1472 1252 1507 hanc
1279 1471 1384 1507 urbem
1401 1485 1467 1508 mea
1495 1475 1585 1508 unius
1601 1483 1692 1519 opera
1708 1473 1761 1520 ff

1083 1520 1226 1567 salvam.
1278 1522 1371 1556 Mihi
1399 1521 1530 1578 populus
1561 1524 1654 1558 Rom.
1691 1525 1761 1558 uni-

1091 1571 1197 1616 versus
1213 1570 1270 1604 illa
1291 1572 1324 1604 in
1353 1572 1491 1606 concione
1514 1582 1572 1606 non
1594 1573 1685 1607 unius
1699 1572 1763 1607 diei

374 1618 473 1654 Idem
505 1618 651 1653 civicam
685 1630 848 1653 coronam
885 1617 1044 1653 Ciceroni
1086 1618 1346 1666 gratulationem,
1378 1620 1436 1667 sed
1461 1621 1667 1656 aeternitatem
1700 1622 1761 1655 im-

374 1666 491 1702 deberi
522 1678 542 1702 a
579 1667 714 1721 republ.
745 1667 846 1708 dixit,
887 1668 920 1702 in
954 1666 1043 1712 Pifh-

1092 1668 1372 1716 mortalitatemque
1395 1668 1539 1711 donavit,
1566 1681 1633 1704 cum
1662 1681 1761 1705 meum

375 1728 454 1759 nem,
466 1725 546 1800 ἔαρ.
567 1727 600 1763 3.
640 1715 729 1751 Vide
757 1715 892 1752 Gellium
922 1715 977 1750 lib.
997 1715 1042 1750 V.
1082 1717 1306 1765 jusjurandum
1323 1718 1389 1751 tale
1414 1725 1506 1765 atque
1529 1725 1654 1753 tantum
1660 1731 1761 1766 jura-

375 1765 488 1812 cap.6

427 1791 521 1850 Cuin
538 1813 697 1849 extremis
723 1813 846 1849 diebus
874 1813 955 1848 anni
983 1813 1047 1849 hu-

373 1861 432 1910 J'us
450 1862 532 1898 novi
557 1862 688 1897 tribuni
715 1862 764 1910 pl.
791 1862 875 1910 quia
891 1874 919 1898 a.
938 1862 973 1897 d.
995 1874 1046 1897 iv.

376 1912 430 1947 Id.
450 1911 634 1946 Decembr.
653 1911 888 1958 magistratum
915 1911 1048 1946 inibant

379 1965 437 2006 (ut
475 1960 577 2006 supra
611 1960 655 1995 ad
688 1971 817 1995 annum
850 1971 1044 1995 οοιχκκνῐ.

377 2008 702 2050 demonstravimus)
722 2021 772 2044 res
788 2021 856 2051 eas,
882 2020 969 2056 quas
987 2009 1046 2044 Ci-

377 2068 456 2094 cero
472 2058 591 2093 consul
615 2058 768 2105 gestent,
795 2069 917 2092 vexare
942 2069 1047 2105 cupe-

379 2115 466 2148 rent,
493 2106 550 2141 ille
567 2107 607 2142 P.
628 2107 784 2142 Sextium
803 2107 926 2154 Capua
943 2106 1047 2141 arces-

381 2154 460 2189 sivit
485 2166 566 2190 cum
592 2167 635 2190 eo
656 2155 821 2197 exercitu,
846 2167 952 2202 quem
971 2165 1048 2191 tum

382 2203 495 2238 secum
513 2203 683 2239 habebat:
701 2203 802 2252 cujus
820 2204 970 2239 adventu
989 2204 1048 2239 tri-

383 2252 558 2286 bunorum
584 2262 727 2288 conatus
757 2253 834 2288 sunt
864 2253 1048 2296 retardati·,

381 2301 487 2336 Cicero
500 2308 559 2345 pro
575 2301 677 2335 Sextio
706 2311 775 2348 cap.
795 2315 830 2346 4.
882 2302 964 2336 Hos
992 2302 1051 2337 tri-

384 2349 498 2383 bunos
540 2348 748 2385 Plutarchus
788 2350 976 2385 Metellum
1017 2360 1052 2385 et

384 2397 530 2432 Bestiam
557 2397 733 2433 nominat:
759 2398 815 2433 sed
841 2399 885 2433 L.
903 2399 1052 2446 Calpur-

386 2446 464 2481 nius
495 2445 606 2480 Bestia
634 2446 810 2482 tribunatu
833 2445 906 2493 jam
936 2459 971 2483 v.
1001 2447 1051 2482 ld

471 2592 617 2632 ΤοΜ.
649 2591 727 2632 ΙΧ.

1095 1774 1145 1801 tus
1162 1767 1223 1812 ipst'
1243 1777 1308 1800 una
1332 1778 1405 1801 voce
1428 1774 1458 1800 et
1484 1766 1617 1811 consensu
1645 1777 1760 1814 appro-

1095 1814 1200 1850 bavit.
1249 1814 1323 1861 Qo
1338 1815 1458 1863 quidem
1474 1822 1607 1862 tempore
1630 1818 1657 1851 is
1681 1828 1763 1852 meus
1801 1841 1804 1848 ·

1095 1862 1216 1898 domum
1232 1863 1303 1909 fuit
1327 1875 1344 1898 e
1361 1865 1439 1909 foro
1461 1863 1591 1906 reditus,
1617 1873 1654 1899 ut
1669 1877 1763 1907 nemo,

1097 1912 1152 1955 nisi
1177 1914 1231 1960 qui
1259 1924 1373 1947 mecum
1401 1912 1481 1960 efflet,
1506 1915 1624 1948 civium
1652 1914 1702 1961 ff
1730 1917 1764 1950 in

1095 1973 1221 1997 numero
1237 1960 1411 1998 videretur.
1462 1960 1584 2009 Hujus
1603 1962 1762 2010 frequen-

1096 2010 1169 2053 tiae‚
1195 2021 1267 2058 qua
1290 2009 1405 2046 abiens
1422 2010 1600 2046 consulatu
1617 2011 1764 2047 domum

1097 2058 1166 2094 fuit
1183 2058 1356 2101 reduetus,
1383 2059 1511 2096 mentio
1527 2060 1603 2095 est'
1591 2073 1623 2095 m
1640 2070 1686 2107 ep.
1707 2073 1761 2107 13

1097 2108 1151 2143 lib.
1173 2109 1197 2145 1.
1213 2107 1257 2142 ad
1275 2109 1344 2146 Att.
