2335 3009
745 230 1358 273 HISTORIA.

359 339 442 363 cum
459 339 500 363 ex
516 339 558 363 eo
582 327 725 375 quidam
743 328 925 375 quaefiffet,
953 339 1026 375 quo

361 376 416 411 die
441 378 556 411 Roma
579 376 706 418 exisset,
732 386 767 411 et
793 376 964 422 numquid
991 376 1024 410 in

359 435 399 458 ea
414 425 493 459 esset
510 425 604 467 novi,
622 424 718 471 quod
737 424 805 472 ipse
816 434 878 470 pro
895 425 1026 459 Plancio

360 482 485 512 narrat,
510 483 577 518 cap.
609 473 665 508 26.
695 482 729 508 et
759 473 964 508 Plutarchus
990 474 1025 507 in

359 521 432 554 vita
450 520 575 556 scribit.
629 522 723 556 Cum
748 533 767 556 e
791 521 907 556 Sicilia
928 522 959 556 se
976 533 1025 556 re-

360 569 509 616 cepisset,
548 569 621 616 jam
655 570 839 605 videbatur
880 569 1025 606 facultas

360 616 419 651 illa
450 618 585 653 dicendi
613 619 677 653 effe
705 617 866 667 perfe&a‚
904 628 938 653 et
967 618 1025 653 ha-

360 664 439 701 bere
463 667 694 702 maturitatem
717 667 893 714 quandam
918 667 1024 710 suam,

359 723 398 748 ut
416 715 462 749 ait
478 717 511 750 in
529 716 644 757 Bruto,
671 725 739 762 cap.
761 726 818 763 9²·

408 763 492 797 Fuit
518 763 582 799 hoc
608 776 697 799 anno
720 764 904 799 Tribunus
930 764 1023 811 pleb.

357 811 402 846 L.
421 812 603 859 Qintius,
623 813 727 848 homo
745 813 893 847 maxime
910 825 1023 860 popu-

358 860 436 894 laris
465 871 499 895 et
528 861 571 896 ad
601 861 863 896 inflammandos
893 861 1024 896 animos

359 908 590 945 multitudinis
619 910 922 946 accommodatus:
961 909 1023 956 qui

358 957 539 993 conciones
581 958 738 1007 quotidie
783 957 950 993 seditiosas
992 967 1027 993 et

357 1006 574 1042 turbulentas
611 1007 768 1043 habebat.
830 1009 937 1043 Cicero
964 1016 1027 1053 pro

356 1055 511 1097 Cluentio,
538 1065 603 1101 cap.
625 1058 682 1091 28.
703 1067 760 1102 29.
783 1067 839 1101 34.
866 1063 897 1090 et
917 1067 973 1102 37.

407 1103 531 1146 Hunc,
559 1104 633 1139 atita
658 1105 764 1151 Syllae
787 1104 970 1140 rescindere
986 1116 1024 1139 ac

357 1151 558 1199 reipublicae
583 1153 707 1188 statum
738 1165 875 1188 movere
899 1163 933 1188 et
949 1165 1022 1200 per-

357 1201 496 1235 turbare
521 1211 712 1244 conantem,
740 1202 914 1236 Lucullus
943 1214 1024 1237 con-

357 1248 408 1284 sul
443 1250 486 1284 ab
519 1250 656 1297 incepto
689 1251 844 1290 deduxit,
888 1251 1026 1286 auetore

358 1298 546 1333 Plutarcho
563 1300 596 1333 in
613 1298 748 1333 Lucullo.
787 1299 884 1334 Hinc
903 1299 1025 1333 Macer

356 1347 451 1393 apud
469 1347 680 1389 Sallustium,
709 1347 846 1394 Fragm.
874 1347 934 1382 lib.
958 1348 1021 1382 ΙΙΙ.

356 1395 451 1430 Hist.
488 1395 636 1431 Lucullus
663 1399 787 1442 quantis
813 1398 926 1430 animis
946 1398 1023 1430 ierit

353 1445 389 1477 in
429 1444 471 1478 L.
517 1444 698 1490 Qintium,
739 1443 869 1489 vidistis.
925 1445 1022 1480 ldem

355 1492 527 1538 Qiintius
554 1503 718 1540 patronus
736 1491 805 1528 fuit
820 1493 1022 1541 Oppianici,

354 1541 418 1588 qui
446 1541 511 1576 hoc
539 1553 640 1584 anno,
666 1542 773 1576 Verre
801 1553 949 1589 praetore
966 1554 1023 1577 ur-

356 1590 459 1632 bano,
485 1591 732 1626 condemnatus
757 1590 818 1634 est,
844 1591 949 1626 Cicero
961 1601 1022 1638 pro

355 1639 506 1681 Cluentio,
543 1650 611 1686 cap.
649 1650 706 1685 33.
745 1647 780 1674 et
815 1639 957 1686 Asconius
988 1642 1022 1675 in

355 1689 479 1723 Verrin.
509 1687 555 1724 II.
582 1698 649 1734 cap.
674 1700 702 1723 1.
730 1696 760 1723 et
793 1699 846 1723 10.
878 1689 1020 1724 Verrem

355 1736 407 1771 his
424 1736 622 1772 consulibus
640 1746 824 1785 praetorem
848 1737 1020 1773 urbanum

355 1784 454 1820 fuiffe
491 1786 709 1833 cognoscitur
741 1785 844 1821 etiam
878 1786 1022 1821 Verrina

355 1834 433 1869 Vll.
461 1846 536 1882 cap.
561 1847 614 1882 13.
642 1834 702 1869 ubi
729 1834 852 1870 Cicero
881 1834 1018 1882 inquit:

354 1882 456 1918 Nemo
488 1890 555 1918 tam
577 1884 749 1928 rusticanus
773 1883 861 1918 homo
891 1884 932 1918 L.
953 1884 1021 1919 Lu-

354 1931 433 1967 cullo
461 1938 493 1966 et
522 1933 576 1967 M.
604 1933 698 1968 Cotta
729 1931 795 1978 coffi
823 1933 959 1966 Romam
986 1945 1024 1967 ex

354 1979 416 2016 ullo
444 1982 607 2027 municipio
622 1980 794 2016 vadimonii
811 1980 903 2026 causa
920 1983 1022 2024 venit,

352 2030 429 2077 quin
437 2029 545 2075 sciret,
560 2031 643 2077 jura
660 2031 763 2064 omnia
775 2030 884 2075 populi
902 2031 1021 2064 Roma-

356 2080 390 2112 ni
405 2086 482 2114 nutu
508 2086 602 2126 atque
616 2079 751 2113 arbitrio
769 2077 944 2113 Chelidonis
961 2090 1022 2113 me-

353 2127 510 2162 nmculae
519 2127 704 2174 gubernari.

405 2175 490 2211 Hoc
516 2175 620 2211 etiam
649 2185 804 2223 tempore
828 2175 885 2209 M.
906 2175 1020 2210 Anto-

357 2223 448 2266 nius,
465 2223 574 2271 gratia
597 2224 714 2260 Cottae
739 2223 887 2259 consulis
901 2233 934 2259 et
958 2225 1021 2259 Ce-

358 2272 450 2319 thegi
479 2271 628 2308 faCkione
654 2272 688 2307 in
717 2272 833 2308 senatu
873 2273 1022 2308 curatio-

357 2332 436 2355 nem
453 2320 573 2355 nactus
599 2321 705 2356 totius
728 2333 799 2356 orae
826 2321 1020 2363 maritimae,

358 2369 510 2404 Siciliam
539 2378 573 2403 et
626 2369 792 2404 rovincias
818 2381 936 2404 omnes
965 2371 1022 2404 de-

357 2417 546 2471 populatus
575 2420 606 2451 el
637 2434 647 2459 ;
691 2427 725 2452 et
754 2418 795 2452 ad
831 2428 1023 2452 extremum

356 2467 503 2502 intercus
543 2465 761 2502 Cretensibus
804 2466 947 2508 bellum,
992 2478 1025 2501 re

1670 237 1748 289 267

1076 325 1163 361 male
1187 327 1290 374 gesta,
1317 327 1440 363 morbo
1471 328 1619 369 interiit,
1651 331 1741 375 Ali-0<

1075 377 1144 408 nius
1173 377 1206 408 in
1234 379 1325 410 Vcrr.
1362 387 1429 422 cap.
1463 389 1495 423 3.
1540 379 1655 413 Livius
1687 379 1740 412 lil).

1074 423 1226 457 XCVII.
1265 426 1376 458 Florus
1410 425 1463 460 lib.
1504 426 1564 461 111.
1606 437 1674 472 cap.
1710 439 1741 472 7.

1075 471 1240 506 Meminit
1257 472 1407 506 Velleius
1435 474 1487 509 lib.
1513 474 1558 508 ΙΙ.
1586 485 1654 520 cap.
1684 487 1739 520 31.

1075 529 1109 554 et
1133 519 1258 555 Cicero
1287 522 1376 554 Verr.
1403 521 1463 555 IV.
1505 532 1574 568 cap.
1606 534 1637 568 3.
1680 524 1740 558 ubi

1077 568 1131 603 M.
1165 568 1311 603 Antonii
1345 568 1520 604 infinitum
1557 570 1740 617 imperium

1075 616 1170 652 dicit.
1223 617 1295 652 Hic
1325 617 1502 652 Antonius
1544 628 1639 665 pater
1675 619 1743 654 fuit

1076 665 1132 700 M.
1167 665 1314 700 Antonii
1354 665 1561 709 Triumviri,
1602 667 1664 712 qui
1708 668 1742 701 in

1076 713 1252 748 Plutarchi
1281 715 1418 750 Antonio
1446 722 1557 761 κριτικὶς
1586 716 1743 750 mendose

1077 774 1140 809 pro
1158 770 1280 807 Κρντικές
1296 772 1503 797 nominatur.

1125 811 1222 845 Tum
1241 822 1381 858 quoque
1404 811 1567 846 Metellus
1585 822 1618 847 et
1637 813 1740 847 Pom-

1075 859 1171 905 peius
1191 859 1224 893 in
1237 858 1416 905 Hispania,
1426 860 1473 893 ab
1489 860 1666 896 obsidione
1675 862 1741 896 Ca-

1074 907 1196 954 lagurii
1215 908 1337 955 oppidi
1362 908 1507 954 depulsi,
1533 909 1641 943 coacti
1668 909 1741 944 fue-

1077 966 1158 990 runt
1175 955 1320 990 diversas
1339 955 1490 1002 regiones
1512 967 1635 1004 petere,
1663 958 1741 992 Me-

1076 1004 1176 1039 tellus
1195 1004 1390 1039 ulteriorem
1405 1004 1622 1052 Hispaniam,
1638 1007 1741 1041 Pom-

1075 1054 1172 1099 peius
1201 1053 1364 1095 Galliam,
1390 1053 1528 1088 auctore
1551 1054 1656 1089 Livio
1686 1055 1739 1090 lib.

1074 1101 1206 1136 XCIII.
1227 1101 1348 1148 Itaque
1366 1111 1440 1135 tum
1458 1103 1628 1137 exercitus
1638 1104 1741 1137 Pom-

1075 1150 1142 1196 peii
1173 1149 1336 1184 hiemavit
1363 1149 1396 1183 in
1424 1150 1551 1193 Gallia,
1578 1163 1659 1186 cum
1685 1152 1740 1187 M.

1076 1198 1240 1233 Fonteius
1271 1207 1399 1244 praetor
1423 1210 1498 1232 eam
1526 1199 1741 1245 provinciam

1073 1246 1255 1288 obtineret,
1295 1256 1335 1280 ut
1368 1246 1489 1282 Cicero
1512 1256 1576 1293 pro
1613 1249 1741 1283 fonteio

1073 1294 1232 1337 ostendit,
1258 1303 1325 1340 cap.
1347 1307 1378 1342 3.

1073 1480 1183 1519 Anno
1202 1478 1311 1519 Urbis
1333 1478 1427 1519 680.
1471 1479 1650 1520 Ciceronis
1673 1494 1738 1534 34.

1215 1548 1407 1588 Consules
1436 1548 1600 1589 fuerunt

1129 1609 1192 1648 M.
1212 1610 1490 1649 TERENTIUS
1514 1611 1683 1649 VARRO

1118 1661 1384 1714 Lucutws,
1416 1672 1465 1708 C.
1497 1671 1691 1710 CAsslus

1313 1732 1492 1771 VARUS.

1120 1837 1176 1871 De
1218 1836 1270 1871 his
1304 1836 1426 1871 Cicero
1463 1849 1528 1885 pro
1562 1836 1738 1881 Cluentio,

1072 1896 1147 1932 cap.
1168 1898 1226 1931 49.
1279 1886 1338 1920 Sed
1366 1898 1468 1932 quaero
1490 1898 1511 1920 a
1539 1886 1641 1929 vobis,
1666 1899 1740 1922 num

1071 1933 1160 1977 {stam
1185 1935 1278 1980 legem
1295 1946 1330 1968 ex
1346 1936 1398 1978 {sto
1415 1934 1446 1970 S.
1463 1935 1500 1970 C.
1526 1935 1569 1970 L.
1589 1935 1742 1971 Lucullus

1072 1982 1180 2029 confitl,
1210 1982 1295 2017 homo
1315 1982 1564 2029 sapiemgffimus‚
1599 1983 1741 2020 tulerit?

1072 2043 1144 2065 num
1173 2042 1256 2065 anno
1279 2031 1348 2076 post
1375 2032 1432 2066 M
1458 2031 1609 2067 Lucullus
1638 2040 1669 2067 et
1699 2033 1739 2069 C.

1072 2078 1216 2124 Caffius?
1244 2079 1390 2114 Eosdem
1416 2081 1553 2115 Vcrrina
1579 2080 1643 2116 111.
1670 2091 1740 2127 cap.

1073 2139 1131 2174 ²3·
1175 2128 1231 2163 M.
1251 2127 1455 2163 Terentium
1473 2138 1507 2163 et
1525 2129 1567 2164 C.
1588 2128 1741 2164 Caffium

1070 2175 1239 2218 nominat,
1266 2188 1285 2210 a
1313 2176 1443 2222 quibus
1469 2177 1523 2212 lex
1552 2175 1740 2212 frumenta-

1075 2225 1123 2259 ria
1138 2225 1301 2260 Terentia
1320 2235 1354 2259 et
1377 2226 1486 2259 Caffia
1503 2226 1570 2259 lata
1592 2224 1673 2267 fuit,
1698 2225 1742 2261 de

1073 2285 1144 2320 qua
1169 2274 1292 2309 Cicero
1313 2274 1450 2308 Vcrrina
1469 2274 1512 2308 V.
1539 2282 1606 2319 cap.
1628 2284 1685 2319 70.
1711 2281 1740 2308 ee

1072 2323 1153 2357 Vll.
1181 2331 1249 2368 cap.
1272 2333 1330 2356 21.
1383 2321 1464 2356 Fuit
1481 2321 1572 2356 enim
1590 2322 1645 2356 M.
1665 2322 1742 2356 Lu-

1073 2371 1200 2412 cullus,
1227 2369 1330 2404 frater
1359 2369 1404 2404 L.
1434 2369 1592 2412 Luculli,
1619 2371 1653 2405 in
1672 2372 1740 2404 Te-

1077 2419 1264 2453 rentiorum
1323 2416 1489 2452 familiam
1543 2418 1740 2465 adoptatus.

1077 2467 1200 2502 Eidem
1230 2465 1475 2501 Macedoniam
1499 2467 1644 2502 evenisse
1668 2467 1741 2503 Eu·

1311 2556 1443 2597 le
