2335 3009
530 226 584 266 80
990 223 1476 263 EPISTOLAE

532 325 622 365 sunt
644 323 763 362 nostri
782 321 903 366 duces
926 319 1118 373 persecuti
1133 339 1146 365 ;
1179 319 1396 372 datumque
1417 319 1571 372 Lepido
1599 327 1757 372 tempus
1786 318 1854 365 est,
1882 318 1928 359 in

531 404 613 444 quo
634 389 833 428 levitatem
853 387 953 440 ejus,
976 385 1073 438 saepe
1093 385 1347 438 perspectam,
1370 386 1586 437 majoribus
1607 386 1647 423 in
1670 385 1784 424 malis
1805 398 1927 437 expe·

532 457 714 495 riremur.
748 455 848 492 Sunt
866 453 1062 491 exercitus
1085 451 1195 496 boni,
1219 451 1281 488 sed
1303 451 1431 495 rudes,
1449 452 1562 490 Bruti
1583 460 1622 489 et
1643 451 1795 490 Planci.
1828 452 1929 490 Sunt

531 522 753 562 fideliffima
779 530 819 559 et
849 520 1022 558 maxima
1052 517 1198 556 auxilia
1230 517 1457 555 Gallorum.
1505 517 1578 555 Sed
1609 517 1800 556 Caesarem
1829 517 1927 556 meis

533 588 705 627 confiliis
726 585 855 625 adhuc
875 585 1154 638 gubernatum,
1185 582 1367 636 praeclara
1386 583 1515 635 ipsum
1537 582 1684 627 indole,
1711 583 1927 621 admirabi-

533 654 643 707 lique
677 652 906 696 constantia,
945 648 1242 702 improbiffimis
1275 648 1400 686 literis
1435 648 1612 701 quidam,
1644 647 1929 700 fallacibusque

533 719 815 772 interpretibus
836 731 879 755 ac
900 716 1068 760 nuntiis,
1099 714 1345 767 impulerunt
1366 715 1406 752 in
1429 714 1534 767 spem
1557 714 1807 753 certiffimam
1829 728 1929 752 con-

533 785 696 824 sulatus.
730 783 850 835 Qod
871 781 1105 833 simulatque
1126 779 1218 818 senfi
1235 798 1248 824 ς
1276 793 1402 832 neque
1423 793 1496 832 ego
1516 780 1633 818 illum
1653 780 1853 818 absentem
1876 779 1927 818 li-

535 851 628 890 teris
658 863 817 888 monere
846 848 990 893 destiti,
1023 860 1094 884 nec
1126 845 1301 884 accusare
1333 845 1537 898 praesentes
1566 848 1650 899 ejus
1686 845 1928 891 necessarios,

533 917 604 970 qui
625 917 708 968 ejus
730 914 938 967 cupiditati
961 911 1161 964 suffragari
1182 911 1429 957 videbantur,
1456 924 1528 950 nec
1549 912 1590 950 in
1612 912 1744 950 senatu
1765 911 1929 950 scelera-

535 981 770 1020 tiffimorum
793 979 1046 1018 consiliorum
1067 977 1196 1015 fontes
1217 977 1380 1029 aperire,
1406 977 1584 1015 dubitavi
1603 993 1611 1015 :
1646 991 1717 1015 nec
1737 991 1828 1015 vero
1850 976 1930 1014 ulla

533 1048 576 1085 in
598 1061 636 1084 re
658 1046 839 1089 memini,
870 1054 936 1082 aut
958 1044 1133 1082 senatum
1155 1043 1376 1087 meliorem,
1407 1051 1474 1080 aut
1498 1042 1759 1094 magistratus.
1806 1043 1929 1080 Nun-

533 1126 654 1164 quam
675 1112 783 1149 enim
805 1111 844 1148 in
865 1109 1015 1148 honore
1035 1108 1343 1147 extraordinario
1362 1109 1536 1160 potentis
1557 1107 1749 1153 hominis,
1774 1108 1835 1145 vel
1856 1121 1931 1161 po-

533 1177 739 1216 tentiffimi
774 1175 922 1227 potius,
957 1173 1133 1226 (quando
1162 1173 1323 1225 quidem
1353 1174 1531 1226 potentia
1553 1174 1638 1226 jam
1673 1174 1713 1211 in
1744 1174 1782 1212 vi
1812 1174 1934 1226 pofita

532 1243 602 1288 cst,
630 1252 670 1280 et
690 1241 827 1291 armis)
851 1240 1009 1284 accidit,
1033 1248 1076 1276 ut
1099 1253 1215 1276 nemo
1237 1239 1419 1277 tribunus
1441 1239 1584 1291 plebis,
1609 1253 1725 1277 nemo
1746 1240 1823 1277 alio
1844 1253 1929 1277 ma-

534 1308 712 1361 gistratu,
744 1319 862 1344 nemo
882 1305 1072 1357 privatuS,
1102 1305 1236 1340 auctor
1255 1303 1448 1341 existeret.
1496 1303 1568 1341 Sed
1594 1305 1632 1341 in
1656 1305 1728 1342 hac
1749 1305 1930 1342 constan-

534 1374 591 1412 tia
610 1382 727 1425 atque
747 1371 908 1415 virtute,
938 1378 1018 1407 erat
1040 1378 1171 1407 tamen
1192 1367 1360 1406 sollicita
1379 1369 1532 1408 civitas.
1572 1369 1787 1408 Illudirnur
1806 1371 1930 1416 enim,

536 1439 672 1482 Brute,
690 1449 783 1474 cum
806 1435 983 1473 militum
1005 1433 1173 1478 deliciis,
1196 1443 1282 1471 turn
1305 1434 1551 1486 imperatoris
1572 1434 1794 1473 insolentia,
1817 1437 1930 1473 Tan-

537 1513 624 1544 tum
647 1502 811 1556 quisque
834 1501 869 1539 se
890 1501 931 1538 in
953 1500 1155 1553 republica
1175 1499 1278 1552 poffe
1299 1499 1482 1552 postulat,
1514 1509 1708 1552 quantum
1730 1500 1848 1538 habet
1869 1502 1930 1540 vi-

536 1570 656 1608 rium.
705 1569 799 1607 Non
831 1567 943 1612 ratio,
976 1580 1054 1604 non
1087 1565 1244 1611 modus,
1276 1579 1354 1604 non
1386 1566 1464 1612 lex,
1498 1580 1576 1604 non
1604 1579 1706 1612 mos,
1739 1580 1818 1604 non
1839 1567 1930 1605 offi-

535 1636 660 1680 cium,
682 1633 810 1678 valet;
842 1646 921 1670 non
937 1632 1154 1684 judicium,
1184 1645 1263 1670 non
1285 1631 1522 1670 existimatio
1541 1632 1707 1677 civium,
1740 1646 1817 1670 non
1842 1632 1931 1685 pos·

536 1701 702 1740 teritatis
724 1698 971 1737 verecundia.
1004 1699 1103 1737 Haec
1124 1711 1198 1750 ego
1214 1698 1343 1736 multo
1358 1708 1446 1736 ante
1463 1698 1703 1751 prospiciens
1725 1697 1930 1750 fugiebam

535 1781 583 1806 ex
606 1765 732 1810 Italia,
766 1774 868 1809 tum,
899 1777 993 1802 cum
1014 1777 1078 1802 me
1098 1763 1312 1802 vestrorum
1341 1764 1560 1802 edietorum
1587 1763 1692 1802 fama
1719 1765 1929 1804 revocavit.

536 1831 753 1872 Incitavisti
773 1844 864 1868 vero
884 1840 928 1868 tu
950 1843 1028 1875 me,
1060 1831 1195 1875 Brute,
1228 1830 1365 1868 veliae.
1412 1831 1652 1883 Qanquam
1680 1831 1788 1868 enim
1818 1830 1930 1869 dole-

537 1899 627 1937 bam
648 1898 689 1936 in
709 1910 794 1936 eam
816 1910 880 1935 me
901 1896 1040 1934 urbem
1062 1897 1131 1942 ire,
1164 1910 1283 1949 quam
1317 1905 1359 1934 tu
1387 1895 1559 1949 fugeres,
1589 1897 1659 1950 qui
1679 1910 1764 1935 eam
1786 1897 1929 1935 libera-

536 1963 662 2009 viffes,
694 1962 802 2015 quod
824 1961 925 2000 mihi
946 1975 1104 2014 quoque
1125 1962 1324 2014 quondam
1352 1963 1559 2009 acciderat,
1590 1962 1768 2016 periculo
1796 1962 1929 2008 fimili,

535 2030 624 2070 casu
657 2029 852 2072 tristiore:
885 2028 1037 2081 perrexi
1072 2038 1217 2074 tamen,
1250 2029 1503 2082 Romamque
1534 2029 1707 2082 perveni,
1740 2029 1933 2082 nulloque

535 2095 713 2151 praefidio
742 2093 939 2148 quatefeci
970 2095 1223 2140 Antonium3
1255 2105 1469 2147 contraque
1498 2097 1581 2148 ejus
1611 2108 1717 2134 arma
1751 2094 1932 2141 nefanda,

537 2161 723 2216 praesidia,
755 2175 841 2214 qua:
873 2160 1005 2199 oblata
1037 2160 1140 2206 sunt,
1173 2161 1333 2200 Caesaris
1359 2161 1522 2200 confilio
1548 2170 1587 2200 et
1611 2162 1839 2200 auctoritate
1861 2161 1930 2200 fir-

536 2226 655 2266 mavi.
746 2226 786 2264 ui
818 2225 845 2264 si
877 2225 1024 2264 steterit
1056 2225 1176 2270 idem,
1208 2225 1390 2279 mihique
1410 2227 1609 2280 paruerit;
1643 2227 1729 2265 satis
1752 2226 1932 2266 videmur

537 2292 711 2331 habituri
733 2291 926 2345 praefidii:
960 2292 1015 2330 lin
1036 2301 1167 2331 autem
1192 2293 1409 2345 impiorum
1431 2293 1590 2332 contilia
1611 2293 1699 2345 plus
1721 2293 1930 2339 valuerint,

535 2371 657 2412 quam
679 2357 832 2403 nostra,
863 2367 930 2397 aut
960 2357 1214 2397 imbecillitas
1246 2359 1367 2397 :etatis
1400 2372 1478 2397 non
1508 2359 1681 2412 potuerit
1699 2359 1931 2412 gravitatem

537 2438 668 2464 rerum
691 2423 902 2470 sustinere,
935 2423 1018 2478 spes
1040 2424 1171 2464 omnis
1190 2424 1244 2463 cst
1264 2425 1305 2463 in
1329 2434 1379 2464 te.
1427 2427 1559 2478 Qum
1588 2426 1641 2464 ob
1670 2439 1753 2465 rem
1779 2425 1930 2471 advola,

534 2491 712 2538 obsecro,
743 2500 861 2544 atque
890 2504 978 2531 enm
1009 2490 1314 2546 rempublicam,
1345 2505 1467 2547 quam
1493 2493 1639 2533 virtute
1668 2502 1785 2547 atque
1809 2492 1933 2532 animi
