2335 3009
735 238 1348 280 HISTORIA.

343 339 431 376 ludos
447 337 672 388 antiquiffi'mm‚
697 339 750 385 qui
761 339 860 383 primi
877 336 1013 371 Romani

337 390 415 436 sunt
432 390 595 431 nominati,
621 388 759 422 maxima
775 397 842 422 cum
858 385 1014 431 dignitate

344 449 382 472 ac
398 437 545 483 religione
559 439 655 484 Jovi,
680 436 815 481 Junoni‚
838 437 1014 470 Minervae-

344 498 402 534 que
435 485 487 532 ‘ffi
509 483 672 530 faciendos
685 497 697 519 .·
739 483 818 519 mihi
845 483 1014 530 sacrarum

343 534 453 570 aedium
488 535 750 580 procurationem,
797 533 874 568 mihi
914 539 1014 567 totam

344 583 450 619 urbem
478 582 624 618 tuendam
659 581 710 629 ‘ff‘
736 580 913 628 commiffbm
928 593 939 614 :
977 580 1014 615 ob

345 643 453 667 earum
469 643 574 667 rerum
590 631 723 666 laborem
741 639 771 666 et
778 629 1014 677 sollicitudinem

336 681 471 726 fruHus
498 681 568 715 illos
599 679 703 722 datos,
741 681 949 727 antiquiorem
981 680 1014 713 in

336 731 453 776 senatu
471 729 638 776 fintentiae
662 728 798 764 dicendae
825 728 932 770 locum,
969 735 1015 762 to·

342 790 419 826 gam
436 785 638 824 praetextam‚
657 777 768 823 sellam
796 777 941 819 curulem,
957 778 1017 824 jus

347 829 492 874 imaginis
507 827 552 862 ad
564 829 739 862 memoriam
751 826 1017 874 posteritatemque

345 875 546 924 prodendam.

399 924 496 960 Hinc
514 923 617 959 etiam
629 933 690 971 pro
708 926 862 965 Μιινιηα,
874 933 942 970 cap.
963 935 1016 970 19.

350 975 381 1009 se
401 973 538 1009 aedilern
556 974 663 1009 trinos
681 973 783 1008 ludos
800 971 924 1015 fecisse,
959 972 1014 1008 ait.

351 1024 448 1058 Idem
476 1022 530 1058 lib.
563 1023 608 1058 ΙΙ.
634 1021 671 1057 de
699 1021 830 1068 Officiis,
859 1031 927 1068 cap.
963 1032 1018 1067 17.

351 1084 417 1120 pro
446 1070 675 1120 amplitudine
708 1071 892 1111 honorum,
930 1082 1021 1118 quos

350 1120 484 1156 cunetis
511 1119 679 1167 suffragiis
696 1120 841 1168 adeptus
865 1120 945 1154 esset
961 1119 1022 1154 suo

351 1181 454 1212 anno,
467 1169 633 1216 exiguum
652 1168 830 1216 sumptum
846 1168 1020 1204 aedilitatis

353 1218 423 1253 suae
440 1216 539 1253 fuisse
556 1217 671 1253 tradit.

403 1267 632 1302 Advexerunt
660 1275 736 1301 tum
767 1275 802 1300 et
831 1265 1022 1301 attulerunt

355 1315 463 1350 Siculi
491 1315 603 1350 multa
625 1326 670 1350 ex
696 1314 805 1349 insula
822 1314 865 1349 ad
882 1314 1021 1349 Cicero-

353 1377 431 1400 nem
448 1364 599 1406 aedilem,
625 1375 777 1410 quorum
797 1363 853 1398 ille
876 1363 960 1397 nihil
987 1362 1021 1397 in

351 1413 452 1450 suum
473 1412 656 1461 quaestum
685 1411 856 1448 contulit:
885 1421 1021 1447 tanturn

354 1462 557 1498 liberalitate
574 1461 756 1497 hominum
778 1461 821 1496 ad
850 1472 1022 1496 annonam

354 1511 535 1547 levandam
564 1510 644 1546 usus
672 1510 732 1552 est,
771 1509 909 1545 auetore
939 1509 1022 1544 Plu-

355 1560 486 1596 tarcho.
533 1559 677 1607 Collega
694 1559 870 1594 Ciceronis
887 1559 921 1593 in
940 1558 1024 1593 aedi-

356 1609 452 1644 litate
479 1607 550 1644 fuit
579 1607 633 1643 M.
664 1607 854 1649 Caesonius,
889 1618 929 1642 ut
958 1607 1026 1655 ipse

357 1660 494 1694 Verrina
512 1657 557 1693 11.
583 1667 650 1704 cap.
675 1669 728 1692 ιο.
753 1666 787 1692 et
805 1656 976 1692 Asconius
994 1658 1026 1691 in

357 1720 423 1742 eum
439 1707 536 1742 locum
554 1706 728 1741 testantur.
777 1705 858 1741 Scio
875 1705 1026 1740 Paulum

359 1755 565 1792 Manutiurn
606 1757 640 1790 in
673 1754 835 1800 Asconium
872 1754 1027 1796 scribere,

360 1805 452 1840 hunc
469 1803 706 1851 magistratum
723 1815 805 1839 cum
816 1802 940 1838 Tullio
958 1815 1028 1837 non

359 1853 570 1894 Caesonium,
595 1852 651 1888 sed
680 1853 722 1887 C.
742 1852 939 1888 Antonium
958 1850 1029 1898 ges-

361 1903 442 1938 siss‘e.
495 1902 627 1936 Verum
670 1901 762 1936 unde
796 1901 831 1936 id
873 1899 1031 1936 didicerit

360 1951 522 2000 equidem
540 1950 673 1998 ignoro.

413 2000 497 2036 Hoc
527 2011 617 2034 anno
644 1998 819 2034 Lucullus
843 1997 963 2033 urbem
989 2009 1031 2032 ex

364 2049 527 2096 Tigranis
557 2059 661 2095 regno
689 2046 795 2095 cepit,
829 2046 932 2094 cujus
963 2058 1031 2081 me-

366 2097 466 2133 minit
492 2099 526 2132 in
543 2097 730 2132 Maniliana
749 2095 885 2138 Cicero,
911 2106 978 2142 cap.
998 2108 1031 2143 9.

365 2148 458 2181 Cum
487 2146 578 2180 enim
601 2145 711 2193 pridie
728 2145 850 2180 Nonas
868 2144 1033 2179 octobris

368 2206 534 2241 magnum
553 2206 734 2230 numerum
750 2193 898 2228 hostium
912 2193 1037 2240 exigua

369 2255 473 2278 manu
500 2243 544 2278 ad
581 2243 868 2290 Tigranocertam
896 2242 1036 2282 vicisset,

369 2291 492 2327 deinde
510 2291 631 2326 urbem
650 2292 751 2339 cepit.
798 2291 990 2326 Plutarchus
1006 2293 1038 2324 in

371 2341 499 2377 Lucullo
515 2357 525 2381 ·,
550 2341 616 2374 Dio
633 2338 688 2375 lib.
707 2340 866 2375 XXXV.
905 2340 1038 2375 Eodem

372 2401 463 2424 anno
486 2389 542 2423 M.
561 2388 696 2435 Pupius
723 2388 799 2423 Piso
817 2389 858 2423 de
876 2388 1042 2435 Hispanis

372 2437 630 2485 triumphavit;
656 2439 760 2472 Cicero
782 2439 814 2471 in
842 2437 943 2481 Pison.
974 2447 1041 2483 cap.

377 2488 434 2523 26.
454 2497 488 2522 et
505 2487 663 2532 Asconius.
715 2485 785 2521 His
803 2498 944 2532 quoque
963 2498 1043 2525 con-

460 2585 606 2623 ΤοΜ.
639 2583 716 2623 IX.

1654 252 1732 292 273

1062 335 1194 371 sulibus
1213 336 1382 384 templum
1399 335 1499 380 Jovis
1526 334 1559 370 in
1587 333 1728 382 Capito-

1063 384 1123 426 lio,
1161 385 1259 431 quod
1294 384 1452 419 incendio
1483 383 1730 430 consumptum

1063 445 1101 468 ac
1120 432 1285 468 refestum
1302 443 1385 475 erat,
1412 445 1430 467 a
1448 434 1505 482 Q
1517 433 1645 468 Catulo
1671 432 1729 466 de-

1063 481 1216 517 dicatum
1246 482 1306 524 est,
1332 481 1530 525 Caffiodorus‚
1555 491 1590 516 et
1614 481 1731 515 Livius

1063 531 1116 566 lib.
1135 530 1307 566 XCVIII.
1346 531 1474 565 Tacitus
1491 530 1572 573 Hist.
1591 530 1644 564 lib.
1665 529 1729 564 111.

1064 589 1131 625 cap.
1152 589 1210 625 72.
1249 579 1376 614 Plinius
1400 578 1455 614 lib.
1471 579 1549 613 VII.
1577 587 1643 622 cap.
1669 588 1728 623 43.

1064 629 1187 664 Cicero
1203 627 1320 670 etiam,
1346 628 1481 662 Verrina
1493 627 1555 662 VI.
1582 636 1651 672 cap.
1673 637 1730 670 3¹·

1065 679 1122 726 Q
1152 677 1320 712 Catulum
1358 676 1548 724 appellans,
1590 674 1730 721 Capito--

1066 727 1153 762 lium
1168 725 1443 773 magnificentius
1458 725 1523 760 effe
1539 724 1733 759 restitutum

1065 787 1172 824 quam
1190 774 1306 817 fuerit,
1332 775 1389 809 ait.

1115 824 1219 860 Circa
1236 824 1326 859 idern
1349 833 1488 870 tempus
1515 822 1569 857 M.
1590 822 1734 858 Tullius

1066 885 1132 920 pro
1159 872 1306 908 Fonteio
1331 872 1451 907 dixisse
1477 872 1622 906 videtur.
1662 872 1734 906 Te-

1067 931 1188 957 nuerat
1205 921 1231 957 is
1249 920 1466 969 provinciam
1480 919 1630 956 Galliam
1644 932 1734 967 prae-

1068 981 1123 1007 tor
1139 982 1200 1018 per
1217 970 1414 1012 triennium,
1443 979 1482 1005 ut
1499 970 1599 1017 supra
1617 970 1658 1003 ad
1676 981 1734 1003 an-

1069 1032 1154 1055 num
1182 1031 1350 1055 Dchxix.
1380 1018 1554 1054 annotavi.
1606 1020 1734 1053 Rever-

1070 1069 1124 1104 sus
1142 1078 1257 1104 autern
1279 1069 1444 1110 Romam,
1471 1068 1737 1114 repetundarum

1071 1130 1148 1153 reus
1188 1116 1301 1152 &Cius
1339 1116 1387 1152 est
1420 1128 1440 1151 a
1474 1116 1598 1159 Gallis,
1640 1115 1738 1163 quod

1069 1166 1215 1202 Fonteio
1232 1176 1380 1213 praetore
1395 1166 1551 1213 oppressa
1577 1177 1643 1200 aere
1660 1165 1738 1199 alie-

1071 1228 1117 1251 no
1156 1215 1337 1262 provincia
1378 1214 1517 1249 fuiffet:
1562 1213 1738 1260 quaestum

1071 1263 1140 1312 ipse
1163 1275 1206 1298 ex
1223 1264 1358 1298 viarum
1391 1263 1581 1298 munitione
1598 1262 1737 1303 fecisset,

1069 1322 1104 1349 et
1121 1313 1314 1360 portorium
1333 1312 1404 1347 vini
1422 1312 1624 1346 instituisset.
1665 1312 1737 1346 Ac-

1070 1361 1202 1396 cusavit
1229 1373 1310 1396 eum
1341 1362 1395 1396 M.
1426 1360 1624 1401 Plaetorius‚
1661 1360 1739 1394 sub-

1071 1410 1234 1458 scriptore
1262 1410 1318 1445 M.
1337 1409 1471 1445 Fabio:
1499 1407 1651 1444 defendit
1684 1409 1739 1444 M.

1072 1459 1196 1495 Cicero
1237 1458 1328 1493 circa
1363 1458 1429 1493 hoc
1464 1467 1615 1505 tempus,
1658 1469 1741 1493 cum

1066 1507 1141 1555 jam
1177 1508 1310 1556 equites
1343 1519 1426 1542 cum
1460 1506 1670 1542 senatoribus
1698 1518 1742 1542 ex

1073 1557 1149 1604 lege
1167 1555 1530 1603 Aureliajudicarent,
1553 1555 1650 1602 quod
1666 1567 1745 1591 ora·

1075 1606 1179 1641 tionis
1195 1606 1302 1642 verba
1316 1605 1512 1641 ostendunt.
1553 1604 1644 1639 Vide
1665 1616 1741 1653 cap.

1082 1667 1136 1690 12.

1126 1703 1292 1751 Sequitur
1307 1702 1417 1739 oratio
1434 1714 1498 1750 pro
1516 1702 1562 1737 A.
1582 1701 1742 1738 Caecina:

1077 1751 1176 1799 cujus
1195 1763 1332 1799 tempus
1355 1752 1536 1793 incertum,
1560 1763 1743 1798 argumen-

1077 1812 1153 1836 tum
1171 1813 1254 1837 vero
1280 1801 1346 1835 tale
1370 1800 1429 1835 est.
1481 1800 1536 1835 M.
1564 1800 1746 1837 Fulcinius

1079 1850 1338 1897 Tarquiniensis
1400 1848 1588 1884 Caesenniae
1646 1849 1746 1885 uxori

1081 1899 1240 1941 moriens,
1292 1896 1548 1934 usumfructum
1588 1898 1747 1934 omnium

1081 1948 1254 1984 bonorum
1271 1946 1411 1983 suorum
1429 1947 1569 1994 legavit,
1595 1957 1636 1983 ut
1657 1946 1749 1983 frue-

1082 2007 1175 2032 retur
1203 2008 1272 2031 una
1292 2008 1373 2031 cum
1403 1996 1477 2031 filio
1506 1996 1626 2032 herede
1655 1997 1749 2032 insti-

1081 2057 1170 2082 tuto.
1224 2045 1315 2080 Filio
1343 2055 1496 2087 mortuo,
1528 2055 1566 2081 et
1593 2045 1751 2081 auffione

1083 2095 1256 2130 bonorum
1312 2093 1523 2137 constituta,
1574 2094 1751 2130 Caesennia

1084 2143 1235 2179 fundum
1252 2154 1294 2178 ex
1313 2143 1352 2178 iis
1371 2142 1471 2178 bonis
1495 2155 1605 2178 emere
1621 2143 1664 2177 de
1681 2142 1751 2178 sen-

1087 2192 1191 2227 tentia
1209 2192 1399 2227 amicorum
1417 2191 1604 2227 constituit.
1643 2192 1754 2238 quue

1087 2241 1266 2288 negotium
1285 2241 1362 2276 Sex.
1381 2240 1528 2276 AEbutio
1546 2239 1651 2275 dedit.
1684 2240 1754 2275 Cui

1087 2290 1233 2333 fundus,
1268 2289 1414 2337 pecunia
1442 2288 1629 2324 Caesenniae
1659 2300 1755 2336 emp-

1091 2349 1159 2380 ωε,
1187 2338 1253 2374 fuit
1272 2338 1439 2372 addietus.
1483 2337 1658 2372 Caesennia
1675 2349 1758 2373 cum

1093 2400 1162 2422 non
1193 2387 1305 2422 multo
1329 2386 1403 2433 post
1422 2387 1468 2420 A.
1488 2385 1640 2421 Caecinae
1669 2399 1758 2435 nup-

1095 2437 1191 2476 sisset,
1234 2446 1385 2481 eumque
1424 2435 1580 2469 heredem
1622 2433 1762 2477 fecisset,

1095 2486 1239 2519 decessit.
1284 2484 1380 2517 'rum
1411 2483 1580 2519 AEbutius
1613 2482 1762 2520 fundum

1350 2580 1469 2619 Mm
