2335 3009
498 232 575 289 158

495 336 535 364 to
576 325 812 370 accusationis,
851 325 975 373 judicii
1021 328 1169 382 quaestio

497 375 654 412 nascatur
673 385 835 424 oportet,
862 387 969 424 quam
992 389 1053 412 nos
1074 376 1168 424 judi-

497 426 679 468 cationem,
697 425 814 461 Graeci
831 425 970 471 νμνόμειον
983 427 1167 473 appellant.

495 475 549 511 Ea
565 474 786 510 constituitur
801 487 844 509 ex
857 473 1099 530 conjunCtione
1111 476 1166 511 fir-

497 523 661 564 mamenti
699 533 733 558 et
777 523 915 559 rationis
963 523 1168 566 destnfione,

497 573 564 608 hoc
591 573 722 608 modo:
749 573 826 607 Cum
859 573 945 608 dicat
975 574 1106 618 Orestes,
1133 574 1170 619 se

490 623 598 669 patris
626 619 785 668 ulciscendi
813 623 903 667 causa
933 630 1066 656 matrem
1094 625 1169 657 occi.

495 670 577 719 dff’
602 675 752 706 retiumne
764 671 869 718 fuerit
886 684 907 705 α
914 670 985 714 filio
999 671 1070 714 fine
1075 671 1168 717 judi-

496 723 542 755 cio
564 719 823 766 Clytaemnestram
840 720 945 755 occidi.
989 720 1086 766 Ergo
1107 720 1169 755 hac

498 769 628 804 ratione
648 768 898 822 judicationem
918 768 1062 816 reperire
1087 780 1167 804 con-

497 817 604 853 venit.
653 820 803 865 Reperta
826 816 1052 872 judicatione,
1093 829 1167 853 om-

497 878 576 902 nem
607 866 772 901 rationem
803 866 908 902 totius
936 866 1100 902 orationis
1127 878 1169 902 eo

495 914 644 951 conferri
661 915 847 964 oportebit.

545 964 667 1000 XVII.
695 965 735 1000 In
763 964 926 1000 omnibus
953 964 1169 1000 constitutio-

498 1013 602 1049 nibus
634 1023 669 1049 et
698 1013 856 1061 partibus
882 1013 1169 1050 constitutionum

497 1063 562 1098 hac
595 1061 654 1097 via
680 1060 912 1109 judicationes
947 1063 1168 1110 reperientur,

494 1120 729 1166 praeterquam
747 1111 782 1146 in
805 1110 1026 1166 conjecturali
1043 1111 1166 1147 consti-

495 1160 641 1196 tutione.
685 1159 726 1195 In
768 1171 809 1195 ea
840 1160 933 1195 enirn
975 1171 1037 1195 nec
1081 1159 1168 1195 ratio

495 1209 680 1257 quaeritur,
722 1219 828 1255 quare
864 1207 1008 1244 fecerit·
1000 1225 1010 1250 ;
1055 1207 1169 1245 fecisse

493 1258 586 1293 enirn
616 1266 782 1312 negatur:
820 1269 881 1293 nec
910 1258 1168 1294 firmamentum

493 1305 713 1355 exquiritur·‚
752 1307 919 1362 quoniam
953 1319 1022 1343 non
1056 1307 1167 1343 subest

495 1357 594 1392 ratio.
655 1357 778 1410 Qare
821 1367 864 1391 ex
909 1356 1097 1392 intentione
1133 1365 1168 1391 et

496 1404 700 1441 infitiatione
729 1403 902 1452 judicatio
934 1405 1169 1448 constituitur,

497 1454 564 1490 hoc
606 1454 740 1489 modo:
784 1454 934 1490 Intentio
974 1455 1035 1497 est,
1077 1455 1169 1490 Occi-

497 1503 567 1548 disti
593 1504 732 1550 Ajacem.
785 1503 972 1546 Infitiatio,
1008 1504 1085 1541 Non
1120 1516 1169 1538 oc-

497 1552 569 1590 cidi.
608 1552 799 1600 Judicatio,
817 1552 1022 1589 Occideritne.
1065 1553 1172 1590 Ratio

807 233 1593 275 RHETORICORUM

1219 329 1332 363 omnis
1355 329 1532 376 utriusque
1555 327 1730 371 orationis,
1756 337 1799 365 ut
1817 338 1898 366 ante

1219 377 1352 412 dietum
1377 377 1438 420 est,
1466 379 1508 414 ad
1535 378 1621 413 hanc
1646 376 1894 424 judicationem

1219 426 1426 462 conferenda
1464 427 1522 462 est.
1566 427 1602 461 Si
1637 428 1750 474 plures
1792 437 1895 463 erunt

1217 475 1488 511 constitutiones.
1517 485 1576 510 aut
1595 486 1706 523 partes
1727 476 1893 512 constitu-

1221 524 1356 559 tionum
1372 542 1382 566 ;
1405 524 1636 571 judicationes
1650 537 1793 572 quoque
1810 525 1892 572 plu-

1221 585 1270 607 res
1289 583 1389 608 erunt
1408 574 1441 608 in
1468 586 1536 608 una
1558 573 1668 615 causa,
1695 573 1750 608 sed
1774 585 1895 610 omnes

1221 621 1320 656 simili
1345 622 1474 657 ratione
1500 622 1721 670 reperientur.
1765 622 1895 658 Sedulo

1220 670 1379 706 dedimus
1412 683 1566 718 operam,
1607 681 1647 706 ut
1682 671 1831 706 breviter
1860 681 1896 706 et

1219 719 1384 762 dilucide,
1423 720 1553 767 quibus
1583 720 1625 754 de
1652 720 1754 755 rebus
1780 720 1895 756 adhuc

1219 767 1406 804 dicendum
1423 769 1504 810 fuit,
1530 769 1732 804 diceremus.
1772 769 1894 812 Nunc,

1218 818 1385 864 quoniam
1434 818 1512 853 satis
1558 817 1662 865 huJus
1704 819 1895 854 voluminis

1219 866 1425 920 magnitudo
1453 867 1573 909 crevit,
1601 867 1820 902 commodius
1845 867 1894 902 est

1219 927 1254 950 1n
1288 916 1395 951 altero
1424 915 1514 951 libro
1543 917 1586 951 de
1619 916 1750 951 caeteris
1790 917 1894 951 rebus

1218 963 1378 1011 deinceps
1395 977 1587 1012 exponere3
1610 976 1650 999 ne
1664 977 1735 1012 qua
1751 974 1894 1012 propter

1220 1013 1480 1049 multitudinem
1499 1015 1674 1048 literarum
1698 1016 1799 1060 possit
1821 1015 1894 1049 ani-

1220 1073 1319 1097 mum
1348 1073 1450 1098 tuum
1483 1061 1685 1109 defatigatio
1715 1064 1893 1099 retardare.

1218 1111 1285 1145 Sed
1307 1111 1327 1146 fi
1346 1123 1420 1158 quo
1438 1111 1512 1147 haec
1531 1111 1674 1153 tardius,
1697 1123 1804 1158 quarn
1821 1111 1894 1148 stu-

1217 1159 1288 1202 des,
1310 1159 1542 1203 absolventur,
1568 1171 1650 1195 cum
1665 1172 1777 1195 rerum
1796 1172 1892 1209 mag-

1217 1209 1380 1252 nitudini,
1395 1219 1471 1245 turn
1490 1209 1610 1246 nostris
1626 1221 1770 1257 quoque
1786 1221 1892 1246 occu-

1217 1258 1430 1306 pationibus,
1456 1261 1618 1307 assignare
1633 1259 1785 1294 debebis.
1824 1260 1893 1295 Ve-

1218 1317 1397 1343 runtamen
1431 1289 1695 1350 maturabimus,
1730 1318 1765 1343 et
1794 1308 1893 1356 quod

1217 1356 1357 1404 negotio
1395 1357 1608 1393 diminutum
1643 1355 1760 1399 fuerit,
1799 1370 1892 1394 exae-

1219 1406 1406 1453 quabirnus
1439 1406 1629 1442 industria:
1657 1416 1697 1440 ut
1731 1419 1796 1454 pro
1829 1417 1893 1443 tuo

1221 1454 1255 1490 in
1279 1466 1341 1490 nos
1364 1456 1494 1498 officio,
1519 1465 1553 1491 et
1578 1454 1719 1490 nostro
1712 1467 1746 1490 in
1765 1466 1797 1491 te
1822 1455 1892 1491 stu-

1221 1503 1292 1547 dio,
1318 1516 1446 1540 munus
1480 1506 1546 1540 hoc
1588 1505 1894 1541 accumulatiffime

1223 1563 1294 1589 tuae
1314 1553 1502 1603 largiamur
1521 1553 1704 1590 voluntati.
