2335 3009
758 214 1369 256 FRAGMENTA.

375 316 588 369 Cassiopea,
619 326 746 367 neque
765 327 814 353 ex
833 313 929 353 caelo
949 313 1108 367 depulsa
1127 314 1265 353 decore

374 383 543 422 Fertur:
575 394 666 419 nam
685 380 793 419 verso
813 380 1047 432 contingens
1068 380 1212 419 vertice
1232 380 1410 433 primum

373 449 530 493 Terras,
561 447 646 500 post
665 446 856 492 humeris,
887 446 1010 484 eversa
1032 445 1132 492 sede,
1163 445 1343 486 refertur.

305 556 309 559 χ
374 513 492 551 Hanc
514 512 575 550 illi
596 513 778 550 tribuunt
799 525 956 565 poenam
977 511 1167 550 Nereides
1189 511 1315 558 almae,

375 579 482 616 Cum
501 578 662 631 quibus,
695 586 738 615 ut
758 577 984 630 perhibent,
1015 576 1102 614 ausa
1121 576 1175 614 est
1195 577 1431 617 contendere
1451 578 1595 621 forma.

373 643 474 682 Haec
494 642 580 681 obit
601 642 789 681 inclinata
806 657 815 681 ε
849 651 887 680 at
907 655 993 695 pars
1014 650 1148 680 exorta
1168 642 1334 681 Coronae
1353 643 1408 681 est

371 709 522 754 Altera,
554 722 648 747 cum
669 708 868 761 caudaque
888 708 1017 746 omnis
1033 709 1117 760 jam
1138 708 1324 760 panditur
1344 709 1499 761 Hydra.

372 775 429 812 At
449 785 566 828 caput
587 784 625 813 et
646 784 776 813 totum
798 774 872 812 sese
893 775 1113 812 Centaurus
1134 775 1266 827 opacis

373 842 506 894 Eripit
526 856 546 879 e
567 841 753 886 tenebris,
785 841 969 894 linquens
991 840 1150 893 vestigia
1169 854 1285 893 parva

372 907 628 959 Antepedum
650 908 826 945 contecta
844 922 853 945 ι
887 907 1001 945 fimul
1024 917 1109 945 turn
1130 907 1283 944 lumina
1302 907 1440 960 pandit
1458 924 1468 948 :

373 973 459 1026 Ipse
480 973 602 1011 feram
622 973 757 1011 dextra
777 974 932 1018 retinet,
949 972 1022 1026 fid
1036 981 1170 1011 caetera
1188 973 1315 1025 magni

372 1040 582 1091 Expefflant
602 1041 726 1077 Arcus
746 1048 877 1076 ortum.
929 1038 1154 1076 Ptol-abitur
1173 1038 1267 1076 inde

372 1106 648 1157 Anguitenens
670 1106 797 1158 capite
817 1114 855 1142 et
876 1105 1088 1149 manibus3
1119 1103 1270 1157 profert
1290 1105 1405 1144 fimul
1426 1107 1582 1160 Anguis

371 1172 460 1222 jam
483 1181 615 1224 caput,
646 1180 685 1210 et
706 1171 906 1209 summum
927 1170 1029 1209 flexo
1049 1170 1097 1208 de
1116 1183 1278 1223 corpore
1298 1170 1449 1212 lumen.

373 1238 456 1276 Hic
478 1238 545 1275 ille
565 1238 741 1276 exoritur
760 1237 945 1275 converso
965 1230 1127 1289 corpore
1148 1237 1298 1283 Nixus,

371 1303 537 1348 Alvum,
568 1316 694 1348 crura,
726 1302 926 1347 humeros,
958 1301 1073 1339 fimul
1093 1310 1132 1339 et
1152 1302 1376 1354 praecordia,
1408 1304 1588 1351 lustrans,

371 1370 426 1408 Et
446 1369 581 1407 dextra
600 1368 726 1406 radios
748 1369 838 1406 laeto
859 1381 951 1406 curn
973 1367 1125 1404 lumine
1139 1367 1305 1419 jactans,

372 1435 469 1475 Inde
491 1435 771 1489 Sagittipotens
792 1434 945 1487 superas
967 1433 1164 1472 convisere
1184 1433 1292 1472 luces

373 1501 534 1547 Institit,
566 1510 604 1539 et
626 1501 770 1553 mergit
790 1501 892 1539 Nixi
912 1509 1044 1552 caput,
1076 1508 1115 1537 et
1135 1499 1250 1538 simul
1271 1499 1384 1539 effert

373 1566 456 1605 Sese
477 1568 578 1605 clara
599 1566 730 1612 Fides,
762 1575 800 1604 et
820 1565 969 1618 promit
990 1567 1142 1617 pectore
1168 1565 1367 1618 Cepheus.

370 1633 559 1671 Fervidus
580 1633 648 1670 ilie
670 1632 788 1670 Canis
811 1641 896 1669 toto
916 1645 1008 1670 curn
1030 1644 1192 1684 corpore
1212 1631 1331 1670 cedit.

370 1699 546 1737 Abditur
567 1699 709 1744 Orion,
741 1699 827 1737 obit
846 1707 884 1736 et
906 1699 1038 1750 Lepus
1059 1698 1216 1735 abditus
1238 1698 1397 1744 umbra,

371 1763 561 1803 Inferiora
589 1764 735 1802 cadunt
765 1763 924 1815 Aurigae
954 1763 1106 1800 lumina
1135 1762 1258 1814 lapsu.

371 1830 468 1874 Inde
488 1832 624 1869 obiens
647 1830 911 1883 Capricornus
932 1828 980 1866 ab
1001 1829 1080 1866 alto
1100 1828 1277 1865 culmine
1297 1828 1412 1881 pellit

371 1897 578 1950 Aurigam,
610 1896 899 1948 instantemque
921 1895 1105 1947 Capram,
1137 1907 1273 1946 parvos
1296 1894 1411 1932 simul
1432 1893 1602 1942 Hoedos,

370 1963 425 2001 Et
446 1977 628 2015 magnam
649 1962 811 2014 antiquo
832 1960 995 2013 depellit
1018 1960 1177 1998 nomine
1199 1961 1368 1999 Navem.

372 2027 569 2066 Obruitur
600 2029 794 2079 Procyon.
844 2028 1068 2079 Emergunt
1098 2025 1190 2062 alite
1221 2025 1330 2078 lapsu

371 2094 405 2131 E
438 2093 546 2131 terris
575 2093 768 2131 volucres.
816 2091 961 2130 Existit
990 2091 1092 2128 clara
1121 2091 1282 2142 Sagitta.

373 2160 474 2197 Crus
497 2158 758 2212 dextrumque
780 2158 919 2211 pedem
940 2157 1124 2210 linquens
1146 2156 1231 2195 obit
1252 2154 1377 2194 infera
1397 2155 1556 2195 Perseus

374 2226 420 2263 In
441 2224 540 2269 loca,
573 2236 657 2263 tuni
679 2227 818 2263 cedens
841 2238 860 2263 a
880 2224 1004 2277 puppi
1026 2223 1222 2276 liiiquitur
1244 2223 1367 2274 Argo.

372 2292 431 2329 At
447 2290 804 2344 pssquamficpcrum
824 2291 971 2341 convg'sit
991 2288 1181 2342 Aquarius
1201 2287 1331 2332 orbem,

372 2356 617 2408 Aestralfsqae
640 2353 1212 2409 Araestaergitsafflffmasedes,

373 2423 483 2475 Seque
503 2423 645 2460 humero
665 2431 700 2460 et
714 2422 861 2474 pedibus
875 2421 1003 2474 primis
1023 2423 1151 2473 Equus
1170 2418 1283 2458 exerit
1304 2417 1376 2457 alte
1388 2435 1409 2464 ς

372 2488 554 2527 Centauri
570 2488 756 2542 oppoſstam
776 2487 935 2526 devolvis
955 2485 1006 2526 ad
1022 2486 1141 2541 instra
1161 2483 1310 2525 caudam

1668 213 1775 276 '¹35‘

1681 467 1760 508 700

1681 793 1761 834 705

1681 1122 1761 1163 710

1680 1450 1759 1491 715

1679 1778 1759 1819 720

1679 2104 1758 2146 725

1679 2434 1758 2475 730
