2241 2994
733 224 1346 269 HISTORIA.

345 315 526 359 Catulum,
552 314 698 350 alterum
729 315 923 351 Lucullum
952 328 1009 363 ap-

346 364 497 410 pellavit.
554 366 719 411 Qorum
756 364 920 409 posterior
953 365 1011 398 ad-

346 413 414 446 huc
438 422 550 447 extat:
578 413 621 446 de
642 423 716 458 quo
741 412 948 447 Plutarchus
976 412 1011 447 in

343 460 415 495 vita
433 459 588 494 Luculli.
640 459 776 494 Deinde
793 459 874 507 quia
894 460 966 505 med
984 460 1013 496 -m'

344 511 447 548 πρέπον
467 508 661 551 videbatur,
688 507 784 555 quod
812 518 882 543 erat
901 508 1010 543 homi-

345 556 446 590 nibus
466 568 533 591 non
553 557 681 603 ignota,
709 569 776 591 non
796 556 854 591 illa
871 557 1010 603 quidem

342 609 518 646 irasmi«,
547 605 601 639 sed
631 605 663 640 in
692 605 730 640 iis
749 605 850 640 rebus
874 610 1012 649 ἀταφία,

341 653 474 688 eosdem
495 653 571 688 illos
590 653 755 688 sermones
786 654 826 688 ad
845 654 1012 689 Catonem

343 702 562 748 Brutumque
580 702 760 737 transtulit.
810 702 876 736 Sed
895 703 1012 738 admo·

343 751 435 784 nitus
454 750 497 784 ab
517 750 637 785 Attico
664 760 771 785 totam
798 750 891 784 illam
917 752 1010 785 Aca-

342 798 510 833 demicam
529 803 651 842 σύνταξιν
668 799 712 833 ab
729 798 928 833 hominibus
949 812 1009 834 no-

344 846 510 881 biliffimis
529 847 680 890 abstulit,
704 847 944 894 transtulitque
967 848 1010 882 ad

343 894 399 929 M.
419 895 620 937 Varronem,
647 906 681 930 et
697 907 738 930 ex
756 896 895 930 duobus
915 896 1010 930 libris

342 943 492 979 contulit
519 945 552 978 in
579 954 742 991 quatuor,
768 944 821 979 lib.
840 944 942 980 Xlll.
968 944 1014 979 ad

342 995 415 1027 Att.
442 993 523 1038 epist.
555 1003 608 1027 12.
643 1004 696 1039 13·
730 1006 782 1036 ¹4·
810 1003 844 1027 et
881 993 932 1028 26.
960 1003 1009 1028 at-

342 1052 412 1087 que
439 1052 482 1075 ex
516 1040 567 1075 his
599 1051 750 1088 quatuor
783 1041 878 1076 libris
908 1042 1011 1088 primi

342 1099 477 1123 tantum
508 1089 677 1136 particula
704 1099 808 1124 extat.
869 1090 1011 1137 Scripsit

342 1147 418 1172 tum
441 1137 556 1180 etiam,
584 1148 622 1173 ut
649 1150 691 1172 ex
720 1138 835 1173 iisdem
859 1138 1010 1186 epistolis

342 1186 635 1270 ffiffb'ssssssffi’mde
650 1187 1010 1283 ἶᾶἕῗᾚιιῑιῖῗοᾞὲΐὲ

342 1284 490 1330 politum
506 1285 541 1317 in
560 1285 688 1319 Finibus
705 1284 863 1318 Bonorum
881 1292 911 1318 et
931 1287 1010 1318 Ma-

342 1332 454 1373 lorum,
498 1342 727 1379 perpurgatus
763 1332 810 1367 est
854 1332 881 1366 is
916 1333 1012 1368 locus

342 1380 499 1427 quinque
529 1380 638 1422 libris,
665 1392 704 1415 ut
726 1381 813 1426 quid
832 1392 851 1414 a
868 1392 1011 1427 quoque

340 1439 374 1464 et
391 1429 479 1476 quid
502 1439 622 1464 contra
652 1441 828 1476 quemque
858 1429 1011 1464 Philoso-

340 1477 451 1525 phum
491 1478 661 1512 diceretur
703 1477 847 1525 intelligi
891 1478 1010 1524 posset,

341 1527 395 1562 lib.
414 1527 460 1562 lI.
486 1527 523 1561 de
540 1528 692 1562 Divinat.
712 1535 781 1571 cap.
809 1538 836 1562 1.
880 1527 933 1561 lta
949 1539 1009 1560 au-

342 1584 412 1610 tem
441 1574 591 1610 confecit
621 1575 776 1622 quinque
805 1575 912 1610 libros
947 1579 1010 1621 περὶ

340 1626 443 1664 'raba
472 1634 510 1658 ut
539 1623 712 1670 Epicurea
737 1624 783 1659 L.
810 1625 1008 1670 Torquato,

341 1671 458 1708 Stoica
486 1672 541 1707 M.
566 1673 704 1714 Catoni,
730 1673 922 1714 naecna‘lmm*
950 1673 1007 1707 M.

341 1720 456 1756 Pisoni
473 1721 580 1763 daret,
597 1721 681 1767 epist.
706 1724 760 1756 18.
787 1720 828 1766 [l.
852 1721 925 1768 19.]
952 1721 1007 1756 lib.

341 1770 442 1805 XIII.
481 1769 526 1804 ad
561 1770 659 1805 Attic.
711 1769 854 1816 Scripsit
888 1769 1010 1804 eodem

341 1828 495 1866 tempore
524 1818 752 1853 Laudationem
768 1818 904 1859 Porciae,
921 1818 1010 1864 soro-

340 1869 388 1901 ris
403 1869 459 1902 M.
479 1868 607 1902 Catonis
625 1877 658 1902 et
677 1866 794 1901 uxoris
820 1867 864 1902 L.
885 1866 1010 1901 Domi-

341 1915 380 1951 tii
398 1915 638 1958 Ahenobarbi,
664 1914 746 1961 φξβ.
776 1915 834 1960 36.
863 1914 900 1961 [l.
931 1916 1008 1961 37.]

340 1974 375 2000 et
404 1975 463 2009 47.
493 1964 530 2011 [l.
559 1966 638 2011 48.]
666 1963 719 1999 lib.
743 1963 845 1998 X111.
872 1962 918 1997 ad
932 1966 1007 2000 An.

342 2013 422 2059 Jam
439 2025 458 2048 a
475 2012 607 2060 scriptis
625 2012 692 2048 alio
709 2012 927 2046 transeamus.

392 2061 472 2097 Post
506 2061 637 2097 Tulliae
671 2071 817 2095 mortem
851 2060 1008 2103 Tullius,

343 2109 399 2145 M.
418 2110 523 2153 filius,
542 2110 697 2146 Athenas
715 2121 796 2144 cum
823 2110 866 2145 L.
885 2109 1010 2144 Tullio

343 2158 518 2194 Montano
549 2157 726 2206 profecftus
759 2157 832 2198 est·,
875 2157 910 2193 in
943 2158 1011 2193 fine

343 2206 396 2242 lib.
429 2207 513 2242 xil.
548 2206 592 2242 ad
621 2210 691 2243 Au.
734 2208 804 2242 Ser.
833 2206 1010 2253 Sulpicius

343 2255 456 2290 adhuc
475 2255 620 2290 Achaiae
637 2265 794 2303 praeerat,
820 2265 924 2302 atque
942 2255 1008 2302 pri·

342 2303 398 2338 die
423 2303 501 2338 Kal.
519 2303 604 2348 Jun.
635 2303 783 2339 Athenis
807 2303 850 2338 ad
871 2303 1010 2339 Cicero-

344 2363 420 2387 nem
439 2351 533 2386 dedit
549 2352 631 2396 epist.
655 2363 709 2387 12.
728 2351 782 2387 lib.
803 2352 865 2387 IV.
894 2351 1011 2387 Famil.

343 2401 379 2437 in
396 2411 467 2449 qua
490 2411 570 2435 eum
598 2399 776 2436 certiorem
793 2399 877 2435 facit
893 2400 936 2436 de
953 2401 1010 2435 M.

425 2540 495 2580 To
510 2551 564 2580 M.
595 2539 672 2579 IX.

1657 246 1733 286 329

1062 315 1243 360 Marcello,
1266 319 1327 366 qui
1347 331 1365 353 a
1384 321 1422 355 P.
1442 320 1566 368 Magio
1583 321 1729 358 Chilone

1060 365 1190 399 occisus
1208 377 1291 409 erat,
1319 369 1435 402 Livius
1451 369 1503 403 lib.
1524 371 1636 404 CXV.
1674 373 1727 406 Ci-

1062 424 1128 447 cero
1151 415 1234 459 epist.
1260 427 1312 450 10.
1342 427 1376 450 et
1399 429 1451 452 11.
1479 419 1531 453 lib.
1561 419 1660 453 XlII.
1688 419 1731 454 ed

1062 467 1136 496 An.
1188 463 1234 496 A.
1265 465 1468 510 Torquatus
1500 478 1541 501 eo
1576 476 1730 514 tempore

1062 509 1208 544 Athenis
1237 511 1412 553 exulabat,
1444 514 1485 547 ad
1515 526 1621 560 quem
1653 515 1730 550 sunt

1062 557 1238 592 Ciceronis
1268 559 1421 606 epistolae
1451 562 1503 595 lib.
1524 563 1585 596 Vl.
1614 564 1726 598 Famil.

1063 606 1102 640 ln
1130 617 1253 653 quarta
1279 608 1376 654 epist.
1415 609 1553 645 Servius
1583 611 1728 646 Athenis

1061 654 1232 690 disceffiffe
1248 656 1386 691 dicitur.

1112 703 1227 738 Caesar
1253 704 1387 739 interim
1418 705 1542 740 liberos
1574 707 1730 754 Pompeii

1060 750 1094 785 in
1113 752 1282 797 Hispania
1299 753 1402 788 vicit:
1422 765 1441 788 e
1457 754 1586 800 quibus
1605 756 1730 790 Sextus

1059 799 1229 847 profugit,
1257 801 1387 836 Cnaeus
1403 801 1513 848 pridie
1543 803 1591 837 ld.
1611 803 1727 851 April.

1060 848 1257 883 interfectus
1281 850 1340 891 est,
1367 850 1505 885 au&ore
1532 851 1666 893 Hirtio,
1693 852 1730 887 de

1060 896 1146 930 Bello
1166 897 1254 943 Hisp.
1281 907 1349 942 cap.
1374 909 1428 943 3²·
1452 909 1487 933 et
1511 911 1566 945 39.
1621 901 1729 935 Dola-

1063 945 1152 979 bella
1181 945 1259 980 inde
1279 945 1312 980 in
1344 947 1474 981 ltaliam
1494 946 1667 994 profeSmS
1687 951 1729 984 ad

1061 993 1262 1028 Ciceronem
1279 995 1376 1029 Maio
1394 995 1504 1030 mense
1521 997 1627 1038 venit,
1645 998 1726 1043 epist.

1064 1044 1094 1076 8.
1125 1042 1163 1087 [l.
1185 1043 1238 1088 9.]
1266 1043 1320 1078 lib.
1341 1044 1441 1078 Xlll.
1460 1045 1503 1079 ad
1517 1047 1588 1079 An.
1616 1046 1730 1080 Caesar

1061 1090 1182 1124 deinde
1217 1091 1249 1125 in
1286 1091 1406 1126 urbem
1440 1093 1550 1127 mense
1582 1094 1730 1129 octobri

1061 1139 1210 1182 revertit,
1238 1149 1277 1175 ut
1295 1141 1496 1175 Paterculus
1513 1141 1568 1176 lib.
1590 1143 1632 1177 11.
1652 1142 1729 1177 scri-

1061 1187 1111 1221 bit
1128 1198 1194 1233 cap.
1216 1189 1273 1234 56.
1301 1188 1404 1223 Initio
1420 1188 1493 1236 ejus
1512 1190 1631 1225 mensis
1648 1203 1728 1226 eum

1060 1237 1239 1278 revertisse,
1266 1249 1308 1272 ex
1332 1237 1384 1280 iis,
1411 1249 1494 1284 quae
1525 1238 1727 1285 sequuntur,

1061 1285 1179 1320 disces.

1111 1333 1151 1367 In
1194 1333 1486 1381 Triumphalibus
1529 1334 1729 1383 fragmentis

1060 1381 1280 1416 Tabularum
1317 1383 1592 1429 Capitolinarum
1626 1384 1730 1432 scrip-

1062 1438 1136 1463 tum
1165 1430 1225 1472 est,
1266 1431 1322 1479 Q
1347 1432 1496 1466 Fabium
1529 1432 1728 1468 Maximum

1061 1478 1127 1513 cos.
1157 1490 1209 1513 an.
1237 1490 1396 1522 Dccvixi,
1423 1492 1465 1515 ex
1491 1481 1660 1528 Hispania
1680 1493 1727 1517 ιιι

1060 1526 1142 1561 Idus
1159 1527 1289 1562 oetob.
1314 1528 1546 1576 triumphaffe.
1599 1529 1728 1565 Fabius

1060 1585 1173 1610 autem
1204 1576 1323 1611 consul
1353 1589 1420 1612 non
1451 1576 1531 1620 fuit,
1562 1577 1622 1612 nisi
1653 1579 1729 1625 post

1059 1623 1200 1659 Caesaris
1219 1625 1365 1660 reditum
1383 1637 1425 1660 ex
1442 1625 1621 1673 Hispania.
1649 1628 1729 1662 Cae-

1059 1671 1108 1706 sar
1124 1673 1216 1707 enim
1234 1673 1267 1707 in
1287 1674 1408 1708 urbem
1434 1674 1582 1709 reversus
1605 1675 1727 1710 consu-

1059 1720 1131 1756 latu
1161 1721 1192 1756 se
1218 1721 1405 1763 abdicavit,
1431 1732 1465 1756 et
1491 1723 1524 1757 in
1555 1723 1728 1770 reliquum

1060 1769 1136 1804 anni
1158 1771 1212 1817 Q
1228 1770 1376 1805 Fabium
1394 1780 1428 1805 et
1445 1771 1486 1805 C.
1507 1771 1726 1807 Trebonium

1059 1817 1205 1861 suffecit,
1232 1818 1370 1853 au&ore
1387 1819 1502 1853 Dione
1519 1819 1571 1854 lib.
1590 1821 1727 1856 XLlIl.

1060 1877 1164 1913 atque
1192 1867 1226 1901 hi
1254 1866 1332 1902 sunt
1349 1867 1516 1910 consules,
1542 1880 1632 1915 quos
1648 1871 1727 1904 Cae-

1060 1915 1164 1949 sarem
1194 1915 1227 1950 in
1257 1925 1381 1962 quarto
1404 1915 1584 1951 consulatu
1604 1916 1664 1951 fibi
1694 1917 1727 1952 in

1059 1973 1171 1999 ternos
1205 1965 1403 1998 noviffimos
1444 1965 1571 2000 menses
1607 1965 1728 2000 substi—

1059 2012 1156 2047 tuifl‘e
1173 2012 1356 2047 Suetonius
1377 2012 1424 2047 ait
1439 2014 1472 2047 in
1489 2014 1565 2059 Caes.
1581 2024 1648 2061 cap.
1670 2015 1727 2061 76.

1059 2061 1139 2106 Jam
1172 2061 1342 2096 Caesarem
1376 2071 1454 2096 ante
1492 2063 1548 2109 Q
1579 2062 1729 2097 Fabium

1061 2108 1281 2156 triumphasse
1299 2121 1367 2145 non
1396 2110 1503 2145 modo
1531 2122 1573 2145 ex
1604 2111 1728 2145 Dionis

1060 2157 1217 2193 Historia
1257 2158 1497 2205 cognoscitur,
1539 2159 1593 2194 sed
1634 2168 1668 2193 et
1709 2170 1729 2193 a

1062 2206 1297 2254 Qintiliano,
1316 2207 1369 2241 lib.
1390 2207 1451 2242 VI.
1469 2217 1536 2253 cap.
1558 2218 1589 2253 3.
1609 2206 1729 2243 diserte

1060 2255 1230 2291 scribitur.

1112 2304 1209 2352 Qae
1234 2314 1314 2338 cum
1344 2302 1388 2336 ita
1415 2302 1490 2344 sint,
1515 2301 1729 2338 consideran-

1061 2352 1159 2393 dum,
1186 2351 1366 2399 quomodo
1393 2350 1507 2385 Caesar
1533 2363 1575 2386 ex
1601 2351 1730 2399 Hispa-

1062 2401 1117 2435 nia
1133 2411 1303 2436 tevertens
1329 2411 1346 2433 a
1363 2399 1527 2434 Cicerone
1546 2399 1652 2435 tertiis
1669 2402 1730 2437 Sa-

1350 2539 1435 2577 Tt
