2241 2994
538 226 616 281 328

536 333 674 371 partum
693 323 815 358 Cicero
827 321 856 357 se
873 323 1000 358 Romae
1018 323 1122 358 teneri
1142 323 1205 358 ini-

537 373 587 408 tio
622 371 702 407 belli
742 371 977 419 Hispaniensis
1016 371 1131 407 scribit
1164 372 1206 407 ad

536 421 687 468 Leptam
715 429 760 466 ep.
796 431 848 468 ι9.
882 419 921 466 [Ι.
959 421 1032 466 ι8.]
1059 420 1113 455 lib.
1142 421 1203 456 Vl.

536 469 653 504 Famil.
682 469 868 510 Lentulus,
882 469 976 516 apud
994 481 1098 516 quem
1114 470 1205 504 Tul·

537 518 582 552 lia
608 518 755 560 decessit‚
780 517 827 552 est
858 517 897 552 P.
917 518 1098 552 Cornelius
1130 518 1202 553 Do-

537 567 673 609 labella,
699 567 760 614 qui
791 577 872 601 cum
899 567 1030 601 Caelare
1061 567 1093 600 in
1122 566 1204 601 His-

536 616 639 663 pania
662 625 744 656 erat,
772 625 812 650 ut
839 615 962 650 Cicero
991 615 1126 660 Philipp.
1160 615 1203 649 ΙΙ.

536 674 605 711 cap.
638 676 694 710 30.
724 673 759 698 et
789 663 1009 711 epistolarum
1037 664 1079 697 ad
1109 663 1204 697 Atti·

536 725 618 748 cum
651 713 703 748 lib.
738 713 836 747 Xlll.
875 711 1032 746 ostendit.
1087 712 1206 758 ltaque

536 762 718 809 deplorans
754 760 886 795 Tulliae
918 770 1062 794 mortem
1093 760 1136 794 acl
1165 761 1204 794 il-

537 811 610 845 lum
628 809 755 856 scripsit
771 809 852 855 epist.
879 820 931 843 ιι.
955 809 1008 843 lib.
1030 809 1093 843 IX.
1113 809 1202 843 Fam.

537 860 684 906 Qanto
713 858 832 893 dolore
858 867 1000 904 propter
1029 856 1204 892 interitum

537 908 619 942 filiae
636 906 811 942 cariffimae
827 906 995 947 exarserit,
1010 905 1077 952 ipse
1093 906 1202 941 osten-

536 957 588 991 dit
606 956 638 991 in
656 955 819 1002 epistolis,
846 966 933 1002 quas
955 964 1030 990 tum
1049 955 1090 988 ad
1109 955 1204 989 Atti

536 1016 618 1040 cum
648 1004 749 1046 misit,
774 1014 808 1038 et
833 1014 951 1038 extant
980 1004 1032 1038 lib.
1061 1004 1144 1038 Xll.
1170 1013 1205 1038 et

535 1054 637 1089 xm.
680 1053 726 1087 ad
764 1054 864 1088 Attic.
919 1051 1088 1098 Undique
1128 1062 1203 1087 tum

536 1101 757 1149 philosophos
785 1101 826 1135 ad
856 1100 1057 1135 Ciceronem
1085 1100 1204 1135 conso-

536 1150 628 1185 landi
648 1150 757 1197 gratia
772 1149 976 1190 convenisse,
998 1149 1206 1184 Plutarchus

536 1199 657 1234 auctor
694 1198 753 1234 est.
804 1198 906 1233 Misit
950 1198 993 1233 ad
1040 1198 1204 1233 Tullium

536 1247 777 1283 consolatorias
816 1246 928 1282 literas
972 1246 1027 1282 M.
1063 1247 1204 1290 Brutus,

537 1298 620 1343 epist.
652 1298 685 1332 8.
714 1296 754 1343 [l.
781 1297 854 1342 ¹3·]
881 1295 934 1331 lib.
960 1296 1043 1331 ΧΗ.
1069 1295 1115 1330 ad
1129 1297 1204 1331 Aet.

537 1348 571 1380 in
589 1346 703 1388 Bruto,
730 1354 796 1391 cap.
820 1356 851 1391 3.
878 1353 908 1379 et
924 1345 1008 1390 epist.
1030 1357 1062 1392 9.
1089 1344 1134 1379 ad
1149 1347 1203 1380 M

538 1395 686 1430 Brutum.
738 1395 809 1429 Ser.
840 1393 986 1441 Sulpicii
1019 1392 1206 1428 consolatio

537 1453 631 1478 extat
661 1442 744 1490 epist.
776 1455 808 1488 5.
835 1442 888 1477 lib.
919 1442 979 1477 1V.
1006 1442 1122 1477 Famil.
1148 1441 1206 1477 cui

537 1492 660 1527 Cicero
676 1492 759 1537 epist.
776 1493 912 1538 sequenti
930 1491 1134 1537 respondet.
1158 1491 1204 1526 L.

538 1540 884 1625 {lt'fflsszssssffiffl
898 1539 1118 1636 5:552&AE
1146 1552 1208 1623 ’ἷῗιῖ

539 1638 867 1723 βῖιηεῗὲιῗεειφέὶατῖειέ
872 1637 994 1721 litletsss
1005 1637 1208 1721 xgonllollii'bl-

540 1737 605 1771 rias
621 1735 731 1784 pridie
758 1735 838 1770 Kal.
869 1734 956 1770 Maii
987 1734 1125 1782 Hispali
1149 1736 1207 1770 de-

539 1785 603 1827 dit,
641 1785 723 1831 eptst.
762 1796 813 1830 ¹9·
850 1783 889 1830 [l.
917 1784 995 1830 20.]
1023 1783 1075 1819 lib.
1105 1785 1206 1819 X111.

538 1833 583 1868 ad
599 1835 668 1869 Aet.
722 1833 801 1873 Sed,
827 1844 908 1867 cum
933 1844 1072 1867 omnem
1090 1832 1208 1867 conso-

540 1882 702 1918 lationem
719 1882 870 1917 vinceret
886 1881 998 1923 dolor,
1018 1881 1049 1916 se
1065 1881 1133 1928 ipse
1151 1893 1211 1929 per

541 1931 653 1966 literas
687 1930 880 1966 consolatus
913 1930 973 1972 est,
1011 1930 1211 1977 scripsitque

541 1980 682 2021 librum,
708 1991 812 2026 quem
842 1979 1080 2021 Consolationem
1104 1980 1156 2014 vel
1176 1979 1212 2014 de

539 2029 646 2063 Ludi'u
663 2027 825 2062 minuendo
849 2027 1026 2074 inscripsit,
1052 2027 1104 2062 lib.
1124 2028 1208 2063 XII.

539 2078 621 2124 epist.
656 2088 709 2122 15.
744 2077 781 2122 [l.
820 2077 897 2122 κα]
923 2076 967 2110 ad
998 2077 1100 2111 Aeeic.
1154 2077 1209 2111 Ex

541 2127 606 2162 lioc
638 2125 727 2161 libro
746 2125 933 2160 Latzanu‘us
962 2125 1014 2159 lib.
1035 2125 1060 2160 1,
1087 2134 1154 2172 cap.
1175 2137 1208 2169 5.

540 2185 575 2211 et
598 2187 651 2221 ¹5-
678 2184 712 2209 et
742 2174 803 2210 ΙΙΙ.
838 2187 889 2221 ι9.
917 2174 1026 2208 multa
1055 2174 1207 2209 adducit.

541 2223 792 2260 Consolationis
823 2222 890 2258 suae
919 2222 1074 2257 meminit
1107 2223 1209 2258 etiam

541 2274 664 2309 Cicero
680 2277 712 2309 in
729 2272 913 2319 ‘Tusculanis
929 2271 1110 2319 aliquoties
1128 2282 1161 2307 et
1178 2274 1211 2306 in

534 2322 665 2368 secundo
696 2321 732 2356 de
768 2322 918 2355 Divinae.
961 2330 1028 2367 cap.
1072 2332 1098 2356 ι.
1141 2321 1208 2356 sic:

543 2370 631 2405 Nam
647 2369 722 2418 quid
736 2382 786 2417 ego
802 2370 838 2405 de
855 2368 1064 2414 Consolatione
1081 2370 1199 2405 dicam.
1195 2371 1211 2397 2

540 2431 608 2467 quae
635 2419 711 2454 mihi
727 2419 844 2466 quidem
859 2418 1002 2466 ipfisane
1016 2418 1212 2467 aliquantum

852 225 917 267 M.
977 227 1032 267 T.
1091 228 1620 268 CICERONIS

1254 322 1403 363 medetur,
1429 325 1545 359 caeteris
1570 325 1645 358 item
1666 322 1795 359 multum
1811 324 1924 371 profu-

1255 380 1362 406 turam
1374 380 1463 418 puto.

1320 420 1511 455 Plutarchus
1561 421 1668 463 addit,
1719 422 1922 457 Ciceronem

1254 469 1418 504 Publiliae
1442 469 1603 504 nuntium
1631 470 1798 512 remisisse,
1824 470 1923 524 quod

1255 518 1325 552 viia
1364 518 1443 552 esset
1477 517 1609 553 Tulliae
1651 529 1760 554 morte
1801 518 1921 554 laetari.

1255 566 1362 600 Unde
1379 566 1569 612 negotium,
1595 567 1693 613 quod
1721 579 1801 602 cum
1826 567 1922 602 Pub-

1256 614 1329 649 lilio
1366 614 1500 656 habuit,
1542 614 1585 648 de
1623 615 1791 650 solutione
1831 615 1923 650 dotis

1254 661 1352 697 fuisse
1382 662 1518 697 videtur
1545 662 1599 697 lib.
1631 664 1730 699 Xlll.
1761 673 1796 698 et
1821 664 1922 699 XVI.

1253 710 1298 745 ad
1315 715 1386 747 Att.

1304 759 1384 795 Post
1401 759 1533 795 Tulliae
1557 769 1702 795 mortem
1719 759 1843 796 Cicero
1860 761 1924 796 do-

1255 821 1314 843 mo
1347 807 1474 851 abfuit,
1512 818 1547 844 et
1576 809 1716 844 Asturae
1744 819 1848 857 atque
1889 809 1924 844 in

1255 856 1385 892 caeteris
1429 835 1519 892 villis
1562 857 1746 892 maximam
1792 867 1924 906 partem

1254 906 1332 940 anni
1370 905 1404 940 in
1435 905 1663 953 philosophie
1692 907 1812 941 studiis
1839 917 1922 941 con-

1254 954 1406 1009 sumpsit.
1467 954 1561 989 Cum
1601 954 1694 989 enirn
1741 955 1923 990 dominatu

1254 1003 1357 1038 unius
1374 1003 1492 1038 omnia
1514 1012 1721 1044 tenerentur,
1748 1004 1790 1038 ad
1812 1002 1924 1051 philo-

1255 1051 1420 1099 sophiam,
1459 1051 1515 1086 cui
1547 1051 1699 1086 multum
1734 1051 1927 1087 adolescens

1255 1100 1404 1135 discendi
1426 1099 1537 1142 causa,
1564 1100 1728 1147 temporis
1746 1100 1925 1144 tribuerat,

1256 1149 1286 1183 se
1321 1149 1450 1190 retulit,
1486 1158 1521 1184 et
1553 1148 1726 1196 sapientiae
1758 1149 1926 1192 studium,

1255 1198 1362 1245 longo
1391 1197 1570 1232 intervallo
1599 1198 1836 1240 intermissum,
1873 1210 1924 1233 re

1256 1246 1408 1289 vocavit,
1439 1247 1559 1292 Tuscul.
1590 1246 1616 1282 l.
1654 1256 1723 1292 cap.
1760 1258 1788 1283 1.
1826 1256 1861 1282 et
1889 1246 1929 1282 de

1255 1294 1345 1340 Offic.
1365 1295 1409 1330 11.
1437 1304 1506 1341 cap.
1533 1306 1559 1329 ι.
1593 1296 1714 1343 Qare
1731 1307 1825 1338 cum,
1844 1306 1928 1344 quae

1256 1355 1275 1378 a
1292 1344 1429 1379 Graecis
1460 1343 1601 1379 summis
1627 1344 1826 1379 auctoribus
1856 1356 1926 1380 me-

1257 1392 1375 1428 moriae
1405 1393 1541 1440 prodita
1570 1402 1678 1435 erant,
1712 1405 1750 1428 ea
1790 1393 1928 1429 Latinis

1256 1441 1361 1477 literis
1395 1441 1562 1476 illustrare
1593 1441 1721 1483 vellet;
1771 1443 1927 1478 Horten-

1257 1490 1343 1525 sium
1361 1490 1502 1538 scripsit,
1529 1502 1601 1538 quo
1619 1490 1652 1524 in
1671 1490 1762 1525 libro
1779 1491 1927 1543 philoso-

1258 1539 1374 1586 phiam
1404 1540 1448 1574 ab
1477 1539 1665 1574 Hortensio
1688 1544 1877 1574 accusatam
1894 1549 1930 1575 et

1259 1588 1487 1635 vituperatarn
1517 1587 1584 1635 iple
1612 1586 1765 1622 defendit
1793 1598 1828 1624 et
1857 1588 1930 1624 col-

1259 1637 1425 1678 laudavit,
1452 1647 1491 1672 ut
1511 1637 1629 1671 test-itu
1624 1649 1650 1670 u·
1663 1646 1716 1682 pt
1706 1649 1763 1671 mo
1781 1636 1818 1672 de
1835 1638 1928 1673 Fini-

1258 1686 1326 1725 l-us,
1364 1696 1430 1731 cap.
1476 1698 1503 1721 ι,
1538 1684 1687 1732 ejusdem
1722 1686 1851 1721 mentio
1879 1686 1929 1721 est

1258 1735 1378 1775 ‘TuscuL
1409 1735 1473 1769 Ill.
1501 1744 1568 1780 cap.
1604 1747 1634 1780 3.
1669 1745 1702 1769 et
1730 1735 1785 1769 1121.
1816 1735 1861 1770 11.
1893 1735 1931 1770 de

1257 1785 1408 1819 Divinat.
1449 1794 1517 1829 cap.
1556 1795 1584 1818 i.
1614 1783 1664 1818 his
1693 1784 1831 1818 verbis:
1867 1784 1927 1818 Co-

1258 1832 1378 1867 hortati
1393 1833 1512 1877 fiamus,
1538 1840 1572 1866 u‘
1603 1833 1736 1867 maxime
1757 1834 1928 1879 potuimus,

1258 1881 1303 1915 ad
1324 1881 1524 1927 philosophie
1542 1880 1621 1924 stw'«
1610 1893 1682 1915 ium
1710 1883 1743 1915 in
1776 1892 1810 1916 eo
1834 1882 1927 1923 libro,

1259 1932 1312 1977 qui
1328 1931 1367 1973 est
1384 1933 1546 1976 inscriptus
1567 1931 1659 1964 lim
1658 1930 1753 1974 ·.nfius
1807 1929 1929 1978 Hujus

1261 1979 1338 2014 libri
1367 1979 1510 2014 lectione
1535 1979 1581 2013 D.
1601 1979 1819 2026 Augustinus
1838 1979 1867 2014 le
1886 1979 1928 2014 ad

1260 2039 1364 2070 v,erae
1400 2028 1464 2062 hoc
1492 2027 1553 2071 est,
1579 2027 1782 2069 christianae,
1815 2027 1930 2076 philo-

1261 2076 1388 2123 sophiae
1406 2085 1541 2112 contem
1571 2075 1731 2111 lationem
1756 2077 1929 2112 incensum

1260 2123 1358 2160 fuiss‘e
1387 2125 1522 2172 aliquot
1565 2124 1636 2159 ocis
1668 2124 1804 2161 fatetur.
1859 2127 1928 2160 De-

1261 2173 1350 2215 inde,
1377 2184 1418 2209 ut
1446 2173 1493 2208 est
1511 2173 1642 2218 secundo
1659 2173 1695 2208 de
1717 2176 1786 2209 DA»
1763 2177 1830 2209 tin.
1858 2184 1927 2221 cap.

1268 2235 1296 2258 ι.
1323 2222 1405 2270 quod
1427 2233 1526 2269 genus
1549 2222 1781 2269 philosophandi
1806 2225 1931 2258 minime

1260 2283 1425 2318 arrogans,
1464 2274 1650 2319 maximeque
1679 2280 1709 2306 ee
1738 2273 1872 2317 eatstan
1898 2281 1929 2307 ee

1261 2321 1382 2367 eltgans
1399 2320 1629 2362 arbitraretur,
1657 2331 1807 2367 quatuor
1838 2324 1927 2357 :x-ca

1261 2369 1403 2404 demitis
1422 2369 1517 2404 libris
1533 2369 1626 2404 osten
1629 2370 1690 2404 lit.

1311 2418 1496 2467 Scriplerat
1522 2429 1636 2453 autem
1663 2420 1814 2466 primum
1841 2419 1930 2455 duos

1263 2466 1369 2503 libros
1428 2468 1677 2510 Academicos,
1731 2477 1766 2503 et
1820 2480 1930 2504 unum
