<?xml version="1.0" encoding="UTF-8"?>
<!DOCTYPE html PUBLIC "-//W3C//DTD XHTML 1.0 Transitional//EN"
    "http://www.w3.org/TR/xhtml1/DTD/xhtml1-transitional.dtd">
<html xmlns="http://www.w3.org/1999/xhtml" xml:lang="en" lang="en">
 <head>
  <title>
</title>
<meta http-equiv="Content-Type" content="text/html;charset=utf-8" />
  <meta name='ocr-system' content='tesseract 3.04.00' />
  <meta name='ocr-capabilities' content='ocr_page ocr_carea ocr_par ocr_line ocrx_word'/>
</head>
<body>
  <div class='ocr_page' id='page_1' title='image "./operacumindicibu09ciceuoft_0094.png"; bbox 0 0 2335 3009; ppageno 0'>
   <div class='ocr_carea' id='block_1_1' title="bbox 527 208 1469 256">
    <p class='ocr_par' dir='ltr' id='par_1_1' title="bbox 527 208 1469 256">
     <span class='ocr_line' id='line_1_1' title="bbox 527 208 1469 256; baseline -0.004 -2"><span class='ocrx_word' id='word_1_1' title='bbox 527 214 585 256; x_wconf 79' lang='lat'>86</span> <span class='ocrx_word' id='word_1_2' title='bbox 983 208 1469 250; x_wconf 89' lang='lat' dir='ltr'>EPISTOLAE</span> 
     </span>
    </p>
   </div>
   <div class='ocr_carea' id='block_1_2' title="bbox 528 307 1934 2531">
    <p class='ocr_par' dir='ltr' id='par_1_2' title="bbox 528 307 1934 2531">
     <span class='ocr_line' id='line_1_2' title="bbox 528 307 1921 365; baseline 0 -14"><span class='ocrx_word' id='word_1_3' title='bbox 528 311 696 365; x_wconf 67' lang='lat' dir='ltr'>septem.</span> <span class='ocrx_word' id='word_1_4' title='bbox 729 310 767 349; x_wconf 90' lang='lat' dir='ltr'>Is</span> <span class='ocrx_word' id='word_1_5' title='bbox 789 308 1077 362; x_wconf 84' lang='lat' dir='ltr'>rempublicam</span> <span class='ocrx_word' id='word_1_6' title='bbox 1097 307 1247 347; x_wconf 87' lang='lat' dir='ltr'>duabus</span> <span class='ocrx_word' id='word_1_7' title='bbox 1269 308 1383 347; x_wconf 90' lang='lat' dir='ltr'>rebus</span> <span class='ocrx_word' id='word_1_8' title='bbox 1404 308 1599 347; x_wconf 85' lang='lat' dir='ltr'>contineri</span> <span class='ocrx_word' id='word_1_9' title='bbox 1619 308 1736 356; x_wconf 85' lang='lat' dir='ltr'>dixit,</span> <span class='ocrx_word' id='word_1_10' title='bbox 1759 311 1921 364; x_wconf 85' lang='lat' dir='ltr'>praemio</span> 
     </span>
     <span class='ocr_line' id='line_1_3' title="bbox 532 373 1922 429; baseline -0.001 -14"><span class='ocrx_word' id='word_1_11' title='bbox 532 386 573 415; x_wconf 89' lang='lat' dir='ltr'>et</span> <span class='ocrx_word' id='word_1_12' title='bbox 593 389 722 429; x_wconf 81' lang='lat' dir='ltr'>poena.</span> <span class='ocrx_word' id='word_1_13' title='bbox 755 374 824 413; x_wconf 87' lang='lat' dir='ltr'>Est</span> <span class='ocrx_word' id='word_1_14' title='bbox 844 374 992 412; x_wconf 89' lang='lat' dir='ltr'>scilicet</span> <span class='ocrx_word' id='word_1_15' title='bbox 1013 373 1215 427; x_wconf 89' lang='lat' dir='ltr'>utriusque</span> <span class='ocrx_word' id='word_1_16' title='bbox 1236 374 1290 411; x_wconf 88' lang='lat' dir='ltr'>rei</span> <span class='ocrx_word' id='word_1_17' title='bbox 1310 374 1468 420; x_wconf 88' lang='lat' dir='ltr'>modus,</span> <span class='ocrx_word' id='word_1_18' title='bbox 1490 374 1588 413; x_wconf 86' lang='lat' dir='ltr'>ficut</span> <span class='ocrx_word' id='word_1_19' title='bbox 1608 375 1864 428; x_wconf 89' lang='lat' dir='ltr'>reliquarum,</span> <span class='ocrx_word' id='word_1_20' title='bbox 1881 383 1922 414; x_wconf 87' lang='lat' dir='ltr'>et</span> 
     </span>
     <span class='ocr_line' id='line_1_4' title="bbox 531 438 1922 495; baseline 0 -16"><span class='ocrx_word' id='word_1_21' title='bbox 531 441 712 495; x_wconf 87' lang='lat' dir='ltr'>quaedam</span> <span class='ocrx_word' id='word_1_22' title='bbox 733 440 773 478; x_wconf 93' lang='lat' dir='ltr'>in</span> <span class='ocrx_word' id='word_1_23' title='bbox 796 449 964 492; x_wconf 92' lang='lat' dir='ltr'>utroque</span> <span class='ocrx_word' id='word_1_24' title='bbox 983 452 1123 492; x_wconf 87' lang='lat' dir='ltr'>genere</span> <span class='ocrx_word' id='word_1_25' title='bbox 1149 438 1426 477; x_wconf 89' lang='lat' dir='ltr'>mediocritas:</span> <span class='ocrx_word' id='word_1_26' title='bbox 1458 439 1522 477; x_wconf 88' lang='lat' dir='ltr'>sed</span> <span class='ocrx_word' id='word_1_27' title='bbox 1553 453 1632 478; x_wconf 92' lang='lat' dir='ltr'>non</span> <span class='ocrx_word' id='word_1_28' title='bbox 1665 449 1772 479; x_wconf 85' lang='lat' dir='ltr'>tanta</span> <span class='ocrx_word' id='word_1_29' title='bbox 1802 441 1850 479; x_wconf 89' lang='lat' dir='ltr'>de</span> <span class='ocrx_word' id='word_1_30' title='bbox 1880 453 1922 479; x_wconf 86' lang='lat' dir='ltr'>re</span> 
     </span>
     <span class='ocr_line' id='line_1_5' title="bbox 532 504 1922 560; baseline 0 -15"><span class='ocrx_word' id='word_1_31' title='bbox 532 506 778 560; x_wconf 71' lang='lat' dir='ltr'>propositum</span> <span class='ocrx_word' id='word_1_32' title='bbox 805 505 860 543; x_wconf 90' lang='lat' dir='ltr'>est</span> <span class='ocrx_word' id='word_1_33' title='bbox 887 505 964 543; x_wconf 91' lang='lat' dir='ltr'>hoc</span> <span class='ocrx_word' id='word_1_34' title='bbox 994 505 1083 542; x_wconf 93' lang='lat' dir='ltr'>loco</span> <span class='ocrx_word' id='word_1_35' title='bbox 1112 504 1321 556; x_wconf 87' lang='lat' dir='ltr'>disputare.</span> <span class='ocrx_word' id='word_1_36' title='bbox 1366 504 1478 555; x_wconf 84' lang='lat' dir='ltr'>Qid</span> <span class='ocrx_word' id='word_1_37' title='bbox 1506 519 1580 558; x_wconf 87' lang='lat' dir='ltr'>ego</span> <span class='ocrx_word' id='word_1_38' title='bbox 1605 515 1737 544; x_wconf 89' lang='lat' dir='ltr'>autem</span> <span class='ocrx_word' id='word_1_39' title='bbox 1766 506 1922 545; x_wconf 81' lang='lat' dir='ltr'>secutus</span> 
     </span>
     <span class='ocr_line' id='line_1_6' title="bbox 534 569 1920 624; baseline 0 -12"><span class='ocrx_word' id='word_1_40' title='bbox 534 572 612 612; x_wconf 90' lang='lat' dir='ltr'>hoc</span> <span class='ocrx_word' id='word_1_41' title='bbox 634 573 739 611; x_wconf 90' lang='lat' dir='ltr'>bello</span> <span class='ocrx_word' id='word_1_42' title='bbox 760 571 830 610; x_wconf 77' lang='lat' dir='ltr'>sim</span> <span class='ocrx_word' id='word_1_43' title='bbox 851 571 891 609; x_wconf 92' lang='lat' dir='ltr'>in</span> <span class='ocrx_word' id='word_1_44' title='bbox 913 570 1114 609; x_wconf 85' lang='lat' dir='ltr'>sententiis</span> <span class='ocrx_word' id='word_1_45' title='bbox 1135 569 1327 615; x_wconf 79' lang='lat' dir='ltr'>dicendis,</span> <span class='ocrx_word' id='word_1_46' title='bbox 1345 570 1491 623; x_wconf 91' lang='lat' dir='ltr'>aperire</span> <span class='ocrx_word' id='word_1_47' title='bbox 1511 583 1591 608; x_wconf 89' lang='lat' dir='ltr'>non</span> <span class='ocrx_word' id='word_1_48' title='bbox 1611 571 1784 610; x_wconf 87' lang='lat' dir='ltr'>alienum</span> <span class='ocrx_word' id='word_1_49' title='bbox 1805 581 1920 624; x_wconf 88' lang='lat' dir='ltr'>puto.</span> 
     </span>
     <span class='ocr_line' id='line_1_7' title="bbox 537 635 1920 684; baseline -0.001 -7"><span class='ocrx_word' id='word_1_50' title='bbox 537 638 628 678; x_wconf 86' lang='lat' dir='ltr'>Post</span> <span class='ocrx_word' id='word_1_51' title='bbox 658 638 864 677; x_wconf 90' lang='lat' dir='ltr'>interitum</span> <span class='ocrx_word' id='word_1_52' title='bbox 896 636 1069 681; x_wconf 84' lang='lat' dir='ltr'>Caesaris,</span> <span class='ocrx_word' id='word_1_53' title='bbox 1100 644 1139 673; x_wconf 90' lang='lat' dir='ltr'>et</span> <span class='ocrx_word' id='word_1_54' title='bbox 1167 635 1306 674; x_wconf 88' lang='lat' dir='ltr'>vestras</span> <span class='ocrx_word' id='word_1_55' title='bbox 1327 635 1602 674; x_wconf 86' lang='lat' dir='ltr'>memorabiles</span> <span class='ocrx_word' id='word_1_56' title='bbox 1623 636 1717 675; x_wconf 90' lang='lat' dir='ltr'>ldus</span> <span class='ocrx_word' id='word_1_57' title='bbox 1739 637 1920 684; x_wconf 86' lang='lat' dir='ltr'>Martias,</span> 
     </span>
     <span class='ocr_line' id='line_1_8' title="bbox 535 700 1925 756; baseline -0.001 -13"><span class='ocrx_word' id='word_1_58' title='bbox 535 705 671 749; x_wconf 85' lang='lat' dir='ltr'>Brute,</span> <span class='ocrx_word' id='word_1_59' title='bbox 694 703 791 756; x_wconf 91' lang='lat' dir='ltr'>quid</span> <span class='ocrx_word' id='word_1_60' title='bbox 810 715 883 755; x_wconf 90' lang='lat' dir='ltr'>ego</span> <span class='ocrx_word' id='word_1_61' title='bbox 902 700 1200 755; x_wconf 85' lang='lat' dir='ltr'>praetermiffum</span> <span class='ocrx_word' id='word_1_62' title='bbox 1221 714 1242 739; x_wconf 93' lang='lat' dir='ltr'>a</span> <span class='ocrx_word' id='word_1_63' title='bbox 1261 701 1388 746; x_wconf 92' lang='lat' dir='ltr'>vobis,</span> <span class='ocrx_word' id='word_1_64' title='bbox 1409 710 1678 755; x_wconf 87' lang='lat' dir='ltr'>quantamque</span> <span class='ocrx_word' id='word_1_65' title='bbox 1697 702 1925 755; x_wconf 88' lang='lat' dir='ltr'>impendere</span> 
     </span>
     <span class='ocr_line' id='line_1_9' title="bbox 535 765 1923 823; baseline -0.001 -15"><span class='ocrx_word' id='word_1_66' title='bbox 535 769 763 823; x_wconf 73' lang='lat' dir='ltr'>reipublicae</span> <span class='ocrx_word' id='word_1_67' title='bbox 783 767 1066 820; x_wconf 88' lang='lat' dir='ltr'>tempestatem,</span> <span class='ocrx_word' id='word_1_68' title='bbox 1093 765 1277 811; x_wconf 87' lang='lat' dir='ltr'>dixerim,</span> <span class='ocrx_word' id='word_1_69' title='bbox 1308 779 1388 804; x_wconf 91' lang='lat' dir='ltr'>non</span> <span class='ocrx_word' id='word_1_70' title='bbox 1407 779 1446 805; x_wconf 88' lang='lat' dir='ltr'>es</span> <span class='ocrx_word' id='word_1_71' title='bbox 1466 767 1632 806; x_wconf 91' lang='lat' dir='ltr'>oblitus.</span> <span class='ocrx_word' id='word_1_72' title='bbox 1664 767 1815 820; x_wconf 88' lang='lat' dir='ltr'>Magna</span> <span class='ocrx_word' id='word_1_73' title='bbox 1833 767 1923 821; x_wconf 88' lang='lat' dir='ltr'>pes-</span> 
     </span>
     <span class='ocr_line' id='line_1_10' title="bbox 536 832 1923 888; baseline -0.001 -14"><span class='ocrx_word' id='word_1_74' title='bbox 536 836 587 874; x_wconf 88' lang='lat' dir='ltr'>tis</span> <span class='ocrx_word' id='word_1_75' title='bbox 608 844 688 873; x_wconf 88' lang='lat' dir='ltr'>erat</span> <span class='ocrx_word' id='word_1_76' title='bbox 707 833 865 888; x_wconf 91' lang='lat' dir='ltr'>depulsa</span> <span class='ocrx_word' id='word_1_77' title='bbox 885 847 953 886; x_wconf 87' lang='lat' dir='ltr'>per</span> <span class='ocrx_word' id='word_1_78' title='bbox 971 845 1055 877; x_wconf 83' lang='lat' dir='ltr'>VOS,</span> <span class='ocrx_word' id='word_1_79' title='bbox 1086 845 1228 884; x_wconf 88' lang='lat' dir='ltr'>magna</span> <span class='ocrx_word' id='word_1_80' title='bbox 1246 832 1386 885; x_wconf 88' lang='lat' dir='ltr'>populi</span> <span class='ocrx_word' id='word_1_81' title='bbox 1407 833 1580 872; x_wconf 86' lang='lat' dir='ltr'>Romani</span> <span class='ocrx_word' id='word_1_82' title='bbox 1600 833 1754 872; x_wconf 87' lang='lat' dir='ltr'>macula</span> <span class='ocrx_word' id='word_1_83' title='bbox 1773 833 1900 873; x_wconf 87' lang='lat' dir='ltr'>deleta</span> <span class='ocrx_word' id='word_1_84' title='bbox 1908 853 1923 881; x_wconf 65' lang='grc' dir='ltr'><strong><em>ς</em></strong></span> 
     </span>
     <span class='ocr_line' id='line_1_11' title="bbox 535 897 1922 952; baseline -0.001 -13"><span class='ocrx_word' id='word_1_85' title='bbox 535 901 648 939; x_wconf 88' lang='lat' dir='ltr'>vobis</span> <span class='ocrx_word' id='word_1_86' title='bbox 669 914 760 939; x_wconf 93' lang='lat' dir='ltr'>vero</span> <span class='ocrx_word' id='word_1_87' title='bbox 779 908 887 952; x_wconf 90' lang='lat' dir='ltr'>parta</span> <span class='ocrx_word' id='word_1_88' title='bbox 904 898 1038 936; x_wconf 81' lang='lat' dir='ltr'>divina</span> <span class='ocrx_word' id='word_1_89' title='bbox 1056 897 1182 950; x_wconf 86' lang='lat' dir='ltr'>gloria</span> <span class='ocrx_word' id='word_1_90' title='bbox 1200 913 1208 936; x_wconf 90' lang='lat'>:</span> <span class='ocrx_word' id='word_1_91' title='bbox 1241 897 1305 936; x_wconf 87' lang='lat' dir='ltr'>sed</span> <span class='ocrx_word' id='word_1_92' title='bbox 1336 897 1643 937; x_wconf 88' lang='lat' dir='ltr'>instrumentum</span> <span class='ocrx_word' id='word_1_93' title='bbox 1675 899 1785 952; x_wconf 89' lang='lat' dir='ltr'>regni</span> <span class='ocrx_word' id='word_1_94' title='bbox 1815 899 1922 938; x_wconf 91' lang='lat' dir='ltr'>dela-</span> 
     </span>
     <span class='ocr_line' id='line_1_12' title="bbox 536 964 1923 1019; baseline -0.002 -13"><span class='ocrx_word' id='word_1_95' title='bbox 536 976 625 1006; x_wconf 89' lang='lat' dir='ltr'>tum</span> <span class='ocrx_word' id='word_1_96' title='bbox 656 966 704 1004; x_wconf 89' lang='lat' dir='ltr'>ad</span> <span class='ocrx_word' id='word_1_97' title='bbox 736 965 934 1019; x_wconf 88' lang='lat' dir='ltr'>Lepidum</span> <span class='ocrx_word' id='word_1_98' title='bbox 963 973 1003 1002; x_wconf 91' lang='lat' dir='ltr'>et</span> <span class='ocrx_word' id='word_1_99' title='bbox 1033 964 1286 1009; x_wconf 84' lang='lat' dir='ltr'>Antonium;</span> <span class='ocrx_word' id='word_1_100' title='bbox 1318 977 1489 1017; x_wconf 90' lang='lat' dir='ltr'>quorum</span> <span class='ocrx_word' id='word_1_101' title='bbox 1509 964 1606 1003; x_wconf 88' lang='lat' dir='ltr'>alter</span> <span class='ocrx_word' id='word_1_102' title='bbox 1625 965 1923 1011; x_wconf 88' lang='lat' dir='ltr'>inconstantior,</span> 
     </span>
     <span class='ocr_line' id='line_1_13' title="bbox 536 1030 1924 1084; baseline -0.001 -14"><span class='ocrx_word' id='word_1_103' title='bbox 536 1032 635 1071; x_wconf 86' lang='lat' dir='ltr'>alter</span> <span class='ocrx_word' id='word_1_104' title='bbox 665 1031 874 1084; x_wconf 87' lang='lat' dir='ltr'>impurior,</span> <span class='ocrx_word' id='word_1_105' title='bbox 905 1039 1070 1082; x_wconf 90' lang='lat' dir='ltr'>uterque</span> <span class='ocrx_word' id='word_1_106' title='bbox 1100 1042 1236 1082; x_wconf 90' lang='lat' dir='ltr'>pacem</span> <span class='ocrx_word' id='word_1_107' title='bbox 1267 1038 1462 1074; x_wconf 88' lang='lat' dir='ltr'>metuens,</span> <span class='ocrx_word' id='word_1_108' title='bbox 1492 1030 1681 1067; x_wconf 86' lang='lat' dir='ltr'>inimicus</span> <span class='ocrx_word' id='word_1_109' title='bbox 1701 1031 1799 1068; x_wconf 89' lang='lat' dir='ltr'>otio.</span> <span class='ocrx_word' id='word_1_110' title='bbox 1846 1031 1924 1069; x_wconf 85' lang='lat' dir='ltr'>His</span> 
     </span>
     <span class='ocr_line' id='line_1_14' title="bbox 537 1093 1926 1148; baseline -0.001 -13"><span class='ocrx_word' id='word_1_111' title='bbox 537 1096 765 1135; x_wconf 89' lang='lat' dir='ltr'>ardentibus</span> <span class='ocrx_word' id='word_1_112' title='bbox 798 1094 1069 1148; x_wconf 86' lang='lat' dir='ltr'>perturbandae</span> <span class='ocrx_word' id='word_1_113' title='bbox 1103 1093 1330 1146; x_wconf 83' lang='lat' dir='ltr'>reipublicae</span> <span class='ocrx_word' id='word_1_114' title='bbox 1363 1093 1595 1146; x_wconf 90' lang='lat' dir='ltr'>cupiditate,</span> <span class='ocrx_word' id='word_1_115' title='bbox 1635 1095 1742 1147; x_wconf 92' lang='lat' dir='ltr'>quod</span> <span class='ocrx_word' id='word_1_116' title='bbox 1776 1095 1926 1148; x_wconf 91' lang='lat' dir='ltr'>opponi</span> 
     </span>
     <span class='ocr_line' id='line_1_15' title="bbox 533 1157 1925 1215; baseline 0 -15"><span class='ocrx_word' id='word_1_117' title='bbox 533 1161 659 1215; x_wconf 72' lang='lat' dir='ltr'>poss‘et</span> <span class='ocrx_word' id='word_1_118' title='bbox 679 1161 915 1214; x_wconf 87' lang='lat' dir='ltr'>praefidium,</span> <span class='ocrx_word' id='word_1_119' title='bbox 946 1172 1025 1197; x_wconf 90' lang='lat' dir='ltr'>non</span> <span class='ocrx_word' id='word_1_120' title='bbox 1046 1157 1301 1197; x_wconf 87' lang='lat' dir='ltr'>habebamus.</span> <span class='ocrx_word' id='word_1_121' title='bbox 1347 1159 1534 1197; x_wconf 88' lang='lat' dir='ltr'>Erexerat</span> <span class='ocrx_word' id='word_1_122' title='bbox 1563 1159 1670 1198; x_wconf 88' lang='lat' dir='ltr'>enim</span> <span class='ocrx_word' id='word_1_123' title='bbox 1703 1160 1741 1198; x_wconf 91' lang='lat' dir='ltr'>se</span> <span class='ocrx_word' id='word_1_124' title='bbox 1771 1161 1925 1207; x_wconf 85' lang='lat' dir='ltr'>civitas,</span> 
     </span>
     <span class='ocr_line' id='line_1_16' title="bbox 533 1223 1925 1274; baseline 0 -8"><span class='ocrx_word' id='word_1_125' title='bbox 533 1228 579 1267; x_wconf 77' lang='lat' dir='ltr'>in</span> <span class='ocrx_word' id='word_1_126' title='bbox 601 1225 803 1265; x_wconf 88' lang='lat' dir='ltr'>retinenda</span> <span class='ocrx_word' id='word_1_127' title='bbox 821 1225 1002 1264; x_wconf 88' lang='lat' dir='ltr'>libertate</span> <span class='ocrx_word' id='word_1_128' title='bbox 1021 1223 1283 1263; x_wconf 85' lang='lat' dir='ltr'>consentiens.</span> <span class='ocrx_word' id='word_1_129' title='bbox 1316 1224 1404 1263; x_wconf 90' lang='lat' dir='ltr'>Nos</span> <span class='ocrx_word' id='word_1_130' title='bbox 1426 1234 1513 1264; x_wconf 88' lang='lat' dir='ltr'>tum</span> <span class='ocrx_word' id='word_1_131' title='bbox 1534 1226 1654 1264; x_wconf 87' lang='lat' dir='ltr'>nimis</span> <span class='ocrx_word' id='word_1_132' title='bbox 1674 1239 1778 1265; x_wconf 88' lang='lat' dir='ltr'>acres</span> <span class='ocrx_word' id='word_1_133' title='bbox 1798 1241 1807 1265; x_wconf 91' lang='lat'><strong>:</strong></span> <span class='ocrx_word' id='word_1_134' title='bbox 1840 1241 1925 1274; x_wconf 89' lang='lat' dir='ltr'>vos,</span> 
     </span>
     <span class='ocr_line' id='line_1_17' title="bbox 535 1290 1926 1346; baseline -0.001 -14"><span class='ocrx_word' id='word_1_135' title='bbox 535 1293 693 1332; x_wconf 76' lang='lat' dir='ltr'>fortaffe</span> <span class='ocrx_word' id='word_1_136' title='bbox 713 1293 939 1346; x_wconf 88' lang='lat' dir='ltr'>sapientius,</span> <span class='ocrx_word' id='word_1_137' title='bbox 960 1290 1166 1330; x_wconf 82' lang='lat' dir='ltr'>exceffistis</span> <span class='ocrx_word' id='word_1_138' title='bbox 1188 1291 1284 1329; x_wconf 91' lang='lat' dir='ltr'>urbe</span> <span class='ocrx_word' id='word_1_139' title='bbox 1304 1304 1361 1337; x_wconf 87' lang='lat' dir='ltr'>ea,</span> <span class='ocrx_word' id='word_1_140' title='bbox 1383 1305 1503 1344; x_wconf 87' lang='lat' dir='ltr'>quam</span> <span class='ocrx_word' id='word_1_141' title='bbox 1523 1292 1738 1330; x_wconf 89' lang='lat' dir='ltr'>liberaratis</span> <span class='ocrx_word' id='word_1_142' title='bbox 1755 1307 1764 1331; x_wconf 91' lang='lat'><strong>:</strong></span> <span class='ocrx_word' id='word_1_143' title='bbox 1788 1293 1926 1340; x_wconf 85' lang='lat' dir='ltr'>Italiae,</span> 
     </span>
     <span class='ocr_line' id='line_1_18' title="bbox 537 1356 1928 1410; baseline 0 -13"><span class='ocrx_word' id='word_1_144' title='bbox 537 1359 605 1397; x_wconf 88' lang='lat' dir='ltr'>sua</span> <span class='ocrx_word' id='word_1_145' title='bbox 619 1359 730 1396; x_wconf 90' lang='lat' dir='ltr'>vobis</span> <span class='ocrx_word' id='word_1_146' title='bbox 751 1357 875 1396; x_wconf 87' lang='lat' dir='ltr'>studia</span> <span class='ocrx_word' id='word_1_147' title='bbox 894 1356 1112 1410; x_wconf 87' lang='lat' dir='ltr'>profitenti,</span> <span class='ocrx_word' id='word_1_148' title='bbox 1129 1356 1340 1395; x_wconf 84' lang='lat' dir='ltr'>remifistis.</span> <span class='ocrx_word' id='word_1_149' title='bbox 1372 1357 1509 1410; x_wconf 87' lang='lat' dir='ltr'>Itaque</span> <span class='ocrx_word' id='word_1_150' title='bbox 1529 1370 1622 1396; x_wconf 91' lang='lat' dir='ltr'>cum</span> <span class='ocrx_word' id='word_1_151' title='bbox 1644 1357 1766 1396; x_wconf 88' lang='lat' dir='ltr'>teneri</span> <span class='ocrx_word' id='word_1_152' title='bbox 1788 1358 1928 1398; x_wconf 86' lang='lat' dir='ltr'>urbem</span> 
     </span>
     <span class='ocr_line' id='line_1_19' title="bbox 538 1422 1925 1477; baseline 0.001 -15"><span class='ocrx_word' id='word_1_153' title='bbox 538 1437 561 1462; x_wconf 87' lang='lat' dir='ltr'>a</span> <span class='ocrx_word' id='word_1_154' title='bbox 579 1423 782 1477; x_wconf 88' lang='lat' dir='ltr'>parricidis</span> <span class='ocrx_word' id='word_1_155' title='bbox 803 1422 990 1468; x_wconf 86' lang='lat' dir='ltr'>viderem,</span> <span class='ocrx_word' id='word_1_156' title='bbox 1014 1435 1084 1460; x_wconf 91' lang='lat' dir='ltr'>nec</span> <span class='ocrx_word' id='word_1_157' title='bbox 1106 1431 1143 1460; x_wconf 89' lang='lat' dir='ltr'>te</span> <span class='ocrx_word' id='word_1_158' title='bbox 1163 1422 1205 1460; x_wconf 91' lang='lat' dir='ltr'>in</span> <span class='ocrx_word' id='word_1_159' title='bbox 1225 1435 1282 1467; x_wconf 91' lang='lat' dir='ltr'>ea,</span> <span class='ocrx_word' id='word_1_160' title='bbox 1305 1435 1376 1460; x_wconf 92' lang='lat' dir='ltr'>nec</span> <span class='ocrx_word' id='word_1_161' title='bbox 1396 1422 1585 1468; x_wconf 84' lang='lat' dir='ltr'>Caffium,</span> <span class='ocrx_word' id='word_1_162' title='bbox 1607 1431 1695 1461; x_wconf 89' lang='lat' dir='ltr'>tuto</span> <span class='ocrx_word' id='word_1_163' title='bbox 1713 1423 1787 1462; x_wconf 85' lang='lat' dir='ltr'>effe</span> <span class='ocrx_word' id='word_1_164' title='bbox 1806 1424 1925 1477; x_wconf 79' lang='lat' dir='ltr'>poss‘e,</span> 
     </span>
     <span class='ocr_line' id='line_1_20' title="bbox 539 1487 1930 1542; baseline 0.001 -14"><span class='ocrx_word' id='word_1_165' title='bbox 539 1503 705 1542; x_wconf 88' lang='lat' dir='ltr'>eamque</span> <span class='ocrx_word' id='word_1_166' title='bbox 733 1489 850 1527; x_wconf 89' lang='lat' dir='ltr'>armis</span> <span class='ocrx_word' id='word_1_167' title='bbox 881 1487 1097 1541; x_wconf 74' lang='lat' dir='ltr'>oppressam</span> <span class='ocrx_word' id='word_1_168' title='bbox 1127 1487 1174 1526; x_wconf 86' lang='lat' dir='ltr'>ab</span> <span class='ocrx_word' id='word_1_169' title='bbox 1196 1488 1403 1533; x_wconf 86' lang='lat' dir='ltr'>Antonio;</span> <span class='ocrx_word' id='word_1_170' title='bbox 1436 1487 1537 1527; x_wconf 81' lang='lat' dir='ltr'>mihi</span> <span class='ocrx_word' id='word_1_171' title='bbox 1567 1501 1726 1542; x_wconf 88' lang='lat' dir='ltr'>quoque</span> <span class='ocrx_word' id='word_1_172' title='bbox 1755 1489 1826 1541; x_wconf 88' lang='lat' dir='ltr'>ipfi</span> <span class='ocrx_word' id='word_1_173' title='bbox 1855 1490 1930 1529; x_wconf 89' lang='lat' dir='ltr'>esse</span> 
     </span>
     <span class='ocr_line' id='line_1_21' title="bbox 533 1553 1930 1608; baseline 0 -14"><span class='ocrx_word' id='word_1_174' title='bbox 533 1555 810 1594; x_wconf 76' lang='lat' dir='ltr'>excedendum</span> <span class='ocrx_word' id='word_1_175' title='bbox 840 1555 989 1607; x_wconf 89' lang='lat' dir='ltr'>putavi.</span> <span class='ocrx_word' id='word_1_176' title='bbox 1033 1555 1204 1592; x_wconf 78' lang='lat' dir='ltr'>Tetrum</span> <span class='ocrx_word' id='word_1_177' title='bbox 1231 1554 1340 1591; x_wconf 86' lang='lat' dir='ltr'>enim</span> <span class='ocrx_word' id='word_1_178' title='bbox 1371 1553 1651 1606; x_wconf 57' lang='lat' dir='ltr'>spectaculum,</span> <span class='ocrx_word' id='word_1_179' title='bbox 1681 1554 1856 1608; x_wconf 77' lang='lat' dir='ltr'>oppressa</span> <span class='ocrx_word' id='word_1_180' title='bbox 1880 1556 1930 1594; x_wconf 90' lang='lat' dir='ltr'>ab</span> 
     </span>
     <span class='ocr_line' id='line_1_22' title="bbox 539 1619 1930 1674; baseline 0 -15"><span class='ocrx_word' id='word_1_181' title='bbox 539 1621 676 1674; x_wconf 86' lang='lat' dir='ltr'>impiis</span> <span class='ocrx_word' id='word_1_182' title='bbox 697 1621 849 1665; x_wconf 87' lang='lat' dir='ltr'>civitas,</span> <span class='ocrx_word' id='word_1_183' title='bbox 879 1619 1102 1672; x_wconf 87' lang='lat' dir='ltr'>opitulandi</span> <span class='ocrx_word' id='word_1_184' title='bbox 1122 1619 1307 1672; x_wconf 88' lang='lat' dir='ltr'>potestate</span> <span class='ocrx_word' id='word_1_185' title='bbox 1328 1619 1497 1671; x_wconf 85' lang='lat' dir='ltr'>praecisa.</span> <span class='ocrx_word' id='word_1_186' title='bbox 1539 1619 1612 1657; x_wconf 91' lang='lat' dir='ltr'>Sed</span> <span class='ocrx_word' id='word_1_187' title='bbox 1632 1621 1786 1658; x_wconf 86' lang='lat' dir='ltr'>animus</span> <span class='ocrx_word' id='word_1_188' title='bbox 1807 1620 1930 1667; x_wconf 89' lang='lat' dir='ltr'>idem,</span> 
     </span>
     <span class='ocr_line' id='line_1_23' title="bbox 540 1684 1931 1740; baseline -0.001 -15"><span class='ocrx_word' id='word_1_189' title='bbox 540 1687 613 1740; x_wconf 91' lang='lat' dir='ltr'>qui</span> <span class='ocrx_word' id='word_1_190' title='bbox 634 1686 783 1739; x_wconf 90' lang='lat' dir='ltr'>semper</span> <span class='ocrx_word' id='word_1_191' title='bbox 803 1684 948 1723; x_wconf 85' lang='lat' dir='ltr'>infixus</span> <span class='ocrx_word' id='word_1_192' title='bbox 969 1685 1022 1723; x_wconf 90' lang='lat' dir='ltr'>est</span> <span class='ocrx_word' id='word_1_193' title='bbox 1043 1686 1083 1723; x_wconf 92' lang='lat' dir='ltr'>in</span> <span class='ocrx_word' id='word_1_194' title='bbox 1105 1685 1237 1738; x_wconf 85' lang='lat' dir='ltr'>patriae</span> <span class='ocrx_word' id='word_1_195' title='bbox 1258 1685 1432 1730; x_wconf 85' lang='lat' dir='ltr'>caritate,</span> <span class='ocrx_word' id='word_1_196' title='bbox 1463 1684 1666 1723; x_wconf 75' lang='lat' dir='ltr'>discessum</span> <span class='ocrx_word' id='word_1_197' title='bbox 1687 1685 1735 1723; x_wconf 87' lang='lat' dir='ltr'>ab</span> <span class='ocrx_word' id='word_1_198' title='bbox 1755 1687 1838 1738; x_wconf 86' lang='lat' dir='ltr'>ejus</span> <span class='ocrx_word' id='word_1_199' title='bbox 1860 1700 1931 1739; x_wconf 85' lang='lat' dir='ltr'>pe-</span> 
     </span>
     <span class='ocr_line' id='line_1_24' title="bbox 540 1749 1930 1803; baseline -0.001 -12"><span class='ocrx_word' id='word_1_200' title='bbox 540 1752 678 1791; x_wconf 88' lang='lat' dir='ltr'>riculis</span> <span class='ocrx_word' id='word_1_201' title='bbox 700 1750 798 1789; x_wconf 90' lang='lat' dir='ltr'>ferre</span> <span class='ocrx_word' id='word_1_202' title='bbox 821 1764 898 1788; x_wconf 94' lang='lat' dir='ltr'>non</span> <span class='ocrx_word' id='word_1_203' title='bbox 920 1751 1066 1803; x_wconf 92' lang='lat' dir='ltr'>potuit.</span> <span class='ocrx_word' id='word_1_204' title='bbox 1106 1751 1242 1802; x_wconf 89' lang='lat' dir='ltr'>Itaque</span> <span class='ocrx_word' id='word_1_205' title='bbox 1263 1751 1304 1788; x_wconf 92' lang='lat' dir='ltr'>in</span> <span class='ocrx_word' id='word_1_206' title='bbox 1326 1750 1457 1788; x_wconf 89' lang='lat' dir='ltr'>medio</span> <span class='ocrx_word' id='word_1_207' title='bbox 1479 1749 1656 1789; x_wconf 85' lang='lat' dir='ltr'>Achaico</span> <span class='ocrx_word' id='word_1_208' title='bbox 1676 1751 1805 1797; x_wconf 89' lang='lat' dir='ltr'>cursu,</span> <span class='ocrx_word' id='word_1_209' title='bbox 1837 1765 1930 1790; x_wconf 90' lang='lat' dir='ltr'>cum</span> 
     </span>
     <span class='ocr_line' id='line_1_25' title="bbox 540 1816 1930 1869; baseline -0.001 -12"><span class='ocrx_word' id='word_1_210' title='bbox 540 1818 744 1857; x_wconf 74' lang='lat' dir='ltr'>etesiarum</span> <span class='ocrx_word' id='word_1_211' title='bbox 766 1817 904 1855; x_wconf 90' lang='lat' dir='ltr'>diebus</span> <span class='ocrx_word' id='word_1_212' title='bbox 924 1816 1047 1855; x_wconf 91' lang='lat' dir='ltr'>auster</span> <span class='ocrx_word' id='word_1_213' title='bbox 1067 1830 1130 1854; x_wconf 91' lang='lat' dir='ltr'>me</span> <span class='ocrx_word' id='word_1_214' title='bbox 1151 1817 1191 1854; x_wconf 94' lang='lat' dir='ltr'>in</span> <span class='ocrx_word' id='word_1_215' title='bbox 1215 1817 1384 1862; x_wconf 85' lang='lat' dir='ltr'>Italiam,</span> <span class='ocrx_word' id='word_1_216' title='bbox 1406 1817 1510 1869; x_wconf 73' lang='lat' dir='ltr'>quasi</span> <span class='ocrx_word' id='word_1_217' title='bbox 1531 1817 1713 1855; x_wconf 82' lang='lat' dir='ltr'>dissuasor</span> <span class='ocrx_word' id='word_1_218' title='bbox 1733 1818 1810 1856; x_wconf 88' lang='lat' dir='ltr'>mei</span> <span class='ocrx_word' id='word_1_219' title='bbox 1832 1832 1930 1856; x_wconf 80' lang='lat' dir='ltr'>con·</span> 
     </span>
     <span class='ocr_line' id='line_1_26' title="bbox 541 1882 1930 1935; baseline -0.001 -13"><span class='ocrx_word' id='word_1_220' title='bbox 541 1884 632 1929; x_wconf 86' lang='lat' dir='ltr'>filii,</span> <span class='ocrx_word' id='word_1_221' title='bbox 664 1882 866 1927; x_wconf 82' lang='lat' dir='ltr'>retulisset,</span> <span class='ocrx_word' id='word_1_222' title='bbox 898 1892 936 1920; x_wconf 90' lang='lat' dir='ltr'>te</span> <span class='ocrx_word' id='word_1_223' title='bbox 962 1883 1043 1920; x_wconf 90' lang='lat' dir='ltr'>vidi</span> <span class='ocrx_word' id='word_1_224' title='bbox 1066 1882 1202 1928; x_wconf 77' lang='lat' dir='ltr'>Veliae,</span> <span class='ocrx_word' id='word_1_225' title='bbox 1233 1882 1423 1935; x_wconf 89' lang='lat' dir='ltr'>doluique</span> <span class='ocrx_word' id='word_1_226' title='bbox 1444 1882 1709 1922; x_wconf 86' lang='lat' dir='ltr'>vehementer.</span> <span class='ocrx_word' id='word_1_227' title='bbox 1756 1883 1930 1922; x_wconf 83' lang='lat' dir='ltr'>Cedebas</span> 
     </span>
     <span class='ocr_line' id='line_1_27' title="bbox 537 1947 1931 2002; baseline -0.001 -14"><span class='ocrx_word' id='word_1_228' title='bbox 537 1950 666 1994; x_wconf 79' lang='lat' dir='ltr'>enim,</span> <span class='ocrx_word' id='word_1_229' title='bbox 700 1950 832 1994; x_wconf 91' lang='lat' dir='ltr'>Brute,</span> <span class='ocrx_word' id='word_1_230' title='bbox 864 1947 1042 1993; x_wconf 81' lang='lat' dir='ltr'>cedebas,</span> <span class='ocrx_word' id='word_1_231' title='bbox 1068 1949 1255 2000; x_wconf 87' lang='lat' dir='ltr'>quoniam</span> <span class='ocrx_word' id='word_1_232' title='bbox 1279 1949 1401 1986; x_wconf 89' lang='lat' dir='ltr'>Stoici</span> <span class='ocrx_word' id='word_1_233' title='bbox 1421 1948 1531 1986; x_wconf 88' lang='lat' dir='ltr'>vestri</span> <span class='ocrx_word' id='word_1_234' title='bbox 1555 1958 1696 2001; x_wconf 81' lang='lat' dir='ltr'>negant</span> <span class='ocrx_word' id='word_1_235' title='bbox 1718 1947 1853 2002; x_wconf 87' lang='lat' dir='ltr'>fugere</span> <span class='ocrx_word' id='word_1_236' title='bbox 1875 1949 1931 1987; x_wconf 79' lang='lat' dir='ltr'>sa-</span> 
     </span>
     <span class='ocr_line' id='line_1_28' title="bbox 543 2013 1931 2068; baseline 0 -15"><span class='ocrx_word' id='word_1_237' title='bbox 543 2015 704 2068; x_wconf 89' lang='lat' dir='ltr'>pientis.</span> <span class='ocrx_word' id='word_1_238' title='bbox 747 2015 918 2053; x_wconf 85' lang='lat' dir='ltr'>Romam</span> <span class='ocrx_word' id='word_1_239' title='bbox 940 2024 983 2051; x_wconf 90' lang='lat' dir='ltr'>ut</span> <span class='ocrx_word' id='word_1_240' title='bbox 1006 2014 1112 2058; x_wconf 90' lang='lat' dir='ltr'>veni,</span> <span class='ocrx_word' id='word_1_241' title='bbox 1146 2013 1273 2052; x_wconf 80' lang='lat' dir='ltr'>statim</span> <span class='ocrx_word' id='word_1_242' title='bbox 1295 2028 1357 2052; x_wconf 89' lang='lat' dir='ltr'>me</span> <span class='ocrx_word' id='word_1_243' title='bbox 1376 2015 1507 2053; x_wconf 81' lang='lat' dir='ltr'>obtuli</span> <span class='ocrx_word' id='word_1_244' title='bbox 1529 2015 1697 2053; x_wconf 89' lang='lat' dir='ltr'>Antonii</span> <span class='ocrx_word' id='word_1_245' title='bbox 1719 2015 1850 2053; x_wconf 82' lang='lat' dir='ltr'>sceleri</span> <span class='ocrx_word' id='word_1_246' title='bbox 1872 2025 1931 2054; x_wconf 85' lang='lat' dir='ltr'>at-</span> 
     </span>
     <span class='ocr_line' id='line_1_29' title="bbox 539 2080 1934 2135; baseline 0.001 -16"><span class='ocrx_word' id='word_1_247' title='bbox 539 2095 622 2135; x_wconf 89' lang='lat' dir='ltr'>que</span> <span class='ocrx_word' id='word_1_248' title='bbox 643 2080 848 2119; x_wconf 76' lang='lat' dir='ltr'>dementia:</span> <span class='ocrx_word' id='word_1_249' title='bbox 867 2095 876 2118; x_wconf 88' lang='lat'>:</span> <span class='ocrx_word' id='word_1_250' title='bbox 909 2093 1028 2132; x_wconf 85' lang='lat' dir='ltr'>quem</span> <span class='ocrx_word' id='word_1_251' title='bbox 1061 2093 1152 2118; x_wconf 85' lang='lat' dir='ltr'>cum</span> <span class='ocrx_word' id='word_1_252' title='bbox 1187 2081 1226 2118; x_wconf 91' lang='lat' dir='ltr'>in</span> <span class='ocrx_word' id='word_1_253' title='bbox 1259 2094 1322 2119; x_wconf 89' lang='lat' dir='ltr'>me</span> <span class='ocrx_word' id='word_1_254' title='bbox 1355 2080 1625 2126; x_wconf 71' lang='lat' dir='ltr'>incitaviss’em,</span> <span class='ocrx_word' id='word_1_255' title='bbox 1655 2081 1814 2119; x_wconf 79' lang='lat' dir='ltr'>consilia</span> <span class='ocrx_word' id='word_1_256' title='bbox 1836 2082 1934 2120; x_wconf 90' lang='lat' dir='ltr'>inire</span> 
     </span>
     <span class='ocr_line' id='line_1_30' title="bbox 543 2146 1932 2201; baseline 0 -14"><span class='ocrx_word' id='word_1_257' title='bbox 543 2149 665 2201; x_wconf 88' lang='lat' dir='ltr'>coepi‚</span> <span class='ocrx_word' id='word_1_258' title='bbox 698 2148 860 2186; x_wconf 84' lang='lat' dir='ltr'>Brutina</span> <span class='ocrx_word' id='word_1_259' title='bbox 887 2148 1014 2199; x_wconf 83' lang='lat' dir='ltr'>plane,</span> <span class='ocrx_word' id='word_1_260' title='bbox 1049 2147 1178 2198; x_wconf 83' lang='lat' dir='ltr'>(vestri</span> <span class='ocrx_word' id='word_1_261' title='bbox 1200 2149 1305 2185; x_wconf 86' lang='lat' dir='ltr'>enim</span> <span class='ocrx_word' id='word_1_262' title='bbox 1327 2146 1410 2186; x_wconf 78' lang='lat' dir='ltr'>haec</span> <span class='ocrx_word' id='word_1_263' title='bbox 1433 2148 1519 2186; x_wconf 88' lang='lat' dir='ltr'>sunt</span> <span class='ocrx_word' id='word_1_264' title='bbox 1541 2149 1695 2201; x_wconf 69' lang='lat' dir='ltr'>propria</span> <span class='ocrx_word' id='word_1_265' title='bbox 1717 2148 1932 2200; x_wconf 65' lang='lat' dir='ltr'>sanguinis)</span> 
     </span>
     <span class='ocr_line' id='line_1_31' title="bbox 546 2213 1931 2267; baseline 0.001 -15"><span class='ocrx_word' id='word_1_266' title='bbox 546 2214 774 2267; x_wconf 79' lang='lat' dir='ltr'>reipublicae</span> <span class='ocrx_word' id='word_1_267' title='bbox 797 2213 1017 2251; x_wconf 67' lang='lat' dir='ltr'>liberandae.</span> <span class='ocrx_word' id='word_1_268' title='bbox 1055 2214 1191 2265; x_wconf 71' lang='lat' dir='ltr'>Longa</span> <span class='ocrx_word' id='word_1_269' title='bbox 1213 2213 1314 2257; x_wconf 84' lang='lat' dir='ltr'>sunt,</span> <span class='ocrx_word' id='word_1_270' title='bbox 1345 2228 1432 2265; x_wconf 68' lang='lat' dir='ltr'>qun:</span> <span class='ocrx_word' id='word_1_271' title='bbox 1455 2213 1607 2259; x_wconf 68' lang='lat' dir='ltr'>restant,</span> <span class='ocrx_word' id='word_1_272' title='bbox 1641 2215 1931 2267; x_wconf 68' lang='lat' dir='ltr'>praetereunda:</span> 
     </span>
     <span class='ocr_line' id='line_1_32' title="bbox 546 2279 1933 2326; baseline 0.001 -8"><span class='ocrx_word' id='word_1_273' title='bbox 546 2280 637 2318; x_wconf 90' lang='lat' dir='ltr'>sunt</span> <span class='ocrx_word' id='word_1_274' title='bbox 657 2281 763 2318; x_wconf 91' lang='lat' dir='ltr'>enim</span> <span class='ocrx_word' id='word_1_275' title='bbox 784 2279 831 2318; x_wconf 91' lang='lat' dir='ltr'>de</span> <span class='ocrx_word' id='word_1_276' title='bbox 853 2294 941 2318; x_wconf 88' lang='lat' dir='ltr'>me:</span> <span class='ocrx_word' id='word_1_277' title='bbox 975 2290 1128 2318; x_wconf 77' lang='lat' dir='ltr'>tantum</span> <span class='ocrx_word' id='word_1_278' title='bbox 1151 2280 1255 2325; x_wconf 87' lang='lat' dir='ltr'>dico,</span> <span class='ocrx_word' id='word_1_279' title='bbox 1288 2280 1477 2318; x_wconf 60' lang='lat' dir='ltr'>&lt;ja-sarem</span> <span class='ocrx_word' id='word_1_280' title='bbox 1499 2279 1606 2318; x_wconf 88' lang='lat' dir='ltr'>hunc</span> <span class='ocrx_word' id='word_1_281' title='bbox 1634 2280 1933 2326; x_wconf 80' lang='lat' dir='ltr'>adolescentem,</span> 
     </span>
     <span class='ocr_line' id='line_1_33' title="bbox 548 2344 1934 2398; baseline 0.001 -16"><span class='ocrx_word' id='word_1_282' title='bbox 548 2359 616 2398; x_wconf 85' lang='lat' dir='ltr'>per</span> <span class='ocrx_word' id='word_1_283' title='bbox 636 2359 754 2397; x_wconf 88' lang='lat' dir='ltr'>quem</span> <span class='ocrx_word' id='word_1_284' title='bbox 775 2345 903 2383; x_wconf 85' lang='lat' dir='ltr'>adhuc</span> <span class='ocrx_word' id='word_1_285' title='bbox 927 2344 1073 2390; x_wconf 85' lang='lat' dir='ltr'>sumus,</span> <span class='ocrx_word' id='word_1_286' title='bbox 1106 2345 1129 2383; x_wconf 78' lang='lat' dir='ltr'>si</span> <span class='ocrx_word' id='word_1_287' title='bbox 1164 2360 1297 2383; x_wconf 72' lang='lat' dir='ltr'>verum</span> <span class='ocrx_word' id='word_1_288' title='bbox 1333 2344 1442 2383; x_wconf 79' lang='lat' dir='ltr'>fateri</span> <span class='ocrx_word' id='word_1_289' title='bbox 1476 2346 1673 2390; x_wconf 75' lang='lat' dir='ltr'>volumus,</span> <span class='ocrx_word' id='word_1_290' title='bbox 1707 2345 1854 2384; x_wconf 77' lang='lat' dir='ltr'>fluxisse</span> <span class='ocrx_word' id='word_1_291' title='bbox 1885 2359 1934 2384; x_wconf 84' lang='lat' dir='ltr'>ex</span> 
     </span>
     <span class='ocr_line' id='line_1_34' title="bbox 547 2410 1934 2451; baseline 0.001 -3"><span class='ocrx_word' id='word_1_292' title='bbox 547 2410 659 2449; x_wconf 77' lang='lat' dir='ltr'>fonte</span> <span class='ocrx_word' id='word_1_293' title='bbox 681 2412 932 2451; x_wconf 76' lang='lat' dir='ltr'>consiliorum</span> <span class='ocrx_word' id='word_1_294' title='bbox 952 2426 1147 2451; x_wconf 86' lang='lat' dir='ltr'>meorum.</span> <span class='ocrx_word' id='word_1_295' title='bbox 1196 2413 1305 2451; x_wconf 84' lang='lat' dir='ltr'>Huic</span> <span class='ocrx_word' id='word_1_296' title='bbox 1337 2411 1462 2451; x_wconf 69' lang='lat' dir='ltr'>habiti</span> <span class='ocrx_word' id='word_1_297' title='bbox 1495 2427 1513 2449; x_wconf 80' lang='lat' dir='ltr'>a</span> <span class='ocrx_word' id='word_1_298' title='bbox 1546 2427 1607 2450; x_wconf 84' lang='lat' dir='ltr'>me</span> <span class='ocrx_word' id='word_1_299' title='bbox 1639 2412 1804 2450; x_wconf 84' lang='lat' dir='ltr'>honores</span> <span class='ocrx_word' id='word_1_300' title='bbox 1833 2411 1934 2450; x_wconf 87' lang='lat' dir='ltr'>nulli</span> 
     </span>
     <span class='ocr_line' id='line_1_35' title="bbox 542 2477 1934 2531; baseline -0.001 -15"><span class='ocrx_word' id='word_1_301' title='bbox 542 2477 727 2531; x_wconf 84' lang='lat' dir='ltr'>quidem,</span> <span class='ocrx_word' id='word_1_302' title='bbox 759 2479 893 2526; x_wconf 86' lang='lat' dir='ltr'>Brute,</span> <span class='ocrx_word' id='word_1_303' title='bbox 925 2479 995 2520; x_wconf 75' lang='lat' dir='ltr'>nisi</span> <span class='ocrx_word' id='word_1_304' title='bbox 1030 2479 1183 2526; x_wconf 74' lang='lat' dir='ltr'>debiti,</span> <span class='ocrx_word' id='word_1_305' title='bbox 1222 2479 1338 2526; x_wconf 90' lang='lat' dir='ltr'>nulli,</span> <span class='ocrx_word' id='word_1_306' title='bbox 1372 2479 1440 2519; x_wconf 80' lang='lat' dir='ltr'>nili</span> <span class='ocrx_word' id='word_1_307' title='bbox 1475 2479 1685 2519; x_wconf 66' lang='lat' dir='ltr'>necessarii.</span> <span class='ocrx_word' id='word_1_308' title='bbox 1738 2479 1795 2517; x_wconf 88' lang='lat' dir='ltr'>Ut</span> <span class='ocrx_word' id='word_1_309' title='bbox 1826 2478 1934 2516; x_wconf 86' lang='lat' dir='ltr'>enim</span> 
     </span>
    </p>
   </div>
  </div>
 </body>
</html>
