2335 3009
947 201 1185 258 [143]

471 484 1674 564 FRAGMENTA

379 716 944 776 LIBRORUM
1018 715 1766 776 INCERTORUM.

436 961 492 1000 D.
530 961 650 999 Auo.
679 958 772 1012 epss.
801 972 890 1012 ¹43·
923 957 1032 1011 (alias
1051 957 1135 1012 7.)]
1168 958 1344 997 Nullum
1380 973 1556 1012 unquam
1589 948 1771 1006 verbum,

381 1026 488 1079 quod
509 1038 686 1064 revocare
707 1024 839 1069 vellet,
870 1024 1012 1062 emisit.

438 1091 526 1130 Lib.
566 1105 619 1130 11.
652 1099 732 1143 cap.
767 1103 829 1128 10.
865 1098 993 1128 contra
1018 1089 1169 1142 Julian.
1206 1089 1358 1142 Pelag.]
1393 1091 1454 1129 De
1488 1091 1642 1144 plebeia
1680 1090 1774 1130 f-aece

384 1157 685 1195 sellulariorum.

439 1223 527 1262 Lib.
553 1236 614 1261 ιν.
650 1230 731 1273 cap.
759 1234 821 1260 12.
854 1229 982 1258 contra
1014 1220 1192 1272 eundem]
1224 1222 1378 1259 Eorum
1412 1222 1559 1275 quippe
1593 1223 1776 1275 opinioni

383 1289 662 1328 convenienter
682 1289 734 1324 ait
756 1287 929 1339 quodam
950 1287 1039 1324 loco
1060 1287 1238 1332 Tullius,
1261 1287 1297 1325 se
1319 1301 1398 1325 non
1419 1298 1556 1340 putare
1577 1289 1683 1326 idem
1703 1289 1775 1327 effe

383 1355 513 1394 arietis
534 1363 573 1392 et
594 1354 640 1392 P.
663 1351 843 1390 Africani
866 1352 1031 1390 bonum.

439 1422 503 1460 De
524 1420 610 1458 Civ.
631 1418 694 1457 lib.
719 1432 760 1458 v.
782 1427 862 1471 cap.
887 1416 946 1470 2.]
979 1417 1261 1470 Hippocrates,
1296 1417 1560 1457 nobiliffimus
1581 1419 1776 1466 medicus,

386 1487 577 1540 scriptum
599 1486 775 1538 reliquit,
797 1484 986 1538 quosdam
1006 1483 1158 1530 fratres,
1180 1498 1274 1522 cum
1296 1484 1411 1522 fimul
1432 1494 1615 1537 aegrotare
1635 1486 1778 1539 coepis-

384 1554 483 1598 sent,
515 1562 554 1591 et
583 1566 720 1591 eorum
753 1551 916 1589 morbus
948 1550 1086 1589 eodem
1117 1560 1293 1604 tempore
1313 1552 1610 1604 ingravesceret,
1641 1552 1780 1592 eodem

385 1619 591 1663 levaretur,
622 1617 802 1670 geminos
823 1616 895 1654 effe
916 1615 1169 1669 suspicatum.

440 1683 535 1722 Ibid.
557 1681 617 1721 lib.
642 1697 682 1721 v.
714 1690 794 1735 cap.
819 1681 906 1735 27.]
941 1683 977 1720 O
999 1682 1201 1727 miserum,
1233 1682 1298 1720 cui
1319 1695 1478 1735 peccare
1498 1682 1657 1722 licebat.

441 1749 536 1789 Ibid.
556 1749 618 1787 lib.
644 1762 761 1787 xxu.
793 1757 873 1801 cap.
900 1746 987 1799 22.]
1020 1747 1320 1801 Philosophiam
1347 1749 1419 1787 Dii
1445 1749 1580 1801 paucis
1613 1748 1780 1801 quibus.

389 1816 478 1855 dam
499 1830 627 1855 veram
649 1814 854 1853 dederunt.

446 1882 534 1921 Vita
554 1880 695 1933 beata]
728 1882 793 1918 An
815 1892 918 1925 vero,
951 1878 1058 1932 quod
1079 1879 1131 1917 ait
1154 1879 1333 1925 Tullius,
1364 1879 1586 1918 multorum
1607 1880 1648 1917 in
1669 1880 1780 1918 terris

387 1948 625 2002 praediorum
639 1947 821 1984 dominos
843 1945 983 1983 divites
1004 1945 1264 1998 appellamus,
1278 1946 1461 1983 omnium
1477 1946 1671 1984 virtutum
1690 1946 1780 1999 pos-

391 2014 542 2053 sessores
564 2026 749 2067 pauperes
771 2011 1067 2051 nominabimus
1087 2013 1100 2050 ?

448 2079 609 2132 lnam]
642 2079 777 2118 Nullae
798 2079 887 2116 sunt
908 2077 1144 2116 occultiores
1167 2077 1328 2122 infidiae,
1350 2090 1470 2130 quam
1490 2091 1577 2130 quae
1598 2077 1720 2116 latent
1741 2078 1784 2116 in

393 2146 640 2186 fimulatione
660 2146 798 2190 officii,
830 2154 896 2183 aut
917 2145 956 2182 in
979 2144 1112 2196 aliquo
1133 2143 1425 2183 neceffitudinis
1447 2144 1622 2183 nomine.

449 2214 620 2251 AusoN.
643 2212 684 2251 de
703 2211 911 2264 Monosyll]
945 2212 1052 2264 Seps.

451 2278 636 2330 CAR1s.]
668 2279 785 2317 Plure
806 2279 928 2318 venit.

453 2345 638 2382 COLUM.
669 2344 730 2383 lib.
758 2359 830 2383 111.
862 2353 941 2397 cap.
967 2343 1027 2396 8.]
1059 2345 1288 2382 Romanum
1309 2341 1420 2380 fuiffe
1441 2341 1568 2380 civem
1597 2340 1785 2380 Naevium

396 2411 636 2455 Pollionem,
668 2411 764 2462 pede
785 2411 1020 2463 longiorem,
1051 2425 1170 2464 quam
1192 2423 1434 2462 quemquam
1456 2407 1740 2461 longiffimum.

453 2477 665 2515 Dloninn.
684 2475 745 2514 lib.
766 2475 839 2528 11.]
859 2477 944 2528 Qi
962 2475 1040 2514 fuit
1062 2477 1172 2514 locus
1191 2474 1510 2528 religiofiffimus‚
1526 2474 1558 2512 is
1579 2473 1653 2512 erit
1674 2473 1785 2512 locus
