<?xml version="1.0" encoding="UTF-8"?>
<!DOCTYPE html PUBLIC "-//W3C//DTD XHTML 1.0 Transitional//EN"
    "http://www.w3.org/TR/xhtml1/DTD/xhtml1-transitional.dtd">
<html xmlns="http://www.w3.org/1999/xhtml" xml:lang="en" lang="en">
 <head>
  <title>
</title>
<meta http-equiv="Content-Type" content="text/html;charset=utf-8" />
  <meta name='ocr-system' content='tesseract 3.04.00' />
  <meta name='ocr-capabilities' content='ocr_page ocr_carea ocr_par ocr_line ocrx_word'/>
</head>
<body>
  <div class='ocr_page' id='page_1' title='image "./operacumindicibu09ciceuoft_0174.png"; bbox 0 0 2335 3009; ppageno 0'>
   <div class='ocr_carea' id='block_1_1' title="bbox 529 221 606 262">
    <p class='ocr_par' dir='ltr' id='par_1_1' title="bbox 529 221 606 262">
     <span class='ocr_line' id='line_1_1' title="bbox 529 221 606 262; baseline -0.026 0"><span class='ocrx_word' id='word_1_1' title='bbox 529 221 606 262; x_wconf 73' lang='lat'>166</span> 
     </span>
    </p>
   </div>
   <div class='ocr_carea' id='block_1_2' title="bbox 516 318 1199 2511">
    <p class='ocr_par' dir='ltr' id='par_1_2' title="bbox 516 318 1199 2511">
     <span class='ocr_line' id='line_1_2' title="bbox 522 318 1192 364; baseline 0.001 -10"><span class='ocrx_word' id='word_1_2' title='bbox 522 331 603 361; x_wconf 88' lang='lat' dir='ltr'>nus,</span> <span class='ocrx_word' id='word_1_3' title='bbox 645 320 691 355; x_wconf 84' lang='lat' dir='ltr'>Ut</span> <span class='ocrx_word' id='word_1_4' title='bbox 717 319 750 353; x_wconf 83' lang='lat' dir='ltr'>in</span> <span class='ocrx_word' id='word_1_5' title='bbox 772 318 834 364; x_wconf 84' lang='lat' dir='ltr'>jus</span> <span class='ocrx_word' id='word_1_6' title='bbox 865 330 928 362; x_wconf 78' lang='lat' dir='ltr'>eas,</span> <span class='ocrx_word' id='word_1_7' title='bbox 967 330 1035 354; x_wconf 84' lang='lat' dir='ltr'>cum</span> <span class='ocrx_word' id='word_1_8' title='bbox 1065 322 1192 355; x_wconf 85' lang='lat' dir='ltr'>voceris.</span> 
     </span>
     <span class='ocr_line' id='line_1_3' title="bbox 524 366 1195 415; baseline 0.003 -13"><span class='ocrx_word' id='word_1_9' title='bbox 524 367 782 403; x_wconf 89' lang='lat' dir='ltr'>Consuetudine</span> <span class='ocrx_word' id='word_1_10' title='bbox 793 366 853 414; x_wconf 90' lang='lat' dir='ltr'>jus</span> <span class='ocrx_word' id='word_1_11' title='bbox 869 368 918 403; x_wconf 88' lang='lat' dir='ltr'>est</span> <span class='ocrx_word' id='word_1_12' title='bbox 935 367 982 409; x_wconf 89' lang='lat' dir='ltr'>id,</span> <span class='ocrx_word' id='word_1_13' title='bbox 1008 368 1106 415; x_wconf 87' lang='lat' dir='ltr'>quod</span> <span class='ocrx_word' id='word_1_14' title='bbox 1128 369 1195 404; x_wconf 88' lang='lat' dir='ltr'>fine</span> 
     </span>
     <span class='ocr_line' id='line_1_4' title="bbox 522 416 1194 464; baseline 0.001 -13"><span class='ocrx_word' id='word_1_15' title='bbox 522 416 600 463; x_wconf 86' lang='lat' dir='ltr'>lege</span> <span class='ocrx_word' id='word_1_16' title='bbox 615 428 717 464; x_wconf 81' lang='lat' dir='ltr'>aeque</span> <span class='ocrx_word' id='word_1_17' title='bbox 733 427 772 451; x_wconf 89' lang='lat' dir='ltr'>ac</span> <span class='ocrx_word' id='word_1_18' title='bbox 790 417 814 451; x_wconf 83' lang='lat' dir='ltr'>fi</span> <span class='ocrx_word' id='word_1_19' title='bbox 835 416 1029 464; x_wconf 86' lang='lat' dir='ltr'>legitimum</span> <span class='ocrx_word' id='word_1_20' title='bbox 1049 416 1102 459; x_wconf 80' lang='lat' dir='ltr'>sit,</span> <span class='ocrx_word' id='word_1_21' title='bbox 1129 419 1194 453; x_wconf 84' lang='lat' dir='ltr'>usi-</span> 
     </span>
     <span class='ocr_line' id='line_1_5' title="bbox 523 464 1198 512; baseline 0.001 -13"><span class='ocrx_word' id='word_1_22' title='bbox 523 474 636 500; x_wconf 89' lang='lat' dir='ltr'>tatum</span> <span class='ocrx_word' id='word_1_23' title='bbox 653 464 724 506; x_wconf 89' lang='lat' dir='ltr'>est;</span> <span class='ocrx_word' id='word_1_24' title='bbox 750 465 847 512; x_wconf 89' lang='lat' dir='ltr'>quod</span> <span class='ocrx_word' id='word_1_25' title='bbox 863 477 985 512; x_wconf 87' lang='lat' dir='ltr'>genus,</span> <span class='ocrx_word' id='word_1_26' title='bbox 1011 465 1070 500; x_wconf 88' lang='lat' dir='ltr'>id:</span> <span class='ocrx_word' id='word_1_27' title='bbox 1101 465 1198 512; x_wconf 73' lang='lat' dir='ltr'>Qod</span> 
     </span>
     <span class='ocr_line' id='line_1_6' title="bbox 522 513 1195 560; baseline 0.001 -13"><span class='ocrx_word' id='word_1_28' title='bbox 522 515 710 560; x_wconf 82' lang='lat' dir='ltr'>argentario</span> <span class='ocrx_word' id='word_1_29' title='bbox 739 513 850 548; x_wconf 81' lang='lat' dir='ltr'>tuleris</span> <span class='ocrx_word' id='word_1_30' title='bbox 876 514 1045 560; x_wconf 83' lang='lat' dir='ltr'>expensum,</span> <span class='ocrx_word' id='word_1_31' title='bbox 1071 526 1092 548; x_wconf 84' lang='lat' dir='ltr'>a</span> <span class='ocrx_word' id='word_1_32' title='bbox 1109 516 1195 559; x_wconf 79' lang='lat' dir='ltr'>socio</span> 
     </span>
     <span class='ocr_line' id='line_1_7' title="bbox 523 563 1194 609; baseline 0.001 -13"><span class='ocrx_word' id='word_1_33' title='bbox 523 564 586 609; x_wconf 77' lang='lat' dir='ltr'>ejus</span> <span class='ocrx_word' id='word_1_34' title='bbox 607 566 688 598; x_wconf 70' lang='lat' dir='ltr'>reHe</span> <span class='ocrx_word' id='word_1_35' title='bbox 703 570 841 609; x_wconf 77' lang='lat' dir='ltr'>repetere</span> <span class='ocrx_word' id='word_1_36' title='bbox 850 563 948 609; x_wconf 82' lang='lat' dir='ltr'>poffis.</span> <span class='ocrx_word' id='word_1_37' title='bbox 992 563 1194 608; x_wconf 86' lang='lat' dir='ltr'>Judicatum</span> 
     </span>
     <span class='ocr_line' id='line_1_8' title="bbox 522 610 1196 659; baseline 0 -13"><span class='ocrx_word' id='word_1_38' title='bbox 522 611 571 646; x_wconf 86' lang='lat' dir='ltr'>est</span> <span class='ocrx_word' id='word_1_39' title='bbox 589 611 636 654; x_wconf 86' lang='lat' dir='ltr'>id,</span> <span class='ocrx_word' id='word_1_40' title='bbox 655 611 698 646; x_wconf 90' lang='lat' dir='ltr'>de</span> <span class='ocrx_word' id='word_1_41' title='bbox 712 623 788 659; x_wconf 90' lang='lat' dir='ltr'>quo</span> <span class='ocrx_word' id='word_1_42' title='bbox 804 610 965 646; x_wconf 88' lang='lat' dir='ltr'>sententia</span> <span class='ocrx_word' id='word_1_43' title='bbox 982 611 1049 646; x_wconf 86' lang='lat' dir='ltr'>lata</span> <span class='ocrx_word' id='word_1_44' title='bbox 1065 612 1124 653; x_wconf 89' lang='lat' dir='ltr'>est,</span> <span class='ocrx_word' id='word_1_45' title='bbox 1136 622 1196 646; x_wconf 88' lang='lat' dir='ltr'>aut</span> 
     </span>
     <span class='ocr_line' id='line_1_9' title="bbox 523 660 1196 707; baseline 0 -12"><span class='ocrx_word' id='word_1_46' title='bbox 523 660 699 695; x_wconf 87' lang='lat' dir='ltr'>decretum</span> <span class='ocrx_word' id='word_1_47' title='bbox 727 660 976 707; x_wconf 84' lang='lat' dir='ltr'>interpositum.</span> <span class='ocrx_word' id='word_1_48' title='bbox 1027 660 1081 694; x_wconf 85' lang='lat' dir='ltr'>Ea</span> <span class='ocrx_word' id='word_1_49' title='bbox 1106 660 1196 707; x_wconf 84' lang='lat' dir='ltr'>saepe</span> 
     </span>
     <span class='ocr_line' id='line_1_10' title="bbox 523 707 1195 755; baseline 0 -12"><span class='ocrx_word' id='word_1_50' title='bbox 523 708 654 744; x_wconf 83' lang='lat' dir='ltr'>diversa</span> <span class='ocrx_word' id='word_1_51' title='bbox 683 708 773 752; x_wconf 89' lang='lat' dir='ltr'>sunt,</span> <span class='ocrx_word' id='word_1_52' title='bbox 801 718 840 744; x_wconf 89' lang='lat' dir='ltr'>ut</span> <span class='ocrx_word' id='word_1_53' title='bbox 867 709 961 743; x_wconf 89' lang='lat' dir='ltr'>aliud</span> <span class='ocrx_word' id='word_1_54' title='bbox 989 708 1045 742; x_wconf 86' lang='lat' dir='ltr'>alii</span> <span class='ocrx_word' id='word_1_55' title='bbox 1069 707 1195 755; x_wconf 89' lang='lat' dir='ltr'>judici,</span> 
     </span>
     <span class='ocr_line' id='line_1_11' title="bbox 523 757 1195 805; baseline 0 -13"><span class='ocrx_word' id='word_1_56' title='bbox 523 766 586 792; x_wconf 87' lang='lat' dir='ltr'>aut</span> <span class='ocrx_word' id='word_1_57' title='bbox 610 758 765 805; x_wconf 87' lang='lat' dir='ltr'>praetori‚</span> <span class='ocrx_word' id='word_1_58' title='bbox 791 767 852 792; x_wconf 90' lang='lat' dir='ltr'>aut</span> <span class='ocrx_word' id='word_1_59' title='bbox 877 757 1020 799; x_wconf 89' lang='lat' dir='ltr'>consuli,</span> <span class='ocrx_word' id='word_1_60' title='bbox 1046 767 1106 792; x_wconf 90' lang='lat' dir='ltr'>aut</span> <span class='ocrx_word' id='word_1_61' title='bbox 1135 757 1195 792; x_wconf 91' lang='lat' dir='ltr'>tri-</span> 
     </span>
     <span class='ocr_line' id='line_1_12' title="bbox 525 806 1192 854; baseline -0.001 -13"><span class='ocrx_word' id='word_1_62' title='bbox 525 806 622 841; x_wconf 90' lang='lat' dir='ltr'>buno</span> <span class='ocrx_word' id='word_1_63' title='bbox 643 806 767 854; x_wconf 89' lang='lat' dir='ltr'>plebis,</span> <span class='ocrx_word' id='word_1_64' title='bbox 793 806 962 854; x_wconf 83' lang='lat' dir='ltr'>placitum</span> <span class='ocrx_word' id='word_1_65' title='bbox 988 806 1052 846; x_wconf 79' lang='lat' dir='ltr'>fit3</span> <span class='ocrx_word' id='word_1_66' title='bbox 1077 815 1111 841; x_wconf 90' lang='lat' dir='ltr'>et</span> <span class='ocrx_word' id='word_1_67' title='bbox 1140 806 1192 848; x_wconf 84' lang='lat' dir='ltr'>fit,</span> 
     </span>
     <span class='ocr_line' id='line_1_13' title="bbox 523 854 1193 902; baseline 0 -13"><span class='ocrx_word' id='word_1_68' title='bbox 523 864 565 890; x_wconf 93' lang='lat' dir='ltr'>ut</span> <span class='ocrx_word' id='word_1_69' title='bbox 592 855 635 889; x_wconf 88' lang='lat' dir='ltr'>de</span> <span class='ocrx_word' id='word_1_70' title='bbox 661 855 779 890; x_wconf 88' lang='lat' dir='ltr'>eadem</span> <span class='ocrx_word' id='word_1_71' title='bbox 809 867 844 889; x_wconf 86' lang='lat' dir='ltr'>re</span> <span class='ocrx_word' id='word_1_72' title='bbox 870 854 960 902; x_wconf 87' lang='lat' dir='ltr'>saepe</span> <span class='ocrx_word' id='word_1_73' title='bbox 985 854 1072 890; x_wconf 91' lang='lat' dir='ltr'>alius</span> <span class='ocrx_word' id='word_1_74' title='bbox 1099 855 1193 889; x_wconf 90' lang='lat' dir='ltr'>aliud</span> 
     </span>
     <span class='ocr_line' id='line_1_14' title="bbox 522 902 1193 951; baseline 0 -13"><span class='ocrx_word' id='word_1_75' title='bbox 522 902 723 944; x_wconf 86' lang='lat' dir='ltr'>decreverit,</span> <span class='ocrx_word' id='word_1_76' title='bbox 753 911 814 939; x_wconf 88' lang='lat' dir='ltr'>aut</span> <span class='ocrx_word' id='word_1_77' title='bbox 838 902 1070 950; x_wconf 84' lang='lat' dir='ltr'>judicaverit·,</span> <span class='ocrx_word' id='word_1_78' title='bbox 1096 903 1193 951; x_wconf 87' lang='lat' dir='ltr'>quod</span> 
     </span>
     <span class='ocr_line' id='line_1_15' title="bbox 521 951 1194 1000; baseline -0.001 -13"><span class='ocrx_word' id='word_1_79' title='bbox 521 963 646 1000; x_wconf 84' lang='lat' dir='ltr'>genus,</span> <span class='ocrx_word' id='word_1_80' title='bbox 672 952 727 988; x_wconf 92' lang='lat' dir='ltr'>M.</span> <span class='ocrx_word' id='word_1_81' title='bbox 759 952 906 994; x_wconf 85' lang='lat' dir='ltr'>Drusus,</span> <span class='ocrx_word' id='word_1_82' title='bbox 932 960 1062 1000; x_wconf 89' lang='lat' dir='ltr'>praetor</span> <span class='ocrx_word' id='word_1_83' title='bbox 1091 951 1194 986; x_wconf 88' lang='lat' dir='ltr'>urba-</span> 
     </span>
     <span class='ocr_line' id='line_1_16' title="bbox 524 1000 1194 1048; baseline -0.001 -12"><span class='ocrx_word' id='word_1_84' title='bbox 524 1012 603 1043; x_wconf 89' lang='lat' dir='ltr'>nus,</span> <span class='ocrx_word' id='word_1_85' title='bbox 643 1001 740 1048; x_wconf 91' lang='lat' dir='ltr'>quod</span> <span class='ocrx_word' id='word_1_86' title='bbox 774 1012 855 1035; x_wconf 90' lang='lat' dir='ltr'>cum</span> <span class='ocrx_word' id='word_1_87' title='bbox 889 1000 1010 1035; x_wconf 86' lang='lat' dir='ltr'>herede</span> <span class='ocrx_word' id='word_1_88' title='bbox 1043 1000 1194 1035; x_wconf 80' lang='lat' dir='ltr'>mandati</span> 
     </span>
     <span class='ocr_line' id='line_1_17' title="bbox 523 1048 1192 1097; baseline -0.001 -13"><span class='ocrx_word' id='word_1_89' title='bbox 523 1059 692 1096; x_wconf 85' lang='lat' dir='ltr'>ageretur,</span> <span class='ocrx_word' id='word_1_90' title='bbox 712 1048 887 1097; x_wconf 88' lang='lat' dir='ltr'>judicium</span> <span class='ocrx_word' id='word_1_91' title='bbox 914 1049 1047 1091; x_wconf 89' lang='lat' dir='ltr'>reddit;</span> <span class='ocrx_word' id='word_1_92' title='bbox 1074 1050 1108 1084; x_wconf 89' lang='lat' dir='ltr'>S.</span> <span class='ocrx_word' id='word_1_93' title='bbox 1129 1049 1192 1094; x_wconf 90' lang='lat' dir='ltr'>Ju-</span> 
     </span>
     <span class='ocr_line' id='line_1_18' title="bbox 523 1098 1194 1138; baseline -0.003 -5"><span class='ocrx_word' id='word_1_94' title='bbox 523 1098 590 1133; x_wconf 88' lang='lat' dir='ltr'>lius</span> <span class='ocrx_word' id='word_1_95' title='bbox 621 1110 689 1133; x_wconf 90' lang='lat' dir='ltr'>non</span> <span class='ocrx_word' id='word_1_96' title='bbox 719 1098 878 1133; x_wconf 83' lang='lat' dir='ltr'>reddidit.</span> <span class='ocrx_word' id='word_1_97' title='bbox 921 1098 1022 1138; x_wconf 86' lang='lat' dir='ltr'>Item,</span> <span class='ocrx_word' id='word_1_98' title='bbox 1047 1098 1088 1132; x_wconf 94' lang='lat' dir='ltr'>C.</span> <span class='ocrx_word' id='word_1_99' title='bbox 1115 1098 1194 1131; x_wconf 80' lang='lat' dir='ltr'>Cae-</span> 
     </span>
     <span class='ocr_line' id='line_1_19' title="bbox 523 1145 1194 1193; baseline -0.003 -12"><span class='ocrx_word' id='word_1_100' title='bbox 523 1146 589 1182; x_wconf 88' lang='lat' dir='ltr'>lius</span> <span class='ocrx_word' id='word_1_101' title='bbox 600 1145 710 1193; x_wconf 86' lang='lat' dir='ltr'>judex</span> <span class='ocrx_word' id='word_1_102' title='bbox 723 1146 870 1181; x_wconf 88' lang='lat' dir='ltr'>absolvit</span> <span class='ocrx_word' id='word_1_103' title='bbox 887 1145 1087 1192; x_wconf 89' lang='lat' dir='ltr'>injuriarum</span> <span class='ocrx_word' id='word_1_104' title='bbox 1100 1157 1194 1188; x_wconf 87' lang='lat' dir='ltr'>eum,</span> 
     </span>
     <span class='ocr_line' id='line_1_20' title="bbox 521 1193 1195 1242; baseline -0.003 -12"><span class='ocrx_word' id='word_1_105' title='bbox 521 1194 584 1242; x_wconf 87' lang='lat' dir='ltr'>qui</span> <span class='ocrx_word' id='word_1_106' title='bbox 612 1195 794 1230; x_wconf 86' lang='lat' dir='ltr'>Lucilium</span> <span class='ocrx_word' id='word_1_107' title='bbox 812 1203 950 1242; x_wconf 89' lang='lat' dir='ltr'>poetam</span> <span class='ocrx_word' id='word_1_108' title='bbox 969 1193 1003 1228; x_wconf 90' lang='lat' dir='ltr'>in</span> <span class='ocrx_word' id='word_1_109' title='bbox 1021 1193 1117 1228; x_wconf 91' lang='lat' dir='ltr'>scena</span> <span class='ocrx_word' id='word_1_110' title='bbox 1134 1205 1195 1229; x_wconf 90' lang='lat' dir='ltr'>no-</span> 
     </span>
     <span class='ocr_line' id='line_1_21' title="bbox 522 1242 1195 1284; baseline -0.004 -5"><span class='ocrx_word' id='word_1_111' title='bbox 522 1243 680 1279; x_wconf 87' lang='lat' dir='ltr'>minatim</span> <span class='ocrx_word' id='word_1_112' title='bbox 698 1243 851 1284; x_wconf 67' lang='lat' dir='ltr'>laeserat,</span> <span class='ocrx_word' id='word_1_113' title='bbox 878 1243 919 1278; x_wconf 87' lang='lat' dir='ltr'>P.</span> <span class='ocrx_word' id='word_1_114' title='bbox 938 1242 1085 1278; x_wconf 89' lang='lat' dir='ltr'>Mucius</span> <span class='ocrx_word' id='word_1_115' title='bbox 1101 1252 1195 1284; x_wconf 85' lang='lat' dir='ltr'>eum,</span> 
     </span>
     <span class='ocr_line' id='line_1_22' title="bbox 522 1291 1195 1340; baseline -0.004 -12"><span class='ocrx_word' id='word_1_116' title='bbox 522 1292 586 1340; x_wconf 87' lang='lat' dir='ltr'>qui</span> <span class='ocrx_word' id='word_1_117' title='bbox 602 1293 648 1328; x_wconf 93' lang='lat' dir='ltr'>L.</span> <span class='ocrx_word' id='word_1_118' title='bbox 668 1292 819 1328; x_wconf 88' lang='lat' dir='ltr'>Accium</span> <span class='ocrx_word' id='word_1_119' title='bbox 838 1301 975 1339; x_wconf 87' lang='lat' dir='ltr'>poetam</span> <span class='ocrx_word' id='word_1_120' title='bbox 995 1291 1195 1326; x_wconf 83' lang='lat' dir='ltr'>nominave-</span> 
     </span>
     <span class='ocr_line' id='line_1_23' title="bbox 522 1339 1196 1387; baseline -0.003 -10"><span class='ocrx_word' id='word_1_121' title='bbox 522 1351 586 1382; x_wconf 84' lang='lat' dir='ltr'>rat,</span> <span class='ocrx_word' id='word_1_122' title='bbox 612 1339 866 1376; x_wconf 86' lang='lat' dir='ltr'>condemnavit.</span> <span class='ocrx_word' id='word_1_123' title='bbox 906 1340 1002 1387; x_wconf 88' lang='lat' dir='ltr'>Ergo</span> <span class='ocrx_word' id='word_1_124' title='bbox 1019 1340 1102 1387; x_wconf 88' lang='lat' dir='ltr'>quia</span> <span class='ocrx_word' id='word_1_125' title='bbox 1121 1339 1196 1386; x_wconf 86' lang='lat' dir='ltr'>pos·</span> 
     </span>
     <span class='ocr_line' id='line_1_24' title="bbox 522 1388 1196 1425; baseline -0.003 0"><span class='ocrx_word' id='word_1_126' title='bbox 522 1390 601 1425; x_wconf 92' lang='lat' dir='ltr'>sunt</span> <span class='ocrx_word' id='word_1_127' title='bbox 629 1399 679 1424; x_wconf 85' lang='lat' dir='ltr'>res</span> <span class='ocrx_word' id='word_1_128' title='bbox 697 1388 796 1424; x_wconf 74' lang='lat' dir='ltr'>simili</span> <span class='ocrx_word' id='word_1_129' title='bbox 820 1389 863 1423; x_wconf 89' lang='lat' dir='ltr'>de</span> <span class='ocrx_word' id='word_1_130' title='bbox 879 1389 978 1423; x_wconf 87' lang='lat' dir='ltr'>causa</span> <span class='ocrx_word' id='word_1_131' title='bbox 994 1388 1196 1424; x_wconf 79' lang='lat' dir='ltr'>dissimiliter</span> 
     </span>
     <span class='ocr_line' id='line_1_25' title="bbox 516 1436 1195 1486; baseline -0.003 -13"><span class='ocrx_word' id='word_1_132' title='bbox 516 1437 684 1486; x_wconf 73' lang='lat' dir='ltr'>judicatae</span> <span class='ocrx_word' id='word_1_133' title='bbox 711 1436 869 1486; x_wconf 88' lang='lat' dir='ltr'>proferri,</span> <span class='ocrx_word' id='word_1_134' title='bbox 896 1449 978 1472; x_wconf 87' lang='lat' dir='ltr'>curn</span> <span class='ocrx_word' id='word_1_135' title='bbox 1004 1437 1039 1471; x_wconf 92' lang='lat' dir='ltr'>id</span> <span class='ocrx_word' id='word_1_136' title='bbox 1056 1437 1119 1472; x_wconf 88' lang='lat' dir='ltr'>usu</span> <span class='ocrx_word' id='word_1_137' title='bbox 1136 1447 1195 1472; x_wconf 85' lang='lat' dir='ltr'>ve-</span> 
     </span>
     <span class='ocr_line' id='line_1_26' title="bbox 523 1485 1194 1534; baseline -0.003 -12"><span class='ocrx_word' id='word_1_138' title='bbox 523 1487 622 1530; x_wconf 89' lang='lat' dir='ltr'>nerit,</span> <span class='ocrx_word' id='word_1_139' title='bbox 642 1486 797 1534; x_wconf 90' lang='lat' dir='ltr'>judicem</span> <span class='ocrx_word' id='word_1_140' title='bbox 815 1497 896 1521; x_wconf 89' lang='lat' dir='ltr'>cum</span> <span class='ocrx_word' id='word_1_141' title='bbox 907 1485 1040 1533; x_wconf 90' lang='lat' dir='ltr'>judice,</span> <span class='ocrx_word' id='word_1_142' title='bbox 1058 1494 1194 1533; x_wconf 87' lang='lat' dir='ltr'>tempus</span> 
     </span>
     <span class='ocr_line' id='line_1_27' title="bbox 521 1545 1194 1583; baseline -0.003 -12"><span class='ocrx_word' id='word_1_143' title='bbox 521 1547 605 1571; x_wconf 90' lang='lat' dir='ltr'>cum</span> <span class='ocrx_word' id='word_1_144' title='bbox 633 1545 799 1583; x_wconf 88' lang='lat' dir='ltr'>tempore,</span> <span class='ocrx_word' id='word_1_145' title='bbox 825 1546 1008 1570; x_wconf 90' lang='lat' dir='ltr'>numerum</span> <span class='ocrx_word' id='word_1_146' title='bbox 1029 1546 1111 1570; x_wconf 89' lang='lat' dir='ltr'>cum</span> <span class='ocrx_word' id='word_1_147' title='bbox 1129 1547 1194 1570; x_wconf 90' lang='lat' dir='ltr'>nu-</span> 
     </span>
     <span class='ocr_line' id='line_1_28' title="bbox 522 1582 1195 1631; baseline -0.003 -11"><span class='ocrx_word' id='word_1_148' title='bbox 522 1596 618 1620; x_wconf 89' lang='lat' dir='ltr'>mero</span> <span class='ocrx_word' id='word_1_149' title='bbox 627 1583 856 1631; x_wconf 89' lang='lat' dir='ltr'>judiciorum,</span> <span class='ocrx_word' id='word_1_150' title='bbox 875 1582 1100 1631; x_wconf 86' lang='lat' dir='ltr'>proferemus.</span> <span class='ocrx_word' id='word_1_151' title='bbox 1138 1584 1195 1618; x_wconf 87' lang='lat' dir='ltr'>Ex</span> 
     </span>
     <span class='ocr_line' id='line_1_29' title="bbox 523 1632 1195 1681; baseline -0.003 -12"><span class='ocrx_word' id='word_1_152' title='bbox 523 1645 630 1681; x_wconf 88' lang='lat' dir='ltr'>aequo</span> <span class='ocrx_word' id='word_1_153' title='bbox 658 1643 692 1668; x_wconf 91' lang='lat' dir='ltr'>et</span> <span class='ocrx_word' id='word_1_154' title='bbox 721 1633 814 1668; x_wconf 91' lang='lat' dir='ltr'>bono</span> <span class='ocrx_word' id='word_1_155' title='bbox 837 1632 898 1680; x_wconf 84' lang='lat' dir='ltr'>jus</span> <span class='ocrx_word' id='word_1_156' title='bbox 927 1632 1072 1676; x_wconf 77' lang='lat' dir='ltr'>constat,</span> <span class='ocrx_word' id='word_1_157' title='bbox 1098 1633 1195 1680; x_wconf 90' lang='lat' dir='ltr'>quod</span> 
     </span>
     <span class='ocr_line' id='line_1_30' title="bbox 522 1681 1194 1717; baseline -0.001 0"><span class='ocrx_word' id='word_1_158' title='bbox 522 1682 565 1717; x_wconf 89' lang='lat' dir='ltr'>ad</span> <span class='ocrx_word' id='word_1_159' title='bbox 583 1681 760 1717; x_wconf 88' lang='lat' dir='ltr'>veritatem</span> <span class='ocrx_word' id='word_1_160' title='bbox 778 1691 812 1716; x_wconf 90' lang='lat' dir='ltr'>et</span> <span class='ocrx_word' id='word_1_161' title='bbox 834 1681 1019 1717; x_wconf 85' lang='lat' dir='ltr'>utilitatem</span> <span class='ocrx_word' id='word_1_162' title='bbox 1037 1693 1194 1717; x_wconf 91' lang='lat' dir='ltr'>commu-</span> 
     </span>
     <span class='ocr_line' id='line_1_31' title="bbox 523 1729 1196 1777; baseline -0.001 -11"><span class='ocrx_word' id='word_1_163' title='bbox 523 1743 602 1766; x_wconf 92' lang='lat' dir='ltr'>nem</span> <span class='ocrx_word' id='word_1_164' title='bbox 628 1731 766 1766; x_wconf 91' lang='lat' dir='ltr'>videtur</span> <span class='ocrx_word' id='word_1_165' title='bbox 792 1729 983 1777; x_wconf 87' lang='lat' dir='ltr'>pertinere;</span> <span class='ocrx_word' id='word_1_166' title='bbox 1009 1730 1108 1777; x_wconf 88' lang='lat' dir='ltr'>quod</span> <span class='ocrx_word' id='word_1_167' title='bbox 1138 1741 1196 1777; x_wconf 85' lang='lat' dir='ltr'>ge·</span> 
     </span>
     <span class='ocr_line' id='line_1_32' title="bbox 523 1779 1197 1825; baseline -0.003 -10"><span class='ocrx_word' id='word_1_168' title='bbox 523 1792 601 1820; x_wconf 85' lang='lat' dir='ltr'>nus,</span> <span class='ocrx_word' id='word_1_169' title='bbox 645 1781 690 1816; x_wconf 83' lang='lat' dir='ltr'>Ut</span> <span class='ocrx_word' id='word_1_170' title='bbox 723 1779 823 1825; x_wconf 88' lang='lat' dir='ltr'>major</span> <span class='ocrx_word' id='word_1_171' title='bbox 855 1779 948 1814; x_wconf 86' lang='lat' dir='ltr'>annis</span> <span class='ocrx_word' id='word_1_172' title='bbox 974 1779 1057 1815; x_wconf 92' lang='lat' dir='ltr'>LX.</span> <span class='ocrx_word' id='word_1_173' title='bbox 1089 1786 1120 1813; x_wconf 81' lang='lat' dir='ltr'>et</span> <span class='ocrx_word' id='word_1_174' title='bbox 1146 1780 1197 1813; x_wconf 82' lang='lat' dir='ltr'>cui</span> 
     </span>
     <span class='ocr_line' id='line_1_33' title="bbox 522 1827 1193 1882; baseline -0.001 -19"><span class='ocrx_word' id='word_1_175' title='bbox 522 1829 648 1864; x_wconf 88' lang='lat' dir='ltr'>morbus</span> <span class='ocrx_word' id='word_1_176' title='bbox 693 1828 784 1874; x_wconf 81' lang='lat' dir='ltr'>causa</span> <span class='ocrx_word' id='word_1_177' title='bbox 819 1828 870 1872; x_wconf 89' lang='lat' dir='ltr'>est,</span> <span class='ocrx_word' id='word_1_178' title='bbox 913 1829 1097 1882; x_wconf 79' lang='lat' dir='ltr'>cognitorem</span> <span class='ocrx_word' id='word_1_179' title='bbox 1129 1827 1193 1863; x_wconf 82' lang='lat' dir='ltr'>det.</span> 
     </span>
     <span class='ocr_line' id='line_1_34' title="bbox 522 1876 1195 1923; baseline -0.003 -10"><span class='ocrx_word' id='word_1_180' title='bbox 522 1877 581 1913; x_wconf 82' lang='lat' dir='ltr'>Ex</span> <span class='ocrx_word' id='word_1_181' title='bbox 614 1889 656 1912; x_wconf 90' lang='lat' dir='ltr'>eo</span> <span class='ocrx_word' id='word_1_182' title='bbox 694 1878 749 1912; x_wconf 88' lang='lat' dir='ltr'>vel</span> <span class='ocrx_word' id='word_1_183' title='bbox 784 1888 916 1912; x_wconf 92' lang='lat' dir='ltr'>novum</span> <span class='ocrx_word' id='word_1_184' title='bbox 940 1888 1000 1923; x_wconf 80' lang='lat' dir='ltr'>Jus</span> <span class='ocrx_word' id='word_1_185' title='bbox 1033 1876 1195 1912; x_wconf 89' lang='lat' dir='ltr'>constitui</span> 
     </span>
     <span class='ocr_line' id='line_1_35' title="bbox 521 1924 1198 1973; baseline -0.001 -12"><span class='ocrx_word' id='word_1_186' title='bbox 521 1924 686 1961; x_wconf 90' lang='lat' dir='ltr'>convenit</span> <span class='ocrx_word' id='word_1_187' title='bbox 716 1937 758 1960; x_wconf 90' lang='lat' dir='ltr'>ex</span> <span class='ocrx_word' id='word_1_188' title='bbox 788 1935 954 1973; x_wconf 86' lang='lat' dir='ltr'>tempore,</span> <span class='ocrx_word' id='word_1_189' title='bbox 986 1935 1020 1961; x_wconf 91' lang='lat' dir='ltr'>et</span> <span class='ocrx_word' id='word_1_190' title='bbox 1049 1925 1198 1961; x_wconf 86' lang='lat' dir='ltr'>bominis</span> 
     </span>
     <span class='ocr_line' id='line_1_36' title="bbox 522 1973 1199 2022; baseline -0.001 -12"><span class='ocrx_word' id='word_1_191' title='bbox 522 1975 701 2022; x_wconf 83' lang='lat' dir='ltr'>dignitate.</span> <span class='ocrx_word' id='word_1_192' title='bbox 745 1975 802 2009; x_wconf 84' lang='lat' dir='ltr'>Ex</span> <span class='ocrx_word' id='word_1_193' title='bbox 819 1974 922 2022; x_wconf 64' lang='lat' dir='ltr'>pafito</span> <span class='ocrx_word' id='word_1_194' title='bbox 934 1973 994 2021; x_wconf 84' lang='lat' dir='ltr'>jus</span> <span class='ocrx_word' id='word_1_195' title='bbox 1009 1974 1070 2015; x_wconf 88' lang='lat' dir='ltr'>est,</span> <span class='ocrx_word' id='word_1_196' title='bbox 1097 1977 1129 2010; x_wconf 88' lang='lat' dir='ltr'>Si</span> <span class='ocrx_word' id='word_1_197' title='bbox 1146 1977 1199 2022; x_wconf 85' lang='lat' dir='ltr'>qui</span> 
     </span>
     <span class='ocr_line' id='line_1_37' title="bbox 522 2022 1197 2070; baseline 0 -12"><span class='ocrx_word' id='word_1_198' title='bbox 522 2025 606 2058; x_wconf 82' lang='lat' dir='ltr'>imer</span> <span class='ocrx_word' id='word_1_199' title='bbox 614 2025 651 2069; x_wconf 92' lang='lat' dir='ltr'>se</span> <span class='ocrx_word' id='word_1_200' title='bbox 662 2023 862 2069; x_wconf 74' lang='lat' dir='ltr'>pepigerunt,</span> <span class='ocrx_word' id='word_1_201' title='bbox 878 2023 913 2066; x_wconf 81' lang='lat' dir='ltr'><em>st</em></span> <span class='ocrx_word' id='word_1_202' title='bbox 927 2022 1002 2070; x_wconf 87' lang='lat' dir='ltr'>quid</span> <span class='ocrx_word' id='word_1_203' title='bbox 1016 2025 1103 2057; x_wconf 78' lang='lat' dir='ltr'>inter</span> <span class='ocrx_word' id='word_1_204' title='bbox 1125 2035 1197 2070; x_wconf 87' lang='lat' dir='ltr'>quos</span> 
     </span>
     <span class='ocr_line' id='line_1_38' title="bbox 521 2071 1197 2119; baseline -0.003 -11"><span class='ocrx_word' id='word_1_205' title='bbox 521 2073 676 2108; x_wconf 78' lang='lat' dir='ltr'>convenit.</span> <span class='ocrx_word' id='word_1_206' title='bbox 723 2072 827 2107; x_wconf 69' lang='lat' dir='ltr'>Pacta</span> <span class='ocrx_word' id='word_1_207' title='bbox 845 2071 935 2114; x_wconf 90' lang='lat' dir='ltr'>sunt,</span> <span class='ocrx_word' id='word_1_208' title='bbox 961 2083 1043 2119; x_wconf 81' lang='lat' dir='ltr'>quae</span> <span class='ocrx_word' id='word_1_209' title='bbox 1062 2071 1197 2119; x_wconf 83' lang='lat' dir='ltr'>legibus</span> 
     </span>
     <span class='ocr_line' id='line_1_39' title="bbox 522 2119 1198 2163; baseline -0.003 -6"><span class='ocrx_word' id='word_1_210' title='bbox 522 2120 734 2157; x_wconf 81' lang='lat' dir='ltr'>observanda</span> <span class='ocrx_word' id='word_1_211' title='bbox 762 2120 851 2163; x_wconf 89' lang='lat' dir='ltr'>sunt,</span> <span class='ocrx_word' id='word_1_212' title='bbox 879 2119 944 2155; x_wconf 89' lang='lat' dir='ltr'>hoc</span> <span class='ocrx_word' id='word_1_213' title='bbox 973 2120 1090 2163; x_wconf 90' lang='lat' dir='ltr'>modo,</span> <span class='ocrx_word' id='word_1_214' title='bbox 1117 2121 1198 2156; x_wconf 82' lang='lat' dir='ltr'>Rem</span> 
     </span>
     <span class='ocr_line' id='line_1_40' title="bbox 521 2170 1199 2218; baseline -0.001 -12"><span class='ocrx_word' id='word_1_215' title='bbox 521 2170 578 2206; x_wconf 69' lang='lat' dir='ltr'>«bi</span> <span class='ocrx_word' id='word_1_216' title='bbox 591 2176 728 2218; x_wconf 69' lang='lat' dir='ltr'>pagum,</span> <span class='ocrx_word' id='word_1_217' title='bbox 747 2177 836 2204; x_wconf 83' lang='lat' dir='ltr'>orato</span> <span class='ocrx_word' id='word_1_218' title='bbox 848 2186 860 2210; x_wconf 65' lang='grc' dir='ltr'><strong>ς</strong></span> <span class='ocrx_word' id='word_1_219' title='bbox 885 2170 919 2203; x_wconf 82' lang='lat' dir='ltr'>ni</span> <span class='ocrx_word' id='word_1_220' title='bbox 930 2177 1068 2217; x_wconf 76' lang='lat' dir='ltr'>pagum,</span> <span class='ocrx_word' id='word_1_221' title='bbox 1095 2173 1128 2205; x_wconf 82' lang='lat' dir='ltr'>in</span> <span class='ocrx_word' id='word_1_222' title='bbox 1151 2181 1199 2205; x_wconf 83' lang='lat' dir='ltr'>co-</span> 
     </span>
     <span class='ocr_line' id='line_1_41' title="bbox 523 2218 1198 2264; baseline 0 -10"><span class='ocrx_word' id='word_1_223' title='bbox 523 2222 624 2262; x_wconf 81' lang='lat' dir='ltr'>mitio,</span> <span class='ocrx_word' id='word_1_224' title='bbox 661 2225 720 2253; x_wconf 79' lang='lat' dir='ltr'>aut</span> <span class='ocrx_word' id='word_1_225' title='bbox 750 2219 784 2253; x_wconf 82' lang='lat' dir='ltr'>in</span> <span class='ocrx_word' id='word_1_226' title='bbox 807 2219 897 2264; x_wconf 87' lang='lat' dir='ltr'>soro,</span> <span class='ocrx_word' id='word_1_227' title='bbox 935 2227 1008 2253; x_wconf 80' lang='lat' dir='ltr'>ante</span> <span class='ocrx_word' id='word_1_228' title='bbox 1040 2218 1198 2254; x_wconf 57' lang='lat' dir='ltr'>meridien·</span> 
     </span>
     <span class='ocr_line' id='line_1_42' title="bbox 522 2266 1198 2315; baseline -0.003 -11"><span class='ocrx_word' id='word_1_229' title='bbox 522 2268 646 2315; x_wconf 81' lang='lat' dir='ltr'>causam</span> <span class='ocrx_word' id='word_1_230' title='bbox 671 2268 820 2315; x_wconf 69' lang='lat' dir='ltr'>cory&#39;icito.</span> <span class='ocrx_word' id='word_1_231' title='bbox 865 2267 955 2302; x_wconf 89' lang='lat' dir='ltr'>Sunt</span> <span class='ocrx_word' id='word_1_232' title='bbox 986 2266 1067 2302; x_wconf 84' lang='lat' dir='ltr'>item</span> <span class='ocrx_word' id='word_1_233' title='bbox 1085 2267 1198 2315; x_wconf 60' lang='lat' dir='ltr'>pacta,</span> 
     </span>
     <span class='ocr_line' id='line_1_43' title="bbox 523 2314 1199 2365; baseline -0.001 -13"><span class='ocrx_word' id='word_1_234' title='bbox 523 2328 607 2365; x_wconf 80' lang='lat' dir='ltr'>quae</span> <span class='ocrx_word' id='word_1_235' title='bbox 639 2317 706 2352; x_wconf 80' lang='lat' dir='ltr'>sine</span> <span class='ocrx_word' id='word_1_236' title='bbox 736 2315 872 2364; x_wconf 79' lang='lat' dir='ltr'>legibus</span> <span class='ocrx_word' id='word_1_237' title='bbox 902 2314 1128 2352; x_wconf 79' lang='lat' dir='ltr'>observantur</span> <span class='ocrx_word' id='word_1_238' title='bbox 1155 2325 1199 2351; x_wconf 81' lang='lat' dir='ltr'>ex</span> 
     </span>
     <span class='ocr_line' id='line_1_44' title="bbox 524 2363 1197 2413; baseline -0.001 -12"><span class='ocrx_word' id='word_1_239' title='bbox 524 2376 714 2409; x_wconf 82' lang='lat' dir='ltr'>conventu,</span> <span class='ocrx_word' id='word_1_240' title='bbox 750 2377 833 2413; x_wconf 86' lang='lat' dir='ltr'>quae</span> <span class='ocrx_word' id='word_1_241' title='bbox 860 2363 932 2412; x_wconf 88' lang='lat' dir='ltr'>juri</span> <span class='ocrx_word' id='word_1_242' title='bbox 962 2364 1122 2412; x_wconf 73' lang='lat' dir='ltr'>praestare</span> <span class='ocrx_word' id='word_1_243' title='bbox 1147 2364 1197 2400; x_wconf 85' lang='lat' dir='ltr'>di-</span> 
     </span>
     <span class='ocr_line' id='line_1_45' title="bbox 523 2412 1194 2462; baseline -0.001 -13"><span class='ocrx_word' id='word_1_244' title='bbox 523 2425 662 2450; x_wconf 82' lang='lat' dir='ltr'>cuntur.</span> <span class='ocrx_word' id='word_1_245' title='bbox 708 2414 776 2449; x_wconf 76' lang='lat' dir='ltr'>His</span> <span class='ocrx_word' id='word_1_246' title='bbox 795 2414 902 2462; x_wconf 80' lang='lat' dir='ltr'>igitur</span> <span class='ocrx_word' id='word_1_247' title='bbox 930 2414 1088 2462; x_wconf 70' lang='lat' dir='ltr'>partibus</span> <span class='ocrx_word' id='word_1_248' title='bbox 1106 2412 1194 2462; x_wconf 91' lang='lat' dir='ltr'>inju-</span> 
     </span>
     <span class='ocr_line' id='line_1_46' title="bbox 522 2461 1195 2511; baseline 0 -12"><span class='ocrx_word' id='word_1_249' title='bbox 522 2463 608 2499; x_wconf 82' lang='lat' dir='ltr'>riam</span> <span class='ocrx_word' id='word_1_250' title='bbox 639 2463 875 2508; x_wconf 67' lang='lat' dir='ltr'>demonstrari,</span> <span class='ocrx_word' id='word_1_251' title='bbox 895 2461 955 2511; x_wconf 85' lang='lat' dir='ltr'>jus</span> <span class='ocrx_word' id='word_1_252' title='bbox 983 2463 1195 2508; x_wconf 71' lang='lat' dir='ltr'>confirmari,</span> 
     </span>
    </p>
   </div>
   <div class='ocr_carea' id='block_1_3' title="bbox 833 220 1615 265">
    <p class='ocr_par' dir='ltr' id='par_1_3' title="bbox 833 220 1615 265">
     <span class='ocr_line' id='line_1_47' title="bbox 833 220 1615 265; baseline 0.005 -4"><span class='ocrx_word' id='word_1_253' title='bbox 833 220 1615 265; x_wconf 85' lang='lat' dir='ltr'>RHETORICORUM</span> 
     </span>
    </p>
   </div>
   <div class='ocr_carea' id='block_1_4' title="bbox 1237 320 1920 2513">
    <p class='ocr_par' dir='ltr' id='par_1_4' title="bbox 1244 320 1914 406">
     <span class='ocr_line' id='line_1_48' title="bbox 1245 320 1914 370; baseline 0.006 -14"><span class='ocrx_word' id='word_1_254' title='bbox 1245 321 1418 363; x_wconf 90' lang='lat' dir='ltr'>convenit,</span> <span class='ocrx_word' id='word_1_255' title='bbox 1434 321 1538 369; x_wconf 89' lang='lat' dir='ltr'>idque</span> <span class='ocrx_word' id='word_1_256' title='bbox 1552 321 1584 356; x_wconf 88' lang='lat' dir='ltr'>in</span> <span class='ocrx_word' id='word_1_257' title='bbox 1598 320 1914 370; x_wconf 81' lang='lat' dir='ltr'>absolutajuridici-</span> 
     </span>
     <span class='ocr_line' id='line_1_49' title="bbox 1244 369 1669 406; baseline 0.005 -2"><span class='ocrx_word' id='word_1_258' title='bbox 1244 370 1288 405; x_wconf 89' lang='lat' dir='ltr'>ali</span> <span class='ocrx_word' id='word_1_259' title='bbox 1307 369 1502 405; x_wconf 84' lang='lat' dir='ltr'>faciendum</span> <span class='ocrx_word' id='word_1_260' title='bbox 1522 370 1669 406; x_wconf 90' lang='lat' dir='ltr'>videtur.</span> 
     </span>
    </p>

    <p class='ocr_par' dir='ltr' id='par_1_5' title="bbox 1237 419 1920 2072">
     <span class='ocr_line' id='line_1_50' title="bbox 1295 419 1917 467; baseline 0.002 -13"><span class='ocrx_word' id='word_1_261' title='bbox 1295 419 1396 454; x_wconf 87' lang='lat' dir='ltr'>XIV.</span> <span class='ocrx_word' id='word_1_262' title='bbox 1440 420 1532 454; x_wconf 88' lang='lat' dir='ltr'>Cum</span> <span class='ocrx_word' id='word_1_263' title='bbox 1574 431 1615 454; x_wconf 87' lang='lat' dir='ltr'>ex</span> <span class='ocrx_word' id='word_1_264' title='bbox 1660 420 1917 467; x_wconf 86' lang='lat' dir='ltr'>comparatione</span> 
     </span>
     <span class='ocr_line' id='line_1_51' title="bbox 1244 468 1916 516; baseline 0.003 -14"><span class='ocrx_word' id='word_1_265' title='bbox 1244 477 1433 515; x_wconf 84' lang='lat' dir='ltr'>quaeretur,</span> <span class='ocrx_word' id='word_1_266' title='bbox 1449 478 1566 503; x_wconf 90' lang='lat' dir='ltr'>utrum</span> <span class='ocrx_word' id='word_1_267' title='bbox 1583 468 1682 503; x_wconf 79' lang='lat' dir='ltr'>satius</span> <span class='ocrx_word' id='word_1_268' title='bbox 1697 468 1800 504; x_wconf 87' lang='lat' dir='ltr'>fuerit</span> <span class='ocrx_word' id='word_1_269' title='bbox 1818 480 1916 516; x_wconf 85' lang='lat' dir='ltr'>agere</span> 
     </span>
     <span class='ocr_line' id='line_1_52' title="bbox 1246 515 1915 563; baseline 0.003 -13"><span class='ocrx_word' id='word_1_270' title='bbox 1246 515 1294 558; x_wconf 87' lang='lat' dir='ltr'>id,</span> <span class='ocrx_word' id='word_1_271' title='bbox 1319 516 1416 563; x_wconf 90' lang='lat' dir='ltr'>quod</span> <span class='ocrx_word' id='word_1_272' title='bbox 1443 528 1519 551; x_wconf 90' lang='lat' dir='ltr'>reus</span> <span class='ocrx_word' id='word_1_273' title='bbox 1545 517 1637 551; x_wconf 88' lang='lat' dir='ltr'>dicat</span> <span class='ocrx_word' id='word_1_274' title='bbox 1664 517 1694 552; x_wconf 92' lang='lat' dir='ltr'>se</span> <span class='ocrx_word' id='word_1_275' title='bbox 1722 517 1846 560; x_wconf 78' lang='lat' dir='ltr'>fecifl‘e,</span> <span class='ocrx_word' id='word_1_276' title='bbox 1871 529 1915 553; x_wconf 89' lang='lat' dir='ltr'>an</span> 
     </span>
     <span class='ocr_line' id='line_1_53' title="bbox 1246 564 1917 612; baseline 0.003 -14"><span class='ocrx_word' id='word_1_277' title='bbox 1246 565 1293 606; x_wconf 92' lang='lat' dir='ltr'>id,</span> <span class='ocrx_word' id='word_1_278' title='bbox 1320 565 1414 610; x_wconf 88' lang='lat' dir='ltr'>quod</span> <span class='ocrx_word' id='word_1_279' title='bbox 1434 564 1608 599; x_wconf 89' lang='lat' dir='ltr'>accusator</span> <span class='ocrx_word' id='word_1_280' title='bbox 1622 565 1714 600; x_wconf 89' lang='lat' dir='ltr'>dicat</span> <span class='ocrx_word' id='word_1_281' title='bbox 1729 566 1917 612; x_wconf 80' lang='lat' dir='ltr'>oportuifl‘e</span> 
     </span>
     <span class='ocr_line' id='line_1_54' title="bbox 1246 613 1917 665; baseline 0.001 -18"><span class='ocrx_word' id='word_1_282' title='bbox 1246 613 1342 647; x_wconf 86' lang='lat' dir='ltr'>fieri:</span> <span class='ocrx_word' id='word_1_283' title='bbox 1394 613 1546 665; x_wconf 81' lang='lat' dir='ltr'>primum</span> <span class='ocrx_word' id='word_1_284' title='bbox 1588 613 1700 660; x_wconf 85' lang='lat' dir='ltr'>quaeri</span> <span class='ocrx_word' id='word_1_285' title='bbox 1741 614 1917 656; x_wconf 86' lang='lat' dir='ltr'>convenit,</span> 
     </span>
     <span class='ocr_line' id='line_1_55' title="bbox 1244 662 1916 698; baseline 0.003 -2"><span class='ocrx_word' id='word_1_286' title='bbox 1244 671 1364 696; x_wconf 88' lang='lat' dir='ltr'>utrum</span> <span class='ocrx_word' id='word_1_287' title='bbox 1391 662 1495 696; x_wconf 73' lang='lat' dir='ltr'>fuerit</span> <span class='ocrx_word' id='word_1_288' title='bbox 1513 662 1632 697; x_wconf 83' lang='lat' dir='ltr'>utilius</span> <span class='ocrx_word' id='word_1_289' title='bbox 1658 673 1701 697; x_wconf 91' lang='lat' dir='ltr'>ex</span> <span class='ocrx_word' id='word_1_290' title='bbox 1725 663 1916 698; x_wconf 88' lang='lat' dir='ltr'>contentio-</span> 
     </span>
     <span class='ocr_line' id='line_1_56' title="bbox 1246 709 1916 753; baseline 0 -8"><span class='ocrx_word' id='word_1_291' title='bbox 1246 722 1300 752; x_wconf 89' lang='lat' dir='ltr'>ne,</span> <span class='ocrx_word' id='word_1_292' title='bbox 1326 710 1392 745; x_wconf 88' lang='lat' dir='ltr'>hoc</span> <span class='ocrx_word' id='word_1_293' title='bbox 1418 709 1478 751; x_wconf 86' lang='lat' dir='ltr'>est,</span> <span class='ocrx_word' id='word_1_294' title='bbox 1505 720 1624 745; x_wconf 86' lang='lat' dir='ltr'>utrum</span> <span class='ocrx_word' id='word_1_295' title='bbox 1650 710 1838 753; x_wconf 87' lang='lat' dir='ltr'>venustius,</span> <span class='ocrx_word' id='word_1_296' title='bbox 1865 710 1916 745; x_wconf 71' lang='lat' dir='ltr'>fa-</span> 
     </span>
     <span class='ocr_line' id='line_1_57' title="bbox 1245 759 1915 801; baseline 0.003 -8"><span class='ocrx_word' id='word_1_297' title='bbox 1245 759 1358 801; x_wconf 86' lang='lat' dir='ltr'>cilius,</span> <span class='ocrx_word' id='word_1_298' title='bbox 1396 759 1661 794; x_wconf 83' lang='lat' dir='ltr'>conducibilius.</span> <span class='ocrx_word' id='word_1_299' title='bbox 1714 759 1849 794; x_wconf 90' lang='lat' dir='ltr'>Deinde</span> <span class='ocrx_word' id='word_1_300' title='bbox 1877 771 1915 795; x_wconf 91' lang='grc' dir='ltr'>ο-</span> 
     </span>
     <span class='ocr_line' id='line_1_58' title="bbox 1242 807 1916 861; baseline 0 -18"><span class='ocrx_word' id='word_1_301' title='bbox 1242 807 1395 861; x_wconf 83' lang='lat' dir='ltr'>portebit</span> <span class='ocrx_word' id='word_1_302' title='bbox 1412 808 1536 854; x_wconf 86' lang='lat' dir='ltr'>quaeri,</span> <span class='ocrx_word' id='word_1_303' title='bbox 1556 807 1710 854; x_wconf 88' lang='lat' dir='ltr'>ipsumne</span> <span class='ocrx_word' id='word_1_304' title='bbox 1722 808 1916 854; x_wconf 88' lang='lat' dir='ltr'>oportuerit</span> 
     </span>
     <span class='ocr_line' id='line_1_59' title="bbox 1237 855 1914 904; baseline 0.003 -14"><span class='ocrx_word' id='word_1_305' title='bbox 1237 856 1406 904; x_wconf 73' lang='lat' dir='ltr'>judicare,</span> <span class='ocrx_word' id='word_1_306' title='bbox 1433 867 1551 891; x_wconf 91' lang='lat' dir='ltr'>utrum</span> <span class='ocrx_word' id='word_1_307' title='bbox 1580 855 1685 892; x_wconf 88' lang='lat' dir='ltr'>fuerit</span> <span class='ocrx_word' id='word_1_308' title='bbox 1713 857 1845 899; x_wconf 87' lang='lat' dir='ltr'>utilius,</span> <span class='ocrx_word' id='word_1_309' title='bbox 1872 868 1914 892; x_wconf 84' lang='lat' dir='ltr'>an</span> 
     </span>
     <span class='ocr_line' id='line_1_60' title="bbox 1244 903 1912 952; baseline 0.001 -13"><span class='ocrx_word' id='word_1_310' title='bbox 1244 905 1391 940; x_wconf 85' lang='lat' dir='ltr'>aliorum</span> <span class='ocrx_word' id='word_1_311' title='bbox 1421 903 1524 939; x_wconf 87' lang='lat' dir='ltr'>fuerit</span> <span class='ocrx_word' id='word_1_312' title='bbox 1555 905 1722 940; x_wconf 89' lang='lat' dir='ltr'>statuendi</span> <span class='ocrx_word' id='word_1_313' title='bbox 1755 905 1912 952; x_wconf 81' lang='lat' dir='ltr'>potestas.</span> 
     </span>
     <span class='ocr_line' id='line_1_61' title="bbox 1243 953 1916 1000; baseline 0 -12"><span class='ocrx_word' id='word_1_314' title='bbox 1243 953 1380 988; x_wconf 91' lang='lat' dir='ltr'>Deinde</span> <span class='ocrx_word' id='word_1_315' title='bbox 1403 953 1638 1000; x_wconf 87' lang='lat' dir='ltr'>interponetur</span> <span class='ocrx_word' id='word_1_316' title='bbox 1657 954 1701 988; x_wconf 89' lang='lat' dir='ltr'>ab</span> <span class='ocrx_word' id='word_1_317' title='bbox 1723 954 1916 988; x_wconf 83' lang='lat' dir='ltr'>accusatore</span> 
     </span>
     <span class='ocr_line' id='line_1_62' title="bbox 1244 1001 1915 1049; baseline 0 -13"><span class='ocrx_word' id='word_1_318' title='bbox 1244 1001 1389 1049; x_wconf 91' lang='lat' dir='ltr'>suspicio</span> <span class='ocrx_word' id='word_1_319' title='bbox 1406 1014 1447 1036; x_wconf 89' lang='lat' dir='ltr'>ex</span> <span class='ocrx_word' id='word_1_320' title='bbox 1475 1002 1717 1036; x_wconf 87' lang='lat' dir='ltr'>constitutione</span> <span class='ocrx_word' id='word_1_321' title='bbox 1741 1001 1915 1048; x_wconf 66' lang='lat' dir='ltr'>conjectu-</span> 
     </span>
     <span class='ocr_line' id='line_1_63' title="bbox 1245 1051 1917 1097; baseline 0 -12"><span class='ocrx_word' id='word_1_322' title='bbox 1245 1051 1318 1092; x_wconf 86' lang='lat' dir='ltr'>rali,</span> <span class='ocrx_word' id='word_1_323' title='bbox 1343 1062 1450 1097; x_wconf 87' lang='lat' dir='ltr'>quare</span> <span class='ocrx_word' id='word_1_324' title='bbox 1467 1060 1610 1097; x_wconf 91' lang='lat' dir='ltr'>putetur</span> <span class='ocrx_word' id='word_1_325' title='bbox 1631 1062 1698 1084; x_wconf 91' lang='lat' dir='ltr'>non</span> <span class='ocrx_word' id='word_1_326' title='bbox 1726 1061 1765 1084; x_wconf 85' lang='lat' dir='ltr'>ea</span> <span class='ocrx_word' id='word_1_327' title='bbox 1787 1051 1917 1086; x_wconf 85' lang='lat' dir='ltr'>ratione</span> 
     </span>
     <span class='ocr_line' id='line_1_64' title="bbox 1242 1097 1916 1146; baseline 0.001 -14"><span class='ocrx_word' id='word_1_328' title='bbox 1242 1097 1376 1133; x_wconf 64' lang='lat' dir='ltr'>fastum</span> <span class='ocrx_word' id='word_1_329' title='bbox 1404 1099 1481 1141; x_wconf 84' lang='lat' dir='ltr'>effe,</span> <span class='ocrx_word' id='word_1_330' title='bbox 1507 1110 1581 1146; x_wconf 89' lang='lat' dir='ltr'>quo</span> <span class='ocrx_word' id='word_1_331' title='bbox 1609 1099 1731 1133; x_wconf 85' lang='lat' dir='ltr'>melius</span> <span class='ocrx_word' id='word_1_332' title='bbox 1756 1098 1916 1134; x_wconf 85' lang='lat' dir='ltr'>deteriori</span> 
     </span>
     <span class='ocr_line' id='line_1_65' title="bbox 1245 1147 1917 1194; baseline 0.003 -13"><span class='ocrx_word' id='word_1_333' title='bbox 1245 1157 1519 1194; x_wconf 85' lang='lat' dir='ltr'>anteponeretur,</span> <span class='ocrx_word' id='word_1_334' title='bbox 1546 1147 1600 1182; x_wconf 83' lang='lat' dir='ltr'>sed</span> <span class='ocrx_word' id='word_1_335' title='bbox 1627 1147 1711 1182; x_wconf 91' lang='lat' dir='ltr'>dolo</span> <span class='ocrx_word' id='word_1_336' title='bbox 1740 1147 1833 1182; x_wconf 85' lang='lat' dir='ltr'>malo</span> <span class='ocrx_word' id='word_1_337' title='bbox 1860 1159 1917 1183; x_wconf 86' lang='lat' dir='ltr'>ne-</span> 
     </span>
     <span class='ocr_line' id='line_1_66' title="bbox 1245 1195 1917 1243; baseline 0.001 -13"><span class='ocrx_word' id='word_1_338' title='bbox 1245 1195 1382 1243; x_wconf 88' lang='lat' dir='ltr'>gotium</span> <span class='ocrx_word' id='word_1_339' title='bbox 1399 1195 1542 1243; x_wconf 88' lang='lat' dir='ltr'>gestum.</span> <span class='ocrx_word' id='word_1_340' title='bbox 1576 1196 1710 1231; x_wconf 89' lang='lat' dir='ltr'>Deinde</span> <span class='ocrx_word' id='word_1_341' title='bbox 1727 1205 1917 1243; x_wconf 88' lang='lat' dir='ltr'>quaeretur,</span> 
     </span>
     <span class='ocr_line' id='line_1_67' title="bbox 1244 1244 1918 1292; baseline 0.001 -13"><span class='ocrx_word' id='word_1_342' title='bbox 1244 1244 1442 1292; x_wconf 88' lang='lat' dir='ltr'>potueritne</span> <span class='ocrx_word' id='word_1_343' title='bbox 1459 1244 1572 1287; x_wconf 88' lang='lat' dir='ltr'>vitari,</span> <span class='ocrx_word' id='word_1_344' title='bbox 1591 1257 1632 1279; x_wconf 91' lang='lat' dir='ltr'>ne</span> <span class='ocrx_word' id='word_1_345' title='bbox 1651 1244 1683 1279; x_wconf 92' lang='lat' dir='ltr'>in</span> <span class='ocrx_word' id='word_1_346' title='bbox 1699 1255 1780 1280; x_wconf 90' lang='lat' dir='ltr'>eum</span> <span class='ocrx_word' id='word_1_347' title='bbox 1799 1245 1918 1280; x_wconf 89' lang='lat' dir='ltr'>locum</span> 
     </span>
     <span class='ocr_line' id='line_1_68' title="bbox 1244 1292 1919 1329; baseline 0.001 -2"><span class='ocrx_word' id='word_1_348' title='bbox 1244 1293 1428 1328; x_wconf 81' lang='lat' dir='ltr'>veniretur.</span> <span class='ocrx_word' id='word_1_349' title='bbox 1482 1293 1541 1328; x_wconf 87' lang='lat' dir='ltr'>Ab</span> <span class='ocrx_word' id='word_1_350' title='bbox 1583 1292 1756 1328; x_wconf 90' lang='lat' dir='ltr'>defensore</span> <span class='ocrx_word' id='word_1_351' title='bbox 1797 1303 1919 1329; x_wconf 89' lang='lat' dir='ltr'>contra</span> 
     </span>
     <span class='ocr_line' id='line_1_69' title="bbox 1245 1340 1918 1389; baseline 0.001 -13"><span class='ocrx_word' id='word_1_352' title='bbox 1245 1340 1420 1376; x_wconf 85' lang='lat' dir='ltr'>refelletur</span> <span class='ocrx_word' id='word_1_353' title='bbox 1438 1342 1688 1389; x_wconf 88' lang='lat' dir='ltr'>argumentatio</span> <span class='ocrx_word' id='word_1_354' title='bbox 1706 1341 1918 1389; x_wconf 63' lang='lat' dir='ltr'>conjectura-</span> 
     </span>
     <span class='ocr_line' id='line_1_70' title="bbox 1245 1390 1919 1438; baseline -0.001 -12"><span class='ocrx_word' id='word_1_355' title='bbox 1245 1390 1299 1433; x_wconf 87' lang='lat' dir='ltr'>lis,</span> <span class='ocrx_word' id='word_1_356' title='bbox 1326 1391 1443 1438; x_wconf 86' lang='lat' dir='ltr'>aliqua</span> <span class='ocrx_word' id='word_1_357' title='bbox 1458 1391 1632 1438; x_wconf 85' lang='lat' dir='ltr'>probabili</span> <span class='ocrx_word' id='word_1_358' title='bbox 1650 1391 1760 1433; x_wconf 85' lang='lat' dir='ltr'>causa,</span> <span class='ocrx_word' id='word_1_359' title='bbox 1787 1391 1830 1426; x_wconf 92' lang='lat' dir='ltr'>de</span> <span class='ocrx_word' id='word_1_360' title='bbox 1847 1403 1919 1438; x_wconf 87' lang='lat' dir='ltr'>qua</span> 
     </span>
     <span class='ocr_line' id='line_1_71' title="bbox 1245 1439 1918 1474; baseline 0.001 -1"><span class='ocrx_word' id='word_1_361' title='bbox 1245 1450 1322 1474; x_wconf 83' lang='lat' dir='ltr'>ante</span> <span class='ocrx_word' id='word_1_362' title='bbox 1338 1439 1472 1474; x_wconf 69' lang='lat' dir='ltr'>dietum</span> <span class='ocrx_word' id='word_1_363' title='bbox 1489 1439 1546 1474; x_wconf 87' lang='lat' dir='ltr'>est.</span> <span class='ocrx_word' id='word_1_364' title='bbox 1576 1439 1646 1474; x_wconf 87' lang='lat' dir='ltr'>His</span> <span class='ocrx_word' id='word_1_365' title='bbox 1665 1439 1748 1474; x_wconf 90' lang='lat' dir='ltr'>locis</span> <span class='ocrx_word' id='word_1_366' title='bbox 1768 1439 1814 1474; x_wconf 87' lang='lat' dir='ltr'>ita</span> <span class='ocrx_word' id='word_1_367' title='bbox 1830 1450 1918 1474; x_wconf 86' lang='lat' dir='ltr'>trac-</span> 
     </span>
     <span class='ocr_line' id='line_1_72' title="bbox 1245 1487 1917 1530; baseline 0 -7"><span class='ocrx_word' id='word_1_368' title='bbox 1245 1487 1336 1530; x_wconf 87' lang='lat' dir='ltr'>tatis,</span> <span class='ocrx_word' id='word_1_369' title='bbox 1367 1487 1542 1522; x_wconf 78' lang='lat' dir='ltr'>accusator</span> <span class='ocrx_word' id='word_1_370' title='bbox 1569 1497 1687 1523; x_wconf 81' lang='lat' dir='ltr'>utetur</span> <span class='ocrx_word' id='word_1_371' title='bbox 1715 1488 1793 1523; x_wconf 88' lang='lat' dir='ltr'>loco</span> <span class='ocrx_word' id='word_1_372' title='bbox 1822 1500 1917 1523; x_wconf 89' lang='lat' dir='ltr'>com-</span> 
     </span>
     <span class='ocr_line' id='line_1_73' title="bbox 1245 1535 1917 1584; baseline 0 -13"><span class='ocrx_word' id='word_1_373' title='bbox 1245 1536 1343 1571; x_wconf 89' lang='lat' dir='ltr'>muni</span> <span class='ocrx_word' id='word_1_374' title='bbox 1362 1536 1394 1571; x_wconf 93' lang='lat' dir='ltr'>in</span> <span class='ocrx_word' id='word_1_375' title='bbox 1411 1547 1505 1578; x_wconf 88' lang='lat' dir='ltr'>eum,</span> <span class='ocrx_word' id='word_1_376' title='bbox 1519 1536 1579 1583; x_wconf 87' lang='lat' dir='ltr'>qui</span> <span class='ocrx_word' id='word_1_377' title='bbox 1599 1535 1719 1571; x_wconf 84' lang='lat' dir='ltr'>inutile</span> <span class='ocrx_word' id='word_1_378' title='bbox 1734 1536 1808 1571; x_wconf 91' lang='lat' dir='ltr'>utili</span> <span class='ocrx_word' id='word_1_379' title='bbox 1828 1548 1917 1584; x_wconf 84' lang='lat' dir='ltr'>prae-</span> 
     </span>
     <span class='ocr_line' id='line_1_74' title="bbox 1245 1584 1919 1633; baseline 0 -13"><span class='ocrx_word' id='word_1_380' title='bbox 1245 1584 1407 1633; x_wconf 89' lang='lat' dir='ltr'>posuerit,</span> <span class='ocrx_word' id='word_1_381' title='bbox 1446 1596 1528 1620; x_wconf 88' lang='lat' dir='ltr'>cum</span> <span class='ocrx_word' id='word_1_382' title='bbox 1558 1585 1725 1620; x_wconf 86' lang='lat' dir='ltr'>statuendi</span> <span class='ocrx_word' id='word_1_383' title='bbox 1760 1596 1829 1620; x_wconf 91' lang='lat' dir='ltr'>non</span> <span class='ocrx_word' id='word_1_384' title='bbox 1859 1585 1919 1620; x_wconf 77' lang='lat' dir='ltr'>ha-</span> 
     </span>
     <span class='ocr_line' id='line_1_75' title="bbox 1248 1632 1918 1682; baseline 0.001 -14"><span class='ocrx_word' id='word_1_385' title='bbox 1248 1634 1360 1669; x_wconf 91' lang='lat' dir='ltr'>buerit</span> <span class='ocrx_word' id='word_1_386' title='bbox 1381 1633 1594 1682; x_wconf 80' lang='lat' dir='ltr'>potestatem.</span> <span class='ocrx_word' id='word_1_387' title='bbox 1646 1632 1813 1669; x_wconf 87' lang='lat' dir='ltr'>Defensor</span> <span class='ocrx_word' id='word_1_388' title='bbox 1834 1645 1918 1670; x_wconf 87' lang='lat' dir='ltr'>con·</span> 
     </span>
     <span class='ocr_line' id='line_1_76' title="bbox 1245 1682 1919 1730; baseline 0 -12"><span class='ocrx_word' id='word_1_389' title='bbox 1245 1692 1298 1718; x_wconf 89' lang='lat' dir='ltr'>tra</span> <span class='ocrx_word' id='word_1_390' title='bbox 1313 1694 1384 1724; x_wconf 88' lang='lat' dir='ltr'>eos,</span> <span class='ocrx_word' id='word_1_391' title='bbox 1411 1683 1474 1730; x_wconf 91' lang='lat' dir='ltr'>qui</span> <span class='ocrx_word' id='word_1_392' title='bbox 1492 1694 1636 1730; x_wconf 83' lang='lat' dir='ltr'>aequum</span> <span class='ocrx_word' id='word_1_393' title='bbox 1653 1682 1821 1725; x_wconf 84' lang='lat' dir='ltr'>censeant,</span> <span class='ocrx_word' id='word_1_394' title='bbox 1848 1695 1919 1718; x_wconf 84' lang='lat' dir='ltr'>rem</span> 
     </span>
     <span class='ocr_line' id='line_1_77' title="bbox 1245 1730 1920 1780; baseline -0.001 -14"><span class='ocrx_word' id='word_1_395' title='bbox 1245 1730 1469 1780; x_wconf 83' lang='lat' dir='ltr'>perniciosam</span> <span class='ocrx_word' id='word_1_396' title='bbox 1496 1731 1573 1767; x_wconf 84' lang='lat' dir='ltr'>utili</span> <span class='ocrx_word' id='word_1_397' title='bbox 1603 1731 1775 1780; x_wconf 81' lang='lat' dir='ltr'>praeponi,</span> <span class='ocrx_word' id='word_1_398' title='bbox 1803 1740 1920 1766; x_wconf 89' lang='lat' dir='ltr'>utetur</span> 
     </span>
     <span class='ocr_line' id='line_1_78' title="bbox 1247 1779 1918 1828; baseline -0.001 -13"><span class='ocrx_word' id='word_1_399' title='bbox 1247 1781 1326 1815; x_wconf 91' lang='lat' dir='ltr'>loco</span> <span class='ocrx_word' id='word_1_400' title='bbox 1342 1780 1521 1816; x_wconf 89' lang='lat' dir='ltr'>communi</span> <span class='ocrx_word' id='word_1_401' title='bbox 1539 1792 1600 1828; x_wconf 90' lang='lat' dir='ltr'>per</span> <span class='ocrx_word' id='word_1_402' title='bbox 1624 1779 1918 1827; x_wconf 85' lang='lat' dir='ltr'>conquestionem,</span> 
     </span>
     <span class='ocr_line' id='line_1_79' title="bbox 1244 1828 1919 1876; baseline -0.003 -12"><span class='ocrx_word' id='word_1_403' title='bbox 1244 1839 1278 1865; x_wconf 91' lang='lat' dir='ltr'>et</span> <span class='ocrx_word' id='word_1_404' title='bbox 1297 1829 1396 1864; x_wconf 83' lang='lat' dir='ltr'>simul</span> <span class='ocrx_word' id='word_1_405' title='bbox 1419 1839 1554 1876; x_wconf 82' lang='lat' dir='ltr'>quaeret</span> <span class='ocrx_word' id='word_1_406' title='bbox 1580 1829 1624 1864; x_wconf 79' lang='lat' dir='ltr'>ab</span> <span class='ocrx_word' id='word_1_407' title='bbox 1651 1828 1919 1868; x_wconf 85' lang='lat' dir='ltr'>accusatoribus,</span> 
     </span>
     <span class='ocr_line' id='line_1_80' title="bbox 1243 1875 1919 1926; baseline -0.001 -14"><span class='ocrx_word' id='word_1_408' title='bbox 1243 1886 1278 1913; x_wconf 89' lang='lat' dir='ltr'>et</span> <span class='ocrx_word' id='word_1_409' title='bbox 1296 1877 1340 1912; x_wconf 84' lang='lat' dir='ltr'>ab</span> <span class='ocrx_word' id='word_1_410' title='bbox 1351 1877 1532 1924; x_wconf 88' lang='lat' dir='ltr'>judicibus</span> <span class='ocrx_word' id='word_1_411' title='bbox 1560 1878 1652 1926; x_wconf 81' lang='lat' dir='ltr'>ipsis,</span> <span class='ocrx_word' id='word_1_412' title='bbox 1706 1876 1766 1912; x_wconf 89' lang='lat' dir='ltr'>uid</span> <span class='ocrx_word' id='word_1_413' title='bbox 1793 1875 1919 1912; x_wconf 67' lang='lat' dir='ltr'>faCturi</span> 
     </span>
     <span class='ocr_line' id='line_1_81' title="bbox 1246 1925 1920 1970; baseline -0.003 -8"><span class='ocrx_word' id='word_1_414' title='bbox 1246 1926 1363 1970; x_wconf 70' lang='lat' dir='ltr'>essent,</span> <span class='ocrx_word' id='word_1_415' title='bbox 1391 1927 1415 1962; x_wconf 79' lang='lat' dir='ltr'>si</span> <span class='ocrx_word' id='word_1_416' title='bbox 1448 1926 1482 1962; x_wconf 88' lang='lat' dir='ltr'>in</span> <span class='ocrx_word' id='word_1_417' title='bbox 1510 1939 1552 1962; x_wconf 90' lang='lat' dir='ltr'>eo</span> <span class='ocrx_word' id='word_1_418' title='bbox 1581 1927 1659 1961; x_wconf 89' lang='lat' dir='ltr'>loco</span> <span class='ocrx_word' id='word_1_419' title='bbox 1700 1925 1847 1967; x_wconf 61' lang='lat' dir='ltr'>uissenv,</span> <span class='ocrx_word' id='word_1_420' title='bbox 1885 1936 1920 1960; x_wconf 92' lang='lat' dir='ltr'>et</span> 
     </span>
     <span class='ocr_line' id='line_1_82' title="bbox 1247 1974 1920 2023; baseline -0.001 -12"><span class='ocrx_word' id='word_1_421' title='bbox 1247 1983 1398 2023; x_wconf 89' lang='lat' dir='ltr'>tempus,</span> <span class='ocrx_word' id='word_1_422' title='bbox 1426 1975 1556 2018; x_wconf 86' lang='lat' dir='ltr'>locum,</span> <span class='ocrx_word' id='word_1_423' title='bbox 1588 1987 1671 2016; x_wconf 89' lang='lat' dir='ltr'>rem,</span> <span class='ocrx_word' id='word_1_424' title='bbox 1703 1974 1920 2010; x_wconf 85' lang='lat' dir='ltr'>deliberatio-</span> 
     </span>
     <span class='ocr_line' id='line_1_83' title="bbox 1246 2023 1827 2072; baseline -0.003 -12"><span class='ocrx_word' id='word_1_425' title='bbox 1246 2036 1326 2060; x_wconf 88' lang='lat' dir='ltr'>nem</span> <span class='ocrx_word' id='word_1_426' title='bbox 1344 2024 1450 2068; x_wconf 86' lang='lat' dir='ltr'>suam,</span> <span class='ocrx_word' id='word_1_427' title='bbox 1476 2033 1582 2072; x_wconf 90' lang='lat' dir='ltr'>ponet</span> <span class='ocrx_word' id='word_1_428' title='bbox 1600 2033 1678 2059; x_wconf 80' lang='lat' dir='ltr'>ante</span> <span class='ocrx_word' id='word_1_429' title='bbox 1694 2023 1827 2058; x_wconf 88' lang='lat' dir='ltr'>oculos.</span> 
     </span>
    </p>

    <p class='ocr_par' dir='ltr' id='par_1_6' title="bbox 1245 2070 1920 2513">
     <span class='ocr_line' id='line_1_84' title="bbox 1305 2070 1919 2114; baseline -0.003 -6"><span class='ocrx_word' id='word_1_430' title='bbox 1305 2074 1386 2109; x_wconf 90' lang='lat' dir='ltr'>XV.</span> <span class='ocrx_word' id='word_1_431' title='bbox 1430 2071 1626 2108; x_wconf 80' lang='lat' dir='ltr'>Transsatio</span> <span class='ocrx_word' id='word_1_432' title='bbox 1665 2071 1817 2107; x_wconf 86' lang='lat' dir='ltr'>criminis</span> <span class='ocrx_word' id='word_1_433' title='bbox 1857 2070 1919 2114; x_wconf 82' lang='lat' dir='ltr'>est,</span> 
     </span>
     <span class='ocr_line' id='line_1_85' title="bbox 1247 2120 1919 2158; baseline -0.003 -1"><span class='ocrx_word' id='word_1_434' title='bbox 1247 2133 1329 2157; x_wconf 92' lang='lat' dir='ltr'>cum</span> <span class='ocrx_word' id='word_1_435' title='bbox 1356 2123 1401 2158; x_wconf 84' lang='lat' dir='ltr'>ab</span> <span class='ocrx_word' id='word_1_436' title='bbox 1419 2133 1475 2157; x_wconf 88' lang='lat' dir='ltr'>reo</span> <span class='ocrx_word' id='word_1_437' title='bbox 1493 2120 1573 2156; x_wconf 68' lang='lat' dir='ltr'>faeti</span> <span class='ocrx_word' id='word_1_438' title='bbox 1603 2120 1702 2156; x_wconf 83' lang='lat' dir='ltr'>causa</span> <span class='ocrx_word' id='word_1_439' title='bbox 1720 2120 1752 2155; x_wconf 87' lang='lat' dir='ltr'>in</span> <span class='ocrx_word' id='word_1_440' title='bbox 1771 2120 1919 2156; x_wconf 78' lang='lat' dir='ltr'>aliorum</span> 
     </span>
     <span class='ocr_line' id='line_1_86' title="bbox 1249 2168 1918 2219; baseline -0.004 -13"><span class='ocrx_word' id='word_1_441' title='bbox 1249 2179 1431 2219; x_wconf 75' lang='lat' dir='ltr'>peccatum</span> <span class='ocrx_word' id='word_1_442' title='bbox 1449 2168 1658 2206; x_wconf 72' lang='lat' dir='ltr'>transfertur.</span> <span class='ocrx_word' id='word_1_443' title='bbox 1705 2170 1742 2204; x_wconf 89' lang='lat' dir='ltr'>ln</span> <span class='ocrx_word' id='word_1_444' title='bbox 1761 2181 1832 2216; x_wconf 89' lang='lat' dir='ltr'>qua</span> <span class='ocrx_word' id='word_1_445' title='bbox 1848 2169 1918 2217; x_wconf 83' lang='lat' dir='ltr'>pri-</span> 
     </span>
     <span class='ocr_line' id='line_1_87' title="bbox 1247 2217 1918 2267; baseline -0.001 -13"><span class='ocrx_word' id='word_1_446' title='bbox 1247 2230 1345 2254; x_wconf 89' lang='lat' dir='ltr'>mum</span> <span class='ocrx_word' id='word_1_447' title='bbox 1372 2219 1602 2267; x_wconf 86' lang='lat' dir='ltr'>quaerendum</span> <span class='ocrx_word' id='word_1_448' title='bbox 1635 2218 1695 2260; x_wconf 85' lang='lat' dir='ltr'>est,</span> <span class='ocrx_word' id='word_1_449' title='bbox 1728 2217 1850 2265; x_wconf 88' lang='lat' dir='ltr'>jurene</span> <span class='ocrx_word' id='word_1_450' title='bbox 1883 2218 1918 2253; x_wconf 90' lang='lat' dir='ltr'>in</span> 
     </span>
     <span class='ocr_line' id='line_1_88' title="bbox 1247 2266 1920 2303; baseline -0.001 0"><span class='ocrx_word' id='word_1_451' title='bbox 1247 2267 1354 2303; x_wconf 72' lang='lat' dir='ltr'>alium</span> <span class='ocrx_word' id='word_1_452' title='bbox 1371 2268 1500 2303; x_wconf 87' lang='lat' dir='ltr'>crimen</span> <span class='ocrx_word' id='word_1_453' title='bbox 1518 2266 1750 2303; x_wconf 81' lang='lat' dir='ltr'>transferatur.</span> <span class='ocrx_word' id='word_1_454' title='bbox 1785 2266 1920 2302; x_wconf 85' lang='lat' dir='ltr'>Deinde</span> 
     </span>
     <span class='ocr_line' id='line_1_89' title="bbox 1248 2316 1918 2365; baseline -0.003 -13"><span class='ocrx_word' id='word_1_455' title='bbox 1248 2316 1469 2365; x_wconf 69' lang='lat' dir='ltr'>speftandum</span> <span class='ocrx_word' id='word_1_456' title='bbox 1485 2316 1545 2358; x_wconf 80' lang='lat' dir='ltr'>est,</span> <span class='ocrx_word' id='word_1_457' title='bbox 1572 2327 1613 2351; x_wconf 88' lang='lat' dir='ltr'>an</span> <span class='ocrx_word' id='word_1_458' title='bbox 1631 2327 1734 2364; x_wconf 84' lang='lat' dir='ltr'>aeque</span> <span class='ocrx_word' id='word_1_459' title='bbox 1751 2327 1918 2363; x_wconf 80' lang='lat' dir='ltr'>magnum</span> 
     </span>
     <span class='ocr_line' id='line_1_90' title="bbox 1249 2364 1919 2414; baseline -0.003 -13"><span class='ocrx_word' id='word_1_460' title='bbox 1249 2367 1290 2401; x_wconf 84' lang='lat' dir='ltr'>lit</span> <span class='ocrx_word' id='word_1_461' title='bbox 1308 2365 1394 2401; x_wconf 85' lang='lat' dir='ltr'>illud</span> <span class='ocrx_word' id='word_1_462' title='bbox 1412 2376 1605 2414; x_wconf 85' lang='lat' dir='ltr'>peccatum,</span> <span class='ocrx_word' id='word_1_463' title='bbox 1630 2365 1727 2412; x_wconf 88' lang='lat' dir='ltr'>quod</span> <span class='ocrx_word' id='word_1_464' title='bbox 1755 2364 1789 2400; x_wconf 91' lang='lat' dir='ltr'>in</span> <span class='ocrx_word' id='word_1_465' title='bbox 1812 2364 1919 2399; x_wconf 76' lang='lat' dir='ltr'>alium</span> 
     </span>
     <span class='ocr_line' id='line_1_91' title="bbox 1245 2412 1918 2467; baseline -0.001 -18"><span class='ocrx_word' id='word_1_466' title='bbox 1245 2413 1483 2456; x_wconf 77' lang='lat' dir='ltr'>transferatur,</span> <span class='ocrx_word' id='word_1_467' title='bbox 1534 2424 1639 2467; x_wconf 84' lang='lat' dir='ltr'>atque</span> <span class='ocrx_word' id='word_1_468' title='bbox 1681 2413 1781 2456; x_wconf 85' lang='lat' dir='ltr'>illud,</span> <span class='ocrx_word' id='word_1_469' title='bbox 1821 2412 1918 2467; x_wconf 83' lang='lat' dir='ltr'>quod</span> 
     </span>
     <span class='ocr_line' id='line_1_92' title="bbox 1245 2460 1919 2513; baseline -0.006 -13"><span class='ocrx_word' id='word_1_470' title='bbox 1245 2475 1320 2500; x_wconf 80' lang='lat' dir='ltr'>reus</span> <span class='ocrx_word' id='word_1_471' title='bbox 1338 2463 1512 2513; x_wconf 77' lang='lat' dir='ltr'>suscepisse</span> <span class='ocrx_word' id='word_1_472' title='bbox 1529 2463 1560 2500; x_wconf 88' lang='lat' dir='ltr'>se</span> <span class='ocrx_word' id='word_1_473' title='bbox 1576 2466 1735 2499; x_wconf 71' lang='lat' dir='ltr'>tueatur.</span> <span class='ocrx_word' id='word_1_474' title='bbox 1783 2460 1919 2498; x_wconf 68' lang='lat' dir='ltr'>Deinde</span> 
     </span>
    </p>
   </div>
  </div>
 </body>
</html>
