2335 3009
570 243 669 282 AD
727 240 1246 281 HERENNIUM
1302 241 1437 283 LIB.

379 351 523 387 qnoque
540 340 708 386 adaugere
724 339 911 386 oportebit,
930 348 964 374 et
982 348 1052 374 tor-

380 400 486 436 quere
502 388 635 430 sonum,
661 397 696 422 et
713 387 865 423 celeriter
881 399 963 422 cum
982 388 1051 422 cla-

381 449 476 472 more
493 437 598 471 verba
614 436 794 479 conficere,
823 446 862 471 ut
888 437 961 471 vim
989 448 1051 472 vo-

381 485 525 521 lubilem
556 485 720 520 orationis
737 484 940 520 vociferatio
967 497 1033 520 con

380 534 473 581 sequi
489 535 600 581 poffit.
622 534 662 569 In
675 533 916 569 distributione
930 546 1052 569 vocem

381 583 426 618 ab
468 582 546 617 imis
593 582 756 618 faucibus
805 583 1054 618 exclamatione

380 643 487 679 quam
505 631 685 666 clarissima
702 631 863 667 adhibere
889 641 1050 679 oportet:

379 691 414 716 et
431 690 604 735 quantum
633 681 729 728 spatii
753 693 813 727 per
829 681 938 728 singul
944 693 978 715 as
994 693 1054 715 ex-

379 728 602 764 clamationes
631 729 883 776 sumpserimus,
917 739 1053 764 tantum

381 778 416 813 in
443 778 580 825 singula
604 777 782 813 intervalla
808 778 905 826 spatii
931 779 1053 813 consu-

381 827 662 874 merejubemur.
715 829 754 862 ln
777 827 1054 875 amplificationi-

382 876 463 919 bus,
504 888 587 911 cum
631 876 868 911 cohortatione
919 886 1057 911 utemur

382 937 470 960 voce
497 925 770 966 attenuatiffima,
797 926 947 960 clamore
973 925 1054 968 leni,

383 974 465 1009 sono
515 974 668 1028 aequali,
721 975 1055 1009 commutationibus

383 1022 524 1065 crebris,
575 1023 725 1058 maxima
771 1022 951 1058 celeritate.
1019 1025 1055 1058 ln

383 1071 627 1119 conquestione
657 1081 794 1106 utemur
811 1083 898 1107 voce
922 1071 1056 1119 depres-

384 1120 428 1163 sa,
467 1120 632 1155 inclinato
662 1120 756 1161 sono,
796 1121 923 1155 crebris
953 1121 1054 1155 inter-

382 1169 495 1210 vallis,
522 1170 634 1216 longis
653 1168 779 1216 spatiis,
806 1169 939 1217 magnis
960 1181 1055 1204 corn-

383 1218 647 1254 mutationibus.

400 1292 405 1298 .
432 1267 515 1302 XV.
542 1267 598 1301 De
623 1267 737 1314 figura
761 1267 858 1302 vocis
881 1266 959 1301 satis
983 1265 1056 1301 dic-

383 1325 460 1351 tum
485 1315 556 1350 est:
585 1327 677 1350 nunc
703 1316 747 1350 de
775 1315 930 1363 corporis
956 1324 1055 1350 motu

382 1365 568 1400 dicendum
586 1364 736 1400 videtur.
772 1363 897 1399 Motus
913 1363 961 1398 est
980 1374 1054 1398 cor-

382 1413 476 1461 poris
503 1413 630 1460 gcstuS,
654 1422 690 1448 et
718 1413 839 1448 vultus
865 1412 1055 1448 moderatio

383 1462 560 1517 quaedam,
593 1473 676 1509 quae
705 1462 943 1509 pronuntianti
972 1472 1054 1497 con-

387 1510 491 1554 venit,
523 1520 558 1546 et
590 1510 828 1565 probabiliora
861 1510 972 1546 reddit
1004 1521 1055 1553 ea,

383 1571 468 1607 quae
485 1560 764 1607 pronuntiantur.
799 1559 1001 1596 Convenit
993 1559 1056 1606 1gi-

383 1618 443 1643 tur
470 1608 504 1643 in
523 1608 626 1643 vultu
654 1609 823 1656 pudorem
850 1619 883 1643 et
912 1609 1056 1643 acrimo-

385 1657 477 1692 niam
494 1658 579 1699 effe,
600 1656 633 1692 in
651 1657 748 1705 gestu
769 1669 829 1693 nec
843 1658 1056 1693 venustatem

385 1705 618 1753 conspicuam,
634 1719 694 1741 nec
709 1707 962 1761 turpitudinem
979 1708 1056 1749 esse,

386 1767 428 1790 ne
445 1766 504 1790 aut
523 1754 714 1798 histriones,
743 1766 802 1790 aut
818 1755 977 1803 operarii,
1004 1756 1055 1790 vi-

386 1804 530 1838 deamur
563 1804 636 1839 effe.
691 1805 751 1839 Ad
785 1805 916 1839 easdem
952 1805 1058 1851 igitur

385 1863 510 1900 partes,
538 1852 572 1887 in
600 1865 688 1901 quas
710 1865 778 1888 vox
798 1853 845 1888 est
862 1850 1056 1896 distributa,

385 1912 501 1936 motus
519 1914 663 1949 quoque
681 1902 835 1947 corporis
854 1902 940 1937 ratio
963 1902 1055 1937 vide-

385 1959 443 1986 tur
466 1951 530 1985 effe
556 1951 859 1986 accommodanda.
912 1952 1008 1987 Nam
1034 1951 1057 1985 si

384 1999 448 2034 erit
473 1999 580 2035 sermo
609 2012 690 2034 cum
716 2000 906 2047 dignitate,
935 2000 1058 2035 stantes

386 2048 421 2082 in
437 2048 593 2096 vestigio,
621 2049 687 2084 levi
705 2049 855 2084 dexterae
882 2059 980 2084 motu
1004 2049 1055 2083 lo-

386 2097 448 2143 qui
481 2098 669 2144 oportebit,
705 2097 884 2141 hilaritate,
911 2097 1056 2142 tristitia,

387 2145 620 2181 mediocritate
649 2147 769 2182 vultus
812 2147 854 2181 ad
896 2146 1057 2182 sermonis

388 2193 566 2229 sententias
583 2196 852 2231 accommodata.
904 2195 965 2231 Sin
994 2195 1058 2231 erit

389 2243 424 2277 in
449 2242 734 2280 demonstratione
766 2245 893 2280 sermo·
886 2263 897 2287 ·,
932 2245 1058 2293 paulu-

389 2292 464 2326 lum
483 2303 610 2338 corpus
640 2305 659 2327 a
683 2294 874 2329 cervicibus
901 2294 1058 2329 demitte-

389 2351 479 2375 mus.
532 2341 624 2376 Nam
648 2341 713 2376 hoc
738 2343 786 2377 est
809 2355 827 2377 a
853 2353 974 2378 natura
999 2343 1058 2377 da-

389 2399 480 2429 tum,
507 2399 546 2423 ut
564 2401 671 2436 quam
694 2391 850 2438 proxime
879 2402 955 2427 tum
983 2392 1061 2427 vul-

391 2447 466 2472 tum
487 2437 732 2473 admoveamus
758 2440 801 2474 ad
826 2441 1010 2483 auditores,
1039 2441 1062 2475 si

390 2498 498 2533 quam
516 2499 586 2522 rem
604 2488 725 2523 docere
742 2500 812 2531 eos,
829 2499 864 2524 et
881 2490 1062 2525 vehemen-

1488 246 1566 284 111.

1104 348 1155 374 ter
1173 336 1329 386 instigare
1345 339 1504 375 velimus.
1559 339 1618 376 Sin
1647 341 1711 376 erit
1741 342 1774 377 in

1103 387 1294 422 narratione
1311 387 1440 430 senno,
1469 389 1559 424 idern
1578 399 1693 425 motus
1713 403 1774 436 po-

1103 436 1181 471 terit
1209 437 1352 471 idoneus
1381 438 1455 479 effe,
1482 439 1544 485 qui
1568 439 1673 485 paulo
1698 450 1775 474 ante

1102 484 1425 520 demonstrabatur
1418 498 1451 520 in
1483 487 1660 534 dignitate.
1714 488 1774 524 Sin

1103 534 1136 568 in
1156 532 1357 580 jocatione,
1384 534 1487 569 vultu
1516 537 1690 582 quandam
1716 537 1774 571 de-

1104 583 1264 618 bebimus
1284 583 1487 618 hilaritatem
1506 584 1707 631 significare,
1734 585 1775 620 si-

1105 644 1146 666 ne
1163 634 1434 667 commutatione
1451 633 1576 679 gestus.
1629 634 1664 668 Si
1694 645 1775 669 con-

1104 681 1286 716 tendemus
1339 692 1399 727 per
1455 682 1775 724 continuationem·,

1105 730 1246 765 brachio
1276 730 1388 772 celeri,
1417 730 1539 765 mobili
1567 731 1682 772 vultu,
1709 732 1776 766 acri

1105 779 1254 826 aspectu,
1298 789 1446 815 utemur.
1499 779 1559 814 Sin
1602 780 1779 815 contentio

1106 828 1165 862 fiet
1183 840 1243 875 per
1259 827 1320 862 difl
1328 827 1560 870 ributionem·‚
1581 828 1678 863 celeri
1697 840 1778 877 por·

1107 876 1255 911 rectione
1298 876 1441 919 brachii,
1494 876 1778 920 inambulatione,

1699 245 1774 302 187

1105 925 1201 973 pedis
1219 926 1329 960 dextri
1350 937 1423 960 rara
1440 925 1691 981 supplaufione,
1710 927 1779 962 acri

1105 984 1140 1009 et
1169 974 1285 1009 defixo
1318 974 1468 1022 aspectu,
1506 975 1555 1009 uti
1591 975 1778 1023 oportebit.

1107 1023 1165 1058 Sin
1189 1034 1327 1058 utemur
1343 1023 1611 1071 amplificatione
1636 1037 1697 1072 per
1720 1037 1780 1060 co-

1107 1072 1363 1114 hortationem,
1408 1073 1515 1120 paulo
1557 1074 1704 1109 tardiore
1746 1085 1779 1109 et

1105 1121 1366 1156 consideratiore
1390 1121 1486 1168 gestu
1514 1124 1695 1157 conveniet
1714 1124 1778 1164 uti,

1107 1169 1275 1204 similibus
1305 1170 1440 1205 caeteris
1469 1170 1584 1212 rebus,
1610 1181 1713 1226 atque
1745 1171 1778 1207 in

1107 1218 1326 1254 contentione
1367 1230 1426 1266 per
1472 1220 1778 1257 continuationem.

1107 1267 1166 1302 Sin
1186 1277 1324 1302 utemur
1343 1267 1611 1315 amplificatione
1624 1281 1684 1315 per
1696 1281 1777 1304 con-

1105 1315 1332 1370 questionem,
1360 1315 1528 1351 foemineo
1555 1317 1722 1364 plangore
1745 1328 1780 1353 et

1106 1364 1228 1412 capitis
1260 1365 1343 1406 fietu,
1382 1376 1635 1412 nonnunquam
1666 1366 1781 1401 sedato

1104 1423 1138 1448 et
1156 1413 1324 1448 constanti
1349 1414 1460 1461 gestu,
1488 1413 1609 1449 maesto
1638 1425 1671 1450 et
1696 1427 1779 1451 con-

1105 1462 1248 1497 turbato
1264 1462 1380 1504 vultu,
1399 1463 1449 1498 uti
1467 1463 1654 1510 oportebit.
1694 1465 1780 1499 Non

1107 1510 1181 1546 sum
1205 1511 1349 1566 nescius,
1376 1521 1549 1559 quantum
1579 1512 1780 1569 susceperim

1109 1560 1250 1607 negotii,
1278 1561 1339 1607 qui
1359 1571 1475 1596 motus
1494 1563 1648 1608 corporis
1666 1563 1779 1610 expri-

1109 1621 1199 1644 mere
1218 1609 1311 1644 verb³
1316 1622 1343 1652 s,
1372 1610 1496 1644 imitari
1526 1611 1691 1658 leriptura
1722 1623 1780 1647 co-

1108 1668 1208 1693 natus
1227 1659 1287 1693 sim
1306 1670 1420 1693 voces.
1469 1659 1600 1694 Verum
1619 1672 1680 1695 nec
1713 1660 1780 1696 hoc

1108 1707 1255 1743 confisus
1273 1707 1346 1741 lum
1365 1707 1458 1754 posse
1479 1707 1564 1751 fieri,
1592 1719 1631 1743 ut
1658 1710 1700 1743 de
1727 1710 1779 1745 his

1108 1757 1210 1791 rebus
1228 1756 1303 1790 latis
1322 1756 1504 1790 commode
1525 1757 1623 1792 scribi
1645 1758 1779 1805 posset,

1108 1817 1183 1847 nec,
1218 1805 1241 1839 si
1274 1804 1309 1839 id
1339 1805 1411 1839 fieri
1443 1817 1511 1840 non
1543 1807 1663 1853 posset,
1700 1807 1780 1849 hoc,

1107 1854 1205 1901 quod
1247 1852 1326 1896 feci,
1364 1852 1440 1889 fore
1478 1854 1563 1889 utile
1599 1855 1780 1902 putabam,

1108 1913 1289 1957 propterea
1306 1903 1404 1950 quod
1435 1902 1488 1937 hic
1516 1904 1698 1939 admonere
1722 1917 1780 1939 vo.

1108 1951 1250 1993 luimus,
1283 1952 1379 1998 quod
1400 1962 1611 2006 oporteret.
1649 1954 1781 2000 reliqua

1108 2001 1281 2036 trademus
1298 2000 1543 2036 exercitationi.
1597 2002 1681 2037 Hoc
1700 2002 1782 2037 scire

1107 2060 1220 2084 tamen
1262 2059 1424 2097 oportet,
1463 2051 1780 2097 pronuntiationem

1108 2100 1235 2134 bonam
1254 2098 1289 2132 id
1308 2098 1481 2146 perficere,
1509 2109 1548 2134 ut
1575 2112 1625 2135 res
1647 2112 1689 2135 ex
1708 2101 1778 2135 ani-

1108 2159 1167 2183 mo
1195 2147 1249 2195 agi
1277 2149 1443 2183 videatur.
1496 2149 1605 2184 Nunc
1636 2150 1679 2183 ad
1706 2149 1778 2183 the-

1108 2196 1244 2232 saurum
1272 2197 1505 2239 inventorum,
1534 2207 1638 2245 atque
1666 2198 1780 2232 omni-

1110 2258 1170 2281 um
1202 2245 1352 2293 partium
1383 2246 1561 2282 rhetoricae
1589 2246 1779 2290 custodem,

1110 2294 1309 2330 memoriam
1329 2294 1545 2329 transeamus.

1159 2344 1263 2379 XVI.
1301 2343 1475 2378 Memoria
1510 2352 1627 2378 utrum
1658 2343 1781 2379 habeat

1111 2393 1305 2440 quidquam
1336 2392 1520 2435 artificiofi,
1548 2404 1589 2428 an
1618 2394 1730 2428 omnis
1762 2405 1782 2428 a

1112 2451 1233 2476 natura
1250 2440 1496 2488 proficiscatur,
1523 2441 1616 2477 aliud
1646 2442 1782 2477 dicendi

1113 2500 1251 2538 ternpus
1289 2489 1399 2537 magis
1432 2490 1595 2527 idoneum
1630 2491 1781 2527 dabitur.

1335 2588 1478 2627 Aa2
