2335 3009
538 260 620 302 228

539 356 717 399 lacerarit3
745 355 844 392 stanti
869 357 1000 392 collum
1019 357 1135 405 gladio
1152 357 1211 392 sua

540 406 679 441 dextera
709 405 862 445 secuerit,
889 417 971 440 cum
998 406 1128 440 sinistra
1153 417 1208 440 ca-

539 454 665 507 pillum
688 453 761 500 ejus
784 465 803 487 a
827 454 952 489 vertice
979 465 1126 495 teneret;
1153 466 1208 489 ea-

541 512 608 550 put
635 502 693 537 sua
721 514 824 537 manu
855 503 984 544 tulerit,
1010 515 1090 537 cum
1120 503 1208 538 inter

541 551 670 597 digitos
685 549 759 596 eius
777 550 840 585 rivi
856 550 1026 597 sanguinis
1045 551 1208 586 fluerent:

543 599 606 647 qui
640 600 755 645 postea
786 611 868 634 cum
904 599 1136 641 histrionibus,
1178 609 1212 633 et

543 659 626 683 cum
642 647 905 695 gladiatoribus,
924 648 972 682 ita
987 648 1088 690 vixit,
1107 658 1146 682 ut
1163 647 1212 682 al-

545 706 634 731 teros
669 696 835 737 libidinis,
885 697 1007 730 alteros
1039 695 1214 737 facinoris,

545 743 716 791 adjutores
745 745 902 779 haberet:
930 744 992 791 qui
1015 745 1152 779 nullum
1181 744 1215 779 in

544 793 663 828 locum
682 803 751 827 tam
769 793 921 827 sanctum
939 804 976 826 ac
991 803 1061 827 tarn
1081 791 1215 839 religio-

545 841 620 876 sum
648 842 792 883 accessit,
820 841 853 875 in
881 853 954 887 quo
981 853 1063 883 non,
1088 841 1146 876 ets·
1179 841 1212 875 in

546 890 620 925 aliis
635 890 738 936 culpa
759 901 827 924 non
849 890 940 929 effet,
967 900 1080 924 tamen
1097 901 1138 924 ex
1157 889 1215 924 sua

547 938 701 986 nequitia
724 937 898 972 dedecoris
917 937 1139 985 suspicionem
1165 950 1213 973 re-

546 987 739 1034 linqueret:
767 987 829 1033 qui
852 998 893 1020 ex
917 986 1012 1020 curia
1034 987 1160 1021 Curios
1181 997 1216 1021 et

545 1035 708 1076 Annios·‚
735 1035 778 1070 ab
801 1035 892 1069 atriis
914 1035 1052 1081 Sapalas
1073 1045 1107 1070 et
1129 1035 1212 1070 Car-

545 1084 672 1125 vilios·,
699 1095 742 1118 ex
763 1083 908 1130 equestri
927 1083 1046 1118 ordine
1069 1083 1213 1130 Pompi-

546 1131 611 1167 lios
643 1142 677 1166 et
712 1132 860 1171 Vettios,
903 1131 964 1165 fibi
999 1131 1215 1166 amicissimos

546 1179 783 1226 comparavit3
803 1180 863 1226 qui
882 1189 1016 1214 tantum
1036 1179 1138 1214 habet
1155 1191 1215 1214 au-

545 1228 669 1270 daciae,
704 1238 838 1262 tanturn
868 1228 1045 1275 nequstiae,
1079 1238 1215 1263 tantum

547 1277 696 1324 denique
714 1276 748 1311 in
766 1275 908 1311 libidine
922 1276 1000 1311 artis
1017 1287 1052 1311 et
1067 1277 1215 1312 efficaci-

547 1327 638 1368 tatis,
667 1335 705 1360 ut
732 1337 840 1372 prope
866 1325 901 1360 in
930 1335 1112 1372 parentum
1140 1338 1214 1373 gre·

549 1374 627 1409 miis
653 1383 874 1420 praetextatos
914 1374 1038 1409 liberos
1078 1375 1213 1409 constu-

548 1422 687 1470 prarit?
728 1422 828 1470 Qid
862 1434 928 1468 ego
958 1434 1049 1457 nunc
1080 1422 1144 1457 tibi
1174 1423 1217 1458 de

548 1470 700 1511 Africa·,
741 1470 827 1517 quid
862 1471 905 1504 de
938 1471 1074 1506 testium
1115 1471 1216 1506 distis

548 1519 721 1555 scribam?
751 1519 846 1553 Nota
859 1519 948 1561 sunt,
974 1529 1008 1554 et
1028 1531 1067 1554 ea
1092 1529 1130 1554 tu
1156 1519 1215 1554 sae-

548 1569 628 1615 pius
657 1568 772 1615 legito.
816 1568 882 1602 Sed
914 1579 1025 1603 tamen
1055 1568 1120 1604 hoc
1153 1568 1215 1603 mi-

549 1617 584 1652 hi
610 1628 679 1652 non
709 1616 1040 1663 praetermittendum
1065 1617 1215 1658 videtur,

548 1665 645 1712 quod
671 1666 823 1712 primum
846 1677 887 1700 ex
915 1677 957 1700 eo
980 1664 1116 1711 judicio
1146 1677 1215 1700 tam

547 1726 650 1761 egens
667 1713 820 1754 disceflit,
841 1726 948 1760 quam
966 1714 1108 1760 quidam
1121 1713 1216 1762 judi-

548 1774 605 1798 ces
630 1761 703 1809 ejus
728 1772 805 1796 ante
832 1762 918 1797 illud
939 1761 1114 1809 judicium
1141 1762 1215 1798 fue-

550 1821 653 1846 runt:
690 1811 812 1846 deinde
841 1821 910 1845 tam
940 1811 1138 1853 invidiosus,
1179 1822 1218 1847 ut

549 1859 643 1895 aliud
679 1859 713 1894 in
742 1871 823 1894 eum
849 1859 1023 1905 judicium
1058 1860 1216 1907 quotidie

550 1908 734 1955 flagitetur.
778 1907 852 1942 Hic
884 1909 915 1943 se
945 1908 989 1943 slc
1022 1909 1135 1951 habet,
1176 1919 1216 1944 ut

550 1957 659 2003 magis
691 1956 820 1998 timeat,
861 1957 988 1991 etiamsi
1023 1958 1217 2004 quieverit,

549 2017 656 2052 quam
681 2015 719 2039 ut
737 2014 946 2047 contemnat,
973 2005 996 2040 sl
1015 2007 1101 2053 quid
1123 2019 1216 2041 com-

550 2053 707 2089 moverit.
740 2054 898 2107 'Qanto
920 2053 1039 2089 melior
1062 2055 1124 2089 tibi
1147 2055 1215 2090 for-

549 2112 633 2138 tuna
650 2101 825 2149 petitionis
841 2102 921 2138 data
936 2102 997 2144 est,
1027 2115 1132 2149 quam
1152 2115 1217 2138 nu-

549 2163 610 2199 per
633 2150 762 2185 homini
787 2161 892 2191 novo,
919 2151 961 2185 C.
985 2151 1126 2186 Caelio?
1156 2152 1216 2187 Ille

548 2211 630 2234 cum
653 2199 793 2234 duobus
821 2198 1020 2234 hominibus
1046 2200 1091 2234 ita
1118 2200 1215 2234 nobi-

549 2247 678 2283 lissimis
706 2247 856 2295 petebat,
900 2257 938 2282 ut
970 2258 1082 2283 tamen
1112 2249 1144 2283 in
1177 2249 1214 2283 iis

547 2297 664 2332 omnia
698 2295 807 2344 pluris
850 2296 966 2338 cffcnt,
1004 2309 1110 2344 quam
1147 2297 1215 2344 ipsa

549 2345 730 2383 nobilita53
750 2345 882 2380 summa
901 2345 1046 2391 ingenia,
1062 2345 1216 2380 summus

548 2394 674 2441 pudor,
702 2393 851 2440 plurima
883 2393 1058 2436 beneficia,
1085 2394 1216 2429 sumina

548 2443 634 2477 ratio
657 2454 693 2476 ac
713 2442 890 2489 diligentia
915 2443 1070 2488 petendi:
1099 2452 1212 2477 tamen

543 2503 664 2527 eorum
683 2491 827 2526 alterum
841 2490 986 2533 Caelius,
1010 2491 1112 2528 etiam
1131 2503 1212 2527 eum

881 263 988 302 DE
1046 260 1588 301 PETITIONE

1260 357 1373 392 multo
1400 357 1481 392 effet
1504 354 1644 392 inferior
1669 366 1803 402 genere,
1830 353 1929 403 supe-

1259 406 1328 441 rior
1345 406 1441 441 nulla
1458 417 1493 441 re
1510 417 1607 453 pene,
1626 404 1808 452 superavit.
1828 405 1929 450 Qa-

1262 466 1308 495 re,
1334 454 1357 490 si
1387 453 1490 489 facies
1505 465 1546 489 ea
1567 465 1650 500 quae
1667 452 1731 488 tibi
1751 462 1871 487 natura
1895 462 1931 487 et

1257 502 1380 544 studia,
1403 502 1534 549 quibus
1551 501 1630 537 usus
1646 513 1681 536 es
1698 501 1840 556 semper,
1863 500 1929 535 lar-

1260 551 1428 598 giuntur;
1454 562 1537 597 quae
1566 548 1731 597 temporis
1762 550 1813 584 tui
1843 548 1932 584 ratio

1259 599 1447 639 defiderat;
1464 610 1546 645 quae
1563 608 1686 646 potes·,
1704 609 1786 645 quae
1801 597 1930 638 debes·,

1261 660 1329 683 non
1349 647 1413 682 erit
1435 646 1576 682 difficile
1593 656 1762 682 certamen
1786 657 1868 681 cum
1892 645 1931 680 iis

1263 695 1563 744 competitoribus,
1607 694 1669 742 qui
1712 705 1934 742 nequaquam

1264 745 1342 780 sunt
1375 753 1446 779 tam
1474 756 1597 792 genere
1626 743 1782 791 insignes,
1825 755 1932 797 qua—m

1264 793 1358 828 vitiis
1383 792 1526 828 nobiles.
1569 792 1663 839 Quis
1679 792 1771 827 enim
1795 791 1932 846 reperiri

1263 841 1373 889 potest
1391 851 1461 876 tam
1480 841 1660 888 improbus
1676 840 1776 883 civis,
1793 841 1855 887 qui
1874 851 1932 875 ve-

1265 890 1304 925 lit
1331 901 1402 925 uno
1423 890 1586 937 suffragio
1602 889 1715 925 duas'
1707 901 1742 925 in
1768 888 1932 936 rempub-

1265 938 1366 973 licam
1385 938 1466 974 ficas
1483 938 1703 992 distringere.
1695 937 1708 963 ³

1314 987 1584 1041 1V.Qon·iam
1608 986 1728 1033 igitur,
1753 996 1836 1032 quae
1851 984 1931 1020 sub·

1264 1034 1347 1070 sidia
1376 1035 1538 1070 novitatis
1569 1034 1720 1076 haberes,
1745 1044 1779 1069 et
1808 1033 1933 1070 habere

1263 1084 1386 1130 poffes,
1403 1082 1571 1137 exposui3
1599 1093 1692 1117 nunc
1705 1082 1748 1118 de
1761 1082 1933 1130 magnitu-

1263 1131 1344 1166 dine
1370 1131 1544 1179 petitionis
1574 1131 1760 1166 dicendum
1786 1131 1933 1168 videtur.

1265 1180 1529 1215 CONSULATUM
1551 1191 1683 1221 Ρετις·,
1702 1191 1775 1226 quo
1793 1179 1934 1222 honore,

1266 1240 1367 1264 nerno
1383 1228 1442 1268 est.
1463 1228 1524 1276 qui
1543 1238 1576 1264 te
1593 1240 1662 1263 non
1680 1229 1827 1276 dignum
1845 1229 1935 1264 arbi·

1265 1287 1396 1319 tretur·,
1423 1276 1477 1312 sed
1508 1276 1585 1313 sunt
1612 1277 1726 1318 multi,
1753 1277 1816 1324 qui
1846 1277 1934 1313 invi-

1265 1326 1377 1361 deant.
1421 1325 1514 1361 Petis
1530 1325 1620 1360 enim
1641 1325 1746 1361 homo
1757 1338 1800 1361 ex
1816 1326 1934 1380 eques-

1266 1375 1309 1409 tri
1340 1375 1418 1410 loco
1436 1374 1552 1409 locum
1570 1373 1744 1409 summum
1762 1374 1930 1410 civitatis·
1922 1403 1934 1417 ,

1266 1433 1370 1470 atque
1395 1423 1441 1458 ita
1462 1422 1648 1464 summum,
1677 1433 1715 1458 ut
1737 1422 1819 1458 forti
1845 1423 1937 1466 viro,

1266 1472 1401 1513 dilerto,
1428 1471 1613 1514 innocenti,
1641 1472 1753 1507 multo
1771 1472 1861 1507 idem
1879 1473 1936 1508 ille

1267 1520 1374 1555 honos
1417 1520 1496 1567 plus
1533 1519 1784 1567 amplitudinis,
1826 1532 1935 1568 quam

1265 1569 1411 1611 caeoeris,
1437 1568 1565 1604 afferat.
1603 1568 1687 1604 Noli
1705 1579 1839 1617 putare,
1864 1581 1936 1614 eos,

1266 1617 1327 1664 qui
1346 1617 1422 1652 sunt
1439 1629 1480 1652 eo
1498 1617 1626 1653 honore
1645 1617 1707 1660 ufi,
1720 1630 1789 1653 non
1807 1618 1935 1661 videre,

1267 1676 1318 1708 tu,
1349 1678 1430 1701 cum
1462 1666 1552 1701 idern
1581 1666 1622 1701 sis
1651 1667 1809 1714 adeptus,
1847 1667 1935 1714 quid

1266 1715 1442 1762 dignitatis
1462 1715 1642 1750 habiturus
1670 1715 1735 1750 sis:
1763 1727 1820 1750 eos
1838 1728 1934 1759 vero,

1266 1776 1328 1811 qui
1356 1763 1591 1799 consularibus
1621 1762 1760 1799 familiis
1787 1764 1855 1799 nati
1884 1765 1934 1799 lo-

1267 1824 1349 1847 cum
1373 1810 1543 1859 majorum
1564 1811 1734 1848 consecuti
1754 1825 1823 1847 non
1845 1812 1935 1855 sunt,

1265 1860 1427 1908 suspicor,
1455 1860 1532 1902 tibi,
1564 1860 1624 1896 nisi
1654 1860 1715 1908 qui
1745 1861 1934 1897 admodum

1266 1919 1298 1944 te
1322 1919 1453 1952 amant,
1479 1909 1639 1944 invidere.
1682 1909 1798 1945 Etiam
1825 1922 1935 1945 novos

1268 1959 1422 1994 homines
1441 1959 1635 2006 praetorios,
1668 1958 1838 2000 existimo,
1875 1959 1935 1994 nisi

1269 2008 1330 2054 qui
1351 2017 1412 2042 tuo
1431 2007 1597 2042 beneficio
1616 2007 1720 2042 vincti
1739 2006 1826 2049 sunt,
1846 2008 1936 2043 nolle

1267 2056 1329 2091 abs
1347 2066 1378 2090 te
1397 2055 1427 2091 se
1449 2055 1578 2091 honore
1601 2055 1635 2090 su
1683 2055 1757 2090 rari.
1800 2056 1880 2100 jam
1901 2056 1935 2092 in

1268 2105 1402 2151 populo
1433 2116 1539 2151 quam
1578 2067 1680 2139 multi
1714 2103 1822 2140 invidi
1859 2105 1933 2147 sint,

1266 2164 1372 2199 quam
1403 2152 1504 2187 multi
1534 2151 1778 2187 consuetudine
1810 2153 1934 2189 horum

1266 2212 1434 2236 annorum
1453 2201 1497 2236 ab
1521 2200 1718 2237 hominibus
1738 2202 1836 2237 novis
1854 2202 1932 2237 alie-

1266 2248 1349 2292 nati,
1375 2249 1489 2284 venire
1517 2250 1579 2284 tibi
1607 2250 1640 2285 in
1664 2260 1811 2285 mentem
1839 2261 1934 2286 certo

1267 2298 1344 2333 scio.
1397 2298 1474 2333 Effe
1507 2299 1609 2333 etiam
1650 2300 1835 2334 nonnullos
1870 2299 1933 2334 tibi

1267 2347 1368 2381 iratos
1385 2359 1426 2381 ex
1448 2350 1485 2381 iis
1503 2347 1622 2388 caulis,
1642 2359 1730 2394 quas
1746 2347 1856 2395 egisti,
1876 2360 1931 2383 ne·

1266 2395 1349 2429 cell‘e
1366 2395 1423 2431 est.
1477 2396 1556 2440 jam
1582 2396 1666 2431 illud
1691 2406 1764 2432 tute
1784 2396 1931 2432 circum-

1264 2443 1397 2491 spicite.
1419 2445 1515 2491 quod
1535 2445 1576 2478 ad
1595 2445 1660 2479 Cn.
1683 2445 1837 2492 Pompeii
1855 2445 1932 2492 glo-

1264 2494 1347 2527 riam
1367 2494 1557 2540 augendam
1582 2504 1678 2530 tanto
1695 2493 1807 2530 studio
1826 2504 1857 2530 te
1875 2494 1931 2530 de-
