2335 3009
539 247 619 275 200

539 333 592 368 hic
620 331 679 374 illi,
705 329 906 375 considerabo,
957 329 1030 371 Post
1057 329 1109 365 ille
1137 329 1210 365 huic

541 383 712 416 convicium
738 380 833 426 fecit,
872 387 902 414 et
929 381 1027 425 magis
1059 379 1210 426 magisqffl

535 429 739 476 praesentibus
755 428 859 463 multis
881 427 1042 462 clamavit.
1086 427 1116 461 F
1120 428 1209 462 rivo-

542 479 596 513 lus
615 477 668 512 hic
687 477 828 525 quidem
840 475 913 523 jam
924 485 958 511 et
976 475 1149 510 illiberalis
1161 475 1209 510 est

541 527 660 562 sermo.
714 526 796 561 Non
821 525 912 560 enim
930 524 1075 571 adeptus
1090 523 1137 558 est
1161 523 1208 565 id,

542 575 639 622 quod
658 574 759 609 habet
777 583 949 609 attenuata
966 573 1088 619 figura,
1114 572 1210 619 puris

543 623 656 658 verbis
683 633 716 658 et
740 622 854 658 electis
881 620 1106 668 compofitam
1135 631 1210 655 ora-

543 673 683 708 tionem.
736 673 852 707 Omne
885 681 993 718 genus
1025 669 1209 711 orationis,

542 731 576 756 et
593 732 708 768 grave,
734 730 768 755 et
797 720 978 761 mediocre,
1003 727 1037 753 et
1055 725 1208 752 attenua-

542 779 632 812 tum,
658 769 824 816 dignitate
840 767 994 802 afficiunt
1017 766 1209 801 exornatio-

543 830 614 860 nes,
651 818 693 852 de
723 817 854 864 quibus
891 815 1208 862 post‘loquemur:

543 878 625 914 quae
644 866 667 901 si
699 877 782 900 rarae
810 864 1045 912 disponentur,
1072 862 1211 898 distinc-

543 925 627 957 tam,
657 914 755 950 sicuti
789 913 989 954 coloribus;
1028 911 1053 946 si
1082 911 1212 946 crebrae

543 963 833 1003 collocabuntur,
875 961 1020 997 oblitam
1064 960 1212 995 reddunt

542 1012 743 1048 orationem.
764 1011 831 1046 Sed
849 1011 995 1057 figuram
1014 1009 1048 1044 in
1065 1009 1213 1044 dicendo

543 1060 750 1096 commutari
791 1068 952 1107 oportet,
991 1068 1031 1093 ut
1071 1069 1212 1105 gravem

544 1108 738 1150 mediocris,
764 1107 970 1142 mediocrem
995 1105 1147 1153 excipiat
1163 1115 1212 1141 at-

543 1167 692 1192 tenuata.
743 1156 878 1191 Deinde
907 1155 1091 1190 identidem
1118 1165 1212 1199 con)-

545 1215 735 1247 mutentur,
763 1214 802 1239 ut
830 1203 932 1239 facile
957 1203 1087 1238 satietas
1104 1202 1212 1238 varie-

544 1264 613 1290 tate
631 1254 768 1289 vitetur.

594 1304 676 1338 XII.
704 1301 897 1351 Qoniam,
913 1301 1044 1348 quibus
1063 1300 1096 1336 in
1114 1312 1214 1348 gene-

546 1351 641 1387 ribus
658 1351 809 1388 elocutio
833 1350 952 1385 versari
981 1350 1115 1392 debeat,
1141 1349 1212 1384 dic-

547 1411 623 1436 tum
640 1400 700 1443 est,
727 1399 904 1434 videamus
924 1411 1028 1441 nunc,
1054 1409 1140 1445 quas
1163 1410 1214 1433 res

547 1449 668 1484 debeat
696 1448 817 1484 habere
844 1447 996 1482 elocutio
1030 1447 1214 1482 commoda

545 1508 580 1533 et
606 1496 765 1545 perfecta.
811 1497 907 1544 Qiae
930 1495 1078 1531 maxime
1095 1497 1213 1530 admo-

546 1547 632 1582 dum
649 1545 775 1582 oratori
793 1545 1052 1580 accommodata
1067 1543 1126 1587 est,
1149 1553 1215 1579 tres

548 1608 598 1630 res
617 1595 650 1630 in
670 1595 700 1630 se
723 1594 825 1629 debet
843 1593 974 1633 habere,
999 1593 1214 1643 elegantiam,

546 1643 844 1698 compositionem,
870 1642 1082 1689 dignitatem.
1134 1642 1214 1676 Ele-

546 1703 663 1740 gantia
689 1692 749 1734 est,
775 1703 858 1739 quae
887 1689 983 1732 facit,
1019 1700 1059 1726 ut
1090 1703 1215 1725 unum-

546 1741 706 1788 quidque
722 1751 808 1788 pure
825 1750 858 1774 et
876 1750 990 1787 aperte
1018 1739 1086 1774 dici
1104 1739 1217 1774 videa.

547 1799 615 1825 tur.
667 1789 760 1826 Haec
778 1787 996 1824 distribuitur
1019 1787 1054 1823 in
1073 1788 1217 1823 latinita-

547 1847 618 1874 tem
646 1848 680 1874 et
707 1837 995 1885 explanationem.
1048 1837 1218 1872 Latinitae

547 1887 608 1930 est,
635 1898 716 1934 quae
734 1886 920 1922 sermonem
939 1899 1067 1933 purum
1086 1885 1216 1921 conser-

549 1945 622 1978 vat,
649 1936 693 1971 ab
710 1934 805 1970 omni
825 1934 910 1970 vitio
934 1945 1115 1970 remotum.
1155 1935 1217 1969 Vi-

550 1984 598 2019 tia
616 1984 649 2019 in
675 1984 836 2026 sermone,
863 1995 936 2030 quo
959 1984 1072 2019 minus
1103 1983 1128 2018 is
1147 1983 1219 2018 lati.

551 2044 616 2068 nus
634 2033 686 2074 sit,
713 2033 785 2068 duo
803 2033 942 2079 possunt
957 2033 1046 2075 esse·,
1073 2031 1219 2067 soloecis-

550 2093 642 2124 mus,
667 2091 701 2116 et
719 2079 957 2116 barbarismus.
997 2081 1220 2116 Soloecismus

550 2130 611 2173 est,
653 2141 734 2165 cum
767 2129 881 2164 verbis
913 2129 1072 2176 pluribus
1106 2130 1219 2164 conse-

551 2189 661 2226 quens
689 2178 836 2213 verbum
868 2176 1028 2225 superiori
1062 2190 1129 2212 non
1166 2190 1219 2213 ac-

550 2228 806 2263 commodatur.
877 2227 1109 2261 Barbarismus
1151 2227 1220 2269 est,

550 2288 633 2311 cum
651 2276 796 2311 verbum
819 2274 961 2322 aliquod
981 2275 1097 2310 vitiose
1123 2275 1220 2310 effer-

552 2335 618 2360 tur.
671 2325 762 2360 Haec
789 2335 859 2371 qua
878 2324 1005 2359 ratione
1023 2324 1126 2358 vitare
1145 2324 1219 2371 pos-

553 2374 668 2414 simuS,
703 2374 735 2408 in
767 2385 836 2409 arte
866 2373 1100 2407 Grammatica
1129 2374 1219 2408 ‹iilu-

553 2424 627 2457 cidc
669 2422 846 2456 discemus.
900 2422 1110 2469 Fxpianmo
1151 2421 1220 2464 est,

552 2484 634 2518 qurt
654 2471 761 2506 reddit
793 2481 942 2518 apertam
972 2481 1005 2506 et
1034 2470 1220 2506 dilucidam

849 233 1627 275 RHETORICORUM

1259 331 1458 366 orationem.
1511 331 1565 366 Ea
1594 339 1814 378 comparatur
1842 331 1933 367 dua-·

1261 379 1326 414 bus
1344 380 1457 420 rebus,
1483 379 1613 415 usitatis
1630 380 1758 423 verbis,
1783 389 1817 415 et
1847 393 1927 428 pro-

1288 427 1354 463 riis.
1395 428 1531 463 Ufitata
1560 428 1638 463 sunt
1663 440 1714 470 ea,
1742 441 1823 474 quae
1852 441 1927 464 ver-

1273 486 1373 511 antur
1404 477 1438 511 in
1467 476 1616 512 sermone
1632 486 1667 511 et
1684 477 1929 512 consuetudine

1258 524 1470 572 quotidiana.
1522 525 1688 572 Propria,
1731 537 1812 572 quae
1855 525 1928 572 ejus

1261 573 1306 607 rei
1340 574 1446 608 verba
1474 572 1562 614 sunt,
1589 583 1649 608 aut
1677 571 1741 608 esse
1775 574 1926 621 poffunt,

1259 633 1331 668 qua
1346 621 1388 656 de
1408 621 1603 668 loquemur.
1648 621 1865 669 Compositio
1880 623 1929 657 est

1259 669 1446 704 verborum
1477 669 1697 713 constriiffi0,
1733 683 1816 717 quae
1846 669 1930 706 facit

1259 729 1377 753 omnes
1395 727 1506 766 partes
1523 717 1686 753 orationis
1712 719 1930 766 aequabiliter

1260 767 1458 814 perpolitas.
1512 767 1565 801 Ea
1590 766 1868 809 conservabitur,
1904 769 1929 804 fi

1261 813 1434 861 fugiemus
1465 815 1600 851 crebras
1632 816 1808 851 vocalium
1846 828 1927 851 con-

1260 863 1443 904 cursiones,
1461 875 1544 911 quae
1562 863 1691 899 vastam
1711 875 1815 912 atque
1834 865 1929 900 hian-

1261 922 1329 947 tem
1365 912 1553 948 orationem
1586 913 1746 955 reddunt,
1785 923 1825 949 ut
1863 914 1929 949 hoc

1260 960 1330 996 est:
1358 962 1468 997 Baccae
1482 973 1573 996 aeneae
1593 961 1790 1006 amaenffmae
1813 964 1929 1007 impen-

1261 1009 1383 1044 debant.
1436 1010 1484 1044 Et
1509 1009 1535 1044 si
1563 1009 1752 1045 vitabimus
1780 1009 1930 1057 ejusdem

1262 1058 1370 1093 literae
1405 1058 1543 1092 nimiam
1582 1058 1830 1094 assiduitatem:
1873 1059 1931 1094 cui

1263 1105 1350 1140 vitio
1398 1106 1512 1141 versus
1555 1106 1611 1141 hic
1652 1106 1716 1142 erit
1755 1108 1930 1155 exemplo.

1263 1154 1357 1189 Nam
1389 1154 1443 1189 hic
1474 1154 1557 1190 nihil
1576 1155 1737 1202 prohibet
1767 1156 1801 1190 in
1824 1157 1931 1198 vitiis,

1263 1202 1380 1238 alienis
1396 1203 1562 1251 exemplis
1581 1204 1643 1239 uti.
1695 1204 1726 1239 Ο
1743 1205 1828 1248 Tite,
1854 1213 1931 1247 tute,

1262 1252 1353 1294 Tati,
1379 1251 1439 1287 tibi
1454 1260 1562 1295 tanta,
1582 1260 1725 1298 tyranne,
1744 1253 1849 1299 tulisti.
1883 1254 1933 1290 Et

1264 1300 1319 1335 hic
1337 1299 1495 1347 ejusdem
1503 1310 1616 1349 poetae
1630 1315 1638 1336 τ
1658 1301 1836 1350 Qidquam
1849 1303 1933 1350 quis·

1262 1361 1354 1396 quam
1370 1351 1512 1403 cuiquam
1529 1350 1609 1398 quod
1621 1353 1794 1394 conveniat,
1821 1361 1932 1399 neget.

1263 1398 1325 1440 Et,
1351 1398 1375 1432 sl
1404 1398 1552 1445 ejusdem
1580 1399 1676 1434 verbi
1707 1399 1933 1436 affiduitatem

1264 1446 1404 1481 nimiam
1423 1446 1611 1483 fuoiemus.
1662 1447 1716 1484 Ea
1737 1447 1784 1483 est
1813 1447 1932 1496 hujus-

1264 1495 1383 1531 modi:
1441 1479 1527 1532 bizim
1560 1497 1648 1543 cujus
1675 1498 1810 1531 rationis
1848 1500 1934 1533 ratio

1265 1556 1324 1579 non
1354 1551 1449 1585 extet,
1486 1546 1515 1578 ei
1544 1546 1663 1580 rationi
1696 1547 1781 1580 ratio
1804 1558 1864 1580 non
1893 1547 1936 1590 est

1255 1592 1352 1636 fidem
1386 1593 1512 1629 habere.
1565 1594 1625 1635 Et,
1657 1593 1681 1629 si
1699 1605 1767 1629 non
1797 1604 1936 1631 utemur

1265 1642 1478 1677 continenter
1534 1641 1686 1678 similiter
1733 1643 1936 1680 cadentibus

1267 1690 1394 1733 verbis,
1427 1690 1492 1727 hoc
1523 1691 1651 1727 modo:
1691 1691 1828 1735 Flentes,
1865 1693 1935 1739 plo-

1265 1748 1382 1782 rantes,
1409 1739 1623 1783 lacrymantes,
1648 1741 1833 1784 obtestantes.
1874 1742 1934 1785 Et,

1269 1789 1291 1824 si
1310 1789 1496 1824 verborum
1515 1788 1787 1836 transjectionem
1810 1790 1935 1825 vitabi-

1269 1850 1359 1879 mus,
1386 1837 1446 1872 nisi
1474 1850 1555 1885 quae
1579 1837 1642 1873 erit
1659 1838 1838 1881 concinna,
1866 1851 1937 1886 qua

1267 1887 1310 1921 de
1328 1898 1362 1921 re
1389 1887 1555 1933 posterius
1583 1887 1778 1934 loquemur,
1805 1899 1878 1935 quo
1902 1890 1935 1923 in

1269 1935 1357 1970 vitio
1373 1935 1420 1969 est
1439 1935 1600 1971 Lucilius
1619 1935 1779 1977 adsiduus,
1808 1947 1846 1971 ut
1870 1937 1935 1972 hoc

1269 1983 1367 2019 estin
1387 1983 1499 2031 priore
1529 1984 1640 2019 libro:
1672 1985 1742 2019 Has
1770 1996 1817 2019 rcs
1842 1986 1886 2020 ad
1909 1993 1939 2020 te

1259 2034 1408 2078 scriptas,
1428 2033 1522 2074 Luci,
1548 2034 1693 2073 misimus,
1720 2033 1802 2068 AEli.
1852 2034 1937 2069 ltem

1271 2080 1391 2128 fugere
1417 2091 1554 2129 oportet
1584 2082 1722 2128 longam
1754 2082 1940 2118 verborum

1271 2130 1575 2171 continuationem,
1602 2142 1684 2178 quae
1714 2140 1747 2164 et
1775 2132 1940 2167 auditoris

1271 2190 1380 2219 aures,
1407 2188 1439 2213 et
1467 2179 1610 2214 oratoris
1634 2179 1802 2226 spiritum,
1830 2181 1937 2215 laedit.

1273 2227 1342 2261 His
1370 2226 1461 2262 vitiis
1491 2227 1522 2263 in
1547 2227 1792 2274 compositione
1810 2229 1939 2271 vitatis,

1273 2275 1444 2323 reliquum
1467 2277 1579 2324 operis
1605 2276 1874 2313 consumendum
1892 2278 1957 2313 est·

1271 2324 1303 2359 in
1323 2324 1500 2372 dignitate.

1320 2373 1424 2408 Xlll.
1450 2373 1610 2421 Dignitas
1638 2374 1697 2415 est,
1724 2386 1805 2422 quae
1831 2375 1940 2411 reddit

1269 2433 1422 2456 ornatam
1455 2423 1643 2458 orationem
1678 2424 1838 2458 varietate
1874 2424 1938 2459 dis-

1271 2471 1441 2519 tinguens.
1496 2472 1587 2508 Haec
1620 2472 1653 2508 in
1689 2472 1874 2508 verborum
1905 2483 1939 2509 ct
