2335 3009
567 239 661 276 AD
719 237 789 288 Q
835 232 1203 273 FRATREM
1259 233 1396 275 ΜΒ.
1447 238 1525 277 111.
1696 241 1746 292 63

356 352 442 392 quae
471 345 551 375 tam
577 334 750 387 antiquis
779 332 1013 371 hominibus
1045 331 1316 378 attribuerem,
1347 347 1391 372 ea
1421 333 1547 374 visum
1579 337 1628 375 iri
1660 338 1749 378 fieta

357 404 458 442 effe:
490 401 705 439 oratorium
726 399 944 437 sermonem
965 399 1007 436 in
1028 398 1108 436 illis
1130 398 1270 436 nostris
1291 399 1419 445 libris,
1450 402 1557 454 quod
1586 404 1676 443 effet
1701 405 1749 444 de

357 468 506 506 ratione
526 465 699 510 dicendi,
731 464 834 502 belle
854 478 874 502 a
895 478 958 502 me
979 463 1195 509 removifi‘e,
1227 463 1273 501 ad
1304 477 1369 502 eos
1400 475 1530 505 tamen
1563 470 1749 517 retulisse,

357 545 456 586 quos
478 532 559 585 ipse
578 531 753 569 vidiffem
773 545 782 569 :
816 530 1068 568 Aristotelem
1088 529 1274 582 denique,
1305 543 1393 582 quae
1414 531 1460 568 de
1482 534 1683 585 republica
1710 547 1751 576 et

356 598 559 652 praestante
579 598 664 636 viro
684 597 841 641 scribat,
872 596 1003 649 ipsum
1023 595 1150 648 loqui.
1184 596 1418 634 Commovit
1439 610 1517 642 me,
1538 607 1578 636 et
1597 613 1642 638 eo
1663 614 1750 639 ma-

355 665 432 718 gis,
463 664 571 717 quod
591 664 786 702 maximos
808 672 940 701 motus
962 662 1098 701 nostrae
1118 662 1290 700 civitatis
1310 663 1503 715 attingere
1528 678 1607 704 non
1635 677 1750 719 pote-

354 744 453 776 ram,
485 730 592 782 quod
612 739 721 767 erant
740 728 961 774 inferiores,
987 741 1108 781 quam
1126 727 1290 765 illorum
1312 737 1416 773 aetas,
1439 730 1508 782 qui
1529 730 1751 783 loqueban-

355 805 435 835 tur.
468 797 558 848 Ego
576 805 708 833 autem
729 795 770 832 id
790 794 920 847 ipsum
941 803 1028 832 turn
1048 806 1152 832 eram
1174 793 1344 838 secutus,
1367 807 1416 831 ne
1436 795 1477 832 in
1498 795 1625 834 nostra
1645 806 1750 836 tem-

357 875 452 916 pora
470 863 674 900 incurrens
695 860 935 899 offenderem
955 861 1200 914 quempiam.
1246 860 1371 898 Nunc
1400 869 1439 898 et
1467 860 1507 898 id
1534 862 1680 908 vitabo,
1712 875 1752 903 et

356 929 496 981 loquar
528 928 608 980 ipse
639 938 802 973 tecum3
847 936 886 965 et
918 936 1049 965 tamen
1082 926 1150 964 illa
1181 940 1268 979 quae
1300 925 1570 973 institueram,
1613 929 1660 966 ad
1696 940 1750 976 te,

357 995 384 1032 fi
424 995 596 1032 Romam
629 1007 793 1039 venero,
834 994 993 1031 mittam
1012 1008 1020 1031 :
1060 1002 1158 1045 puto
1192 992 1301 1030 enim
1341 1002 1380 1030 te
1417 993 1750 1042 existimaturum,

357 1073 378 1098 a
399 1073 462 1098 me
483 1060 604 1097 libros
626 1060 716 1097 illos
738 1073 817 1097 non
845 1059 923 1097 fine
954 1059 1088 1111 aliquo
1119 1071 1208 1096 meo
1240 1057 1442 1096 stomacho
1474 1059 1547 1097 effe
1579 1060 1750 1101 relictos.

359 1125 519 1164 Caesaris
541 1137 687 1170 amore,
718 1137 838 1176 quern
858 1124 906 1162 ad
926 1138 990 1162 me
1016 1123 1250 1177 perscr1ps1t,
1282 1123 1398 1162 unice
1428 1124 1624 1164 delector:
1656 1141 1752 1179 pro-

357 1192 478 1230 miffis
499 1192 562 1236 iis,
594 1205 680 1243 quae
701 1190 884 1236 ostendit,
917 1204 995 1229 non
1017 1190 1128 1228 valde
1148 1189 1299 1243 pendeo
1317 1205 1327 1228 ε
1361 1203 1433 1228 nec
1453 1189 1620 1230 honores
1649 1193 1751 1239 fitio,

359 1271 430 1296 nec
451 1257 622 1294 defidero
642 1256 810 1308 gloriam
829 1271 837 1294 :
871 1256 1073 1308 magisque
1092 1257 1175 1307 ejus
1197 1256 1411 1294 voluntatis
1432 1259 1751 1309 perpetuitatem,

359 1337 476 1377 quarn
499 1321 776 1375 promifforum
796 1322 966 1366 exitum,
996 1322 1174 1374 expecto.
1220 1321 1324 1359 Vivo
1345 1331 1475 1359 tamen
1497 1322 1537 1359 in
1559 1336 1602 1360 ea
1621 1325 1752 1362 ambi-

359 1391 468 1428 tione
501 1398 540 1426 et
575 1388 720 1434 labore,
753 1397 941 1440 tanquam
975 1388 1031 1433 id,
1069 1386 1175 1439 quod
1209 1400 1290 1425 non
1324 1386 1494 1439 postulo,
1531 1391 1751 1441 expectem,

358 1455 481 1507 Qod
502 1469 564 1493 me
586 1455 633 1492 de
653 1453 843 1500 faciendis
865 1454 1036 1493 versibus
1058 1467 1168 1506 rogas
1186 1473 1198 1499 ς
1230 1453 1465 1492 incredibile
1495 1454 1562 1500 est,
1594 1456 1650 1494 mi
1672 1456 1752 1494 fra-

358 1532 432 1568 ter,
463 1535 582 1574 quam
614 1534 746 1573 egeam
783 1531 985 1574 tempore:
1020 1534 1091 1559 nec
1125 1520 1210 1558 sane
1237 1519 1325 1558 satis
1347 1534 1600 1559 commoveor
1620 1523 1753 1561 animo

358 1588 406 1626 ad
426 1602 482 1633 ea,
514 1601 600 1640 quae
622 1587 678 1625 vis
700 1587 886 1625 canenda.
917 1581 1108 1625 ‘rmfile'o-sff
1126 1600 1218 1624 vero
1248 1586 1295 1624 ad
1316 1600 1372 1631 ea,
1404 1600 1489 1638 quae
1510 1587 1590 1640 ipse
1611 1602 1683 1640 ego
1705 1603 1752 1627 ne

358 1653 569 1707 cogitando
590 1653 751 1705 quidem
773 1652 1004 1705 consequor,
1037 1662 1096 1698 tu,
1128 1653 1199 1705 qui
1218 1665 1355 1690 omnes
1376 1652 1449 1690 isto
1477 1643 1755 1705 eloquendi'et

357 1719 608 1773 exprimendi
627 1732 768 1772 genere
789 1718 985 1772 superasti,
1017 1732 1038 1755 a
1068 1732 1130 1756 me
1159 1719 1294 1771 petis?
1327 1719 1512 1756 Facerem
1547 1729 1676 1757 tamen
1710 1730 1755 1759 ut

360 1785 533 1840 poffem;
567 1785 630 1823 sed
653 1785 780 1838 (quod
812 1795 851 1823 te
882 1785 1049 1823 minime
1080 1783 1204 1837 fugit)
1234 1797 1333 1836 opus
1355 1783 1407 1821 est
1428 1785 1474 1821 ad
1495 1798 1634 1837 poema
1653 1800 1753 1838 qua—

359 1852 448 1891 dam
469 1851 592 1890 animi
613 1851 825 1896 alacritate,
848 1863 967 1904 quam
987 1850 1101 1903 plane
1122 1849 1224 1888 mihi
1245 1858 1423 1902 tempora
1441 1851 1630 1903 eripiunt.
1664 1852 1753 1889 Ab-

360 1918 463 1957 duco
483 1918 670 1971 equidem
690 1931 754 1956 me
774 1918 822 1955 ab
848 1917 960 1956 omni
989 1917 1218 1969 reipublicae
1248 1930 1354 1962 cura,
1387 1917 1566 1970 dedoque
1598 1917 1751 1957 literis:

361 1985 423 2024 sed
444 1994 575 2024 tamen
609 1984 792 2022 indicabo
815 1984 904 2029 tibi,
936 1983 1042 2036 quod
1075 1982 1302 2021 mehercule
1333 1983 1374 2020 in
1406 1983 1545 2036 primis
1580 1993 1616 2021 te
1648 1985 1753 2022 cela-

360 2059 447 2089 tum
467 2051 664 2089 volebam.
697 2051 850 2103 Angor,
883 2051 937 2088 mi
959 2049 1174 2088 suaviffime
1195 2049 1328 2094 frater,
1351 2062 1486 2102 angor,
1510 2049 1660 2088 nullam
1681 2051 1754 2089 effe

361 2117 665 2170 rempublicam,
698 2117 808 2155 nulla
830 2116 997 2170 judic-ia,
1029 2116 1285 2168 nostrumque
1315 2114 1392 2153 hoc
1425 2125 1582 2169 tempus
1615 2118 1754 2162 aetatis,

361 2183 468 2236 quod
499 2185 541 2221 in
572 2183 642 2221 illa
672 2184 900 2221 auctoritate
932 2182 1121 2221 senatoria
1151 2181 1287 2220 florere
1313 2182 1495 2227 debebat,
1526 2191 1592 2219 aut
1612 2181 1754 2221 forenfi

362 2249 493 2287 labore
508 2250 658 2301 jactari,
676 2259 742 2288 aut
763 2248 986 2288 domesticis
1007 2249 1131 2287 literis
1154 2247 1376 2286 sustentari:
1401 2248 1501 2286 illud
1523 2261 1627 2293 ver0,
1645 2247 1753 2301 quod

362 2329 381 2352 a
402 2328 523 2367 puero
543 2314 775 2361 adamatam,

516 2374 584 2418 Αὶέν
612 2381 770 2431 cipis-etim,
801 2381 828 2437 a}
856 2380 1026 2437 ὁπεῖξοχσν
1054 2379 1195 2432 {uiduus
1224 2379 1341 2424 ἄλλων,

363 2452 493 2482 toturn
515 2443 715 2482 occidisse:
740 2445 924 2482 inimicos
942 2459 961 2482 a
982 2459 1044 2483 me
1061 2445 1206 2497 partim
1228 2456 1305 2481 non
1328 2451 1591 2495 oppugnatos,
1608 2442 1754 2494 partim

360 2511 480 2549 etiarn
501 2509 572 2549 effe
593 2509 769 2549 defensos
789 2525 799 2549 ;
831 2523 966 2549 meum
987 2524 1066 2550 non
1088 2510 1207 2550 modo
1228 2510 1422 2555 animum,
1453 2507 1516 2547 sed
1537 2522 1586 2547 ne
1614 2507 1756 2546 odium
