2335 3009
500 211 578 250 124
931 201 1458 242 POEMATUM

498 297 751 337 Lumborum
774 307 902 344 tenus,
933 313 954 337 a
973 299 1103 352 palma
1122 299 1304 352 depulsus
1326 300 1372 338 ad
1394 300 1533 341 undas.

498 364 582 402 Hic
603 364 756 403 miffore
777 378 913 403 vacans
934 364 1091 418 fulgens
1107 366 1211 418 jacet
1232 379 1308 403 una
1328 366 1478 419 sagitta,

497 430 630 481 Qam
650 440 810 483 propter
829 431 958 469 nitens
979 444 1107 484 penna
1126 432 1376 470 convolvitur
1396 433 1517 478 Ales5

498 496 552 533 Et
573 496 717 534 clinata
736 497 862 549 magis
882 497 999 550 paulo
1018 497 1072 535 est
1092 498 1306 550 Aquilonis
1327 498 1373 536 ad
1393 512 1517 537 auras.

498 564 555 600 At
576 571 735 615 propter
754 563 791 601 se
812 564 960 616 Aquila
980 563 1130 601 ardenti
1151 577 1244 601 cum
1265 577 1427 616 corpore
1446 574 1590 617 portat,

498 627 720 680 Igniferum
742 629 921 667 mulcens
943 629 1211 667 tremebundis
1233 629 1375 668 aethera
1394 631 1549 683 pennis,

498 694 595 733 Non
616 694 748 732 minus
769 694 923 746 ingenti
942 707 1036 732 cum
1056 707 1232 747 corpore,
1264 694 1327 732 sed
1346 709 1461 748 grave
1481 695 1628 735 moestis

500 759 684 798 Ostendit
705 760 832 798 nautis
852 759 1083 813 perturbans
1104 773 1258 812 aequora
1277 760 1447 813 fignum.

499 826 610 864 Tum
633 826 767 878 magni
787 839 928 864 curvus
951 826 1183 879 Capricorni
1203 839 1350 865 cornua
1370 837 1530 880 propter

498 890 727 944 Delphinus
742 892 862 944 jacet,
893 890 997 929 haud
1018 891 1144 930 nimio
1164 891 1338 930 lustratu’
1360 893 1507 938 nitore,

499 957 644 995 Praeter
662 956 937 1010 quadruplices
958 956 1084 995 stellas
1104 957 1146 994 in
1167 955 1298 995 fronte
1318 957 1478 1004 locatas,

499 1024 608 1074 Qas
628 1022 880 1061 intervallum
902 1022 1012 1061 binas
1033 1021 1276 1061 disterminat
1297 1036 1422 1060 unum
1441 1037 1450 1061 ε

499 1087 649 1125 Caetera
667 1100 753 1140 pars
775 1087 886 1132 latet,
914 1099 958 1124 ac
980 1086 1090 1125 tenui
1110 1099 1204 1125 cum
1224 1086 1377 1125 lumine
1397 1086 1530 1140 serpit.

498 1151 582 1190 Illae
603 1165 689 1204 quae
709 1150 866 1203 fulgent
886 1150 994 1189 luces
1014 1164 1063 1189 ex
1083 1163 1150 1189 ore
1169 1151 1348 1197 corusco,

498 1217 598 1256 Sunt
618 1217 720 1255 inter
740 1225 866 1270 partes
887 1216 1035 1269 gelidas
1055 1216 1259 1269 Aquilone
1279 1217 1430 1263 locatae‚

496 1284 632 1336 Atque
652 1284 755 1321 inter
793 1283 962 1336 spatium
983 1291 1022 1320 et
1041 1282 1122 1321 laeti
1143 1282 1301 1335 vestigia
1321 1282 1427 1323 solis.

497 1350 555 1388 At
575 1362 660 1401 pars
683 1347 844 1386 inferior
865 1347 1061 1401 Delphini
1081 1347 1189 1387 fusca
1208 1348 1364 1387 videtur

498 1415 607 1454 Inter
628 1415 718 1453 solis
738 1415 826 1460 iter,
858 1414 972 1452 fimul
994 1414 1096 1453 inter
1116 1414 1273 1453 flamina
1292 1415 1414 1460 venti,

497 1481 663 1519 Viribus
684 1481 857 1533 erumpit
877 1493 954 1533 qua
974 1480 1118 1519 summi
1139 1480 1296 1534 spiritus
1318 1481 1471 1522 Austri.

498 1547 656 1586 Exinde
678 1547 805 1585 Orion
824 1547 991 1600 obliquo
1010 1560 1172 1600 corpore
1193 1547 1338 1593 nitens,

499 1612 690 1652 Inferiora
711 1621 816 1650 tenet
837 1612 1052 1651 truculenti
1072 1626 1235 1666 corpora
1255 1613 1379 1652 Tauri
1397 1627 1408 1651 ε

501 1681 633 1731 Qem
655 1680 722 1731 qui
745 1678 957 1732 suspiciens
976 1679 1016 1717 in
1037 1679 1178 1718 caelum
1201 1681 1313 1718 nodie
1334 1679 1476 1725 serena,

501 1745 597 1783 Late
617 1744 831 1798 dispersum
853 1758 931 1782 non
954 1743 1109 1789 viderit,
1141 1744 1244 1782 haud
1266 1745 1320 1783 ita
1340 1758 1430 1783 vero

500 1812 650 1849 Caetera
669 1810 704 1848 se
726 1810 848 1863 speret
869 1809 1101 1862 cognoscere
1121 1809 1225 1862 signa
1244 1809 1402 1863 potesse.

500 1878 688 1929 Namque
709 1877 823 1929 pedes
845 1875 976 1914 subter
996 1876 1117 1914 rutilo
1136 1889 1229 1915 cum
1250 1876 1403 1914 lumine
1423 1876 1542 1915 claret

501 1942 690 1983 Fervidus
712 1942 779 1980 ille
801 1942 920 1980 Canis
942 1941 1138 1980 stellarum
1161 1942 1248 1980 luce
1269 1941 1468 1995 refulgens
1485 1961 1499 1989 ς

501 2010 624 2048 Hunc
648 2008 744 2060 tegit
765 2007 952 2045 obscurus
974 2007 1105 2045 subter
1125 2008 1335 2060 praecordia
1355 2018 1489 2047 venter
1507 2023 1518 2047 2

501 2077 590 2117 Nec
613 2084 697 2113 toto
719 2073 862 2126 spirans
886 2073 1024 2127 rapido,
1040 2073 1087 2111 de
1108 2087 1270 2127 corpore
1291 2073 1491 2113 flammam

502 2139 706 2181 AEstiferos
727 2139 864 2177 validis
885 2139 1058 2191 erumpit
1080 2138 1235 2177 flatibus
1258 2141 1366 2191 ignes
1386 2154 1395 2178 t

500 2211 631 2248 Totus
653 2206 700 2244 ab
720 2219 784 2243 ore
807 2205 954 2243 micans
970 2206 1116 2257 jacitur
1137 2206 1370 2243 mortalibus
1390 2205 1515 2250 ardor,

503 2273 621 2313 Sirion
641 2273 735 2311 hunc
756 2271 883 2310 Graeci
894 2270 1074 2324 [παι-[ατο
1093 2270 1226 2309 nomine
1245 2270 1382 2309 dicunt.

503 2341 583 2379 llic
607 2340 674 2377 ubi
698 2339 731 2376 se
753 2339 894 2391 pariter
914 2350 1007 2375 cum
1029 2337 1105 2375 sole
1127 2337 1166 2374 in
1189 2337 1364 2374 culmina
1384 2337 1469 2375 carli

503 2405 676 2449 Extulit,
709 2403 810 2441 haud
833 2404 978 2456 patitur
999 2402 1186 2441 foliorum
1210 2403 1381 2454 tegmine
1403 2402 1538 2441 frustm

503 2472 710 2525 Suspensus
732 2471 882 2508 animos
904 2469 1056 2508 arbusta
1074 2478 1207 2509 ornata
1228 2478 1355 2508 tencre
1375 2483 1383 2506 :

1808 379 1887 420 3²5

1808 709 1894 750 330·

1809 1035 1890 1076 335

1809 1362 1894 1405 340

1810 1694 1887 1733 345

1811 2022 1888 2062 350

1810 2352 1885 2392 355

2328 516 2335 588 -....
2326 390 2335 491 ..Λα-η
2324 48 2335 373 ῥ-ᾳ-*ᾼ
2327 0 2335 8 ι
