2335 3009
540 225 595 268 72
994 213 1476 255 EPISTOLAE

543 312 779 366 dignitatem
808 320 931 350 tuam.
976 311 1098 363 Qod
1130 312 1283 358 scribis,
1313 327 1378 352 me
1406 313 1582 353 maximo
1609 313 1693 353 otio
1721 313 1850 367 egisse,
1881 325 1926 356 ut

543 379 747 417 insectarer
777 377 991 422 Antonios,
1021 377 1142 430 idque
1170 378 1330 424 laudas;
1361 379 1478 418 credo
1506 380 1561 417 ita
1586 379 1708 418 videri
1730 381 1832 420 tibi:
1863 381 1928 420 sed

543 444 654 482 illam
684 442 974 481 distinctionem
1009 452 1116 481 tuam
1146 443 1259 482 nullo
1291 446 1403 496 pacto
1436 445 1577 497 probo.
1623 445 1769 484 Scribis
1802 447 1927 492 enim,

542 507 665 547 acrius
687 506 910 560 prohibenda
938 507 1028 546 bella
1057 508 1180 546 civilia
1207 507 1281 560 ff·
1312 521 1417 561 quam
1443 509 1480 547 in
1491 510 1686 561 superatos
1705 510 1928 550 iracundiam

542 571 783 612 exercendam.
826 572 1092 611 Vehementer
1120 586 1141 610 a
1171 582 1222 618 te,
1254 574 1388 618 Brute,
1420 573 1627 612 dissentio:
1660 587 1731 612 nec
1752 575 1929 615 clemen-

544 639 608 678 tiae
630 648 704 677 tuae
724 638 913 683 concedo,
944 638 1008 676 sed
1028 638 1200 677 salutaris
1222 638 1399 678 severitas
1420 640 1545 678 vincit
1574 640 1733 678 inanem
1761 640 1932 693 speciem

544 705 778 743 clementiae.
824 703 944 755 Qod
978 704 1005 742 fi
1038 704 1250 742 clementes
1285 705 1356 743 effe
1389 705 1588 751 volumus,
1624 719 1827 758 nunquam
1861 707 1932 745 de-

544 779 661 808 erunt
692 769 794 807 bella
823 769 968 808 civilia.
1015 769 1088 807 Sed
1122 769 1169 807 de
1198 768 1275 808 hoc
1311 779 1354 808 tu
1385 771 1543 809 videris.
1588 772 1652 810 De
1680 785 1745 810 me
1777 772 1932 825 possum

545 834 666 879 idem,
697 833 804 886 quod
835 833 1041 872 Plautinus
1068 843 1176 887 pater
1205 834 1245 871 in
1277 835 1548 874 Trinummo:
1580 836 1670 874 mihi
1686 836 1822 889 quidem
1839 846 1931 876 aetas

544 902 628 938 αέῖα
645 900 769 952 ferme
795 898 869 950 cst:
899 908 966 938 tua
992 898 1079 951 ssuc
1108 899 1223 952 refert
1251 900 1412 940 maxime.
1461 902 1776 954 Opprimemini,
1810 903 1931 956 (mihi

545 965 675 1015 crede)
711 965 844 1009 Brute,
877 964 946 1002 nifi
978 964 1219 1017 providetis:
1252 978 1380 1018 neque
1413 966 1521 1004 enim
1554 967 1750 1020 populum
1781 968 1933 1021 semper

544 1030 713 1069 eundem
734 1028 946 1073 habebitis,
968 1042 1095 1081 neque
1114 1029 1304 1075 senatum,
1327 1044 1454 1084 neque
1473 1031 1625 1070 senatus
1646 1033 1803 1071 ducem.
1832 1033 1932 1073 Haec

544 1108 593 1132 ex
613 1093 772 1132 oraculo
792 1093 993 1145 Apollinis
1016 1093 1152 1144 Pythii
1171 1094 1275 1133 edita
1295 1095 1369 1134 tibi
1398 1105 1507 1148 puta.
1552 1095 1673 1136 Nihil
1703 1097 1830 1150 potest
1859 1098 1933 1138 effe

544 1159 688 1201 verius.
723 1171 800 1197 xiv
823 1157 914 1196 Kal.
937 1157 1081 1197 Maias.

781 1358 847 1399 M.
890 1360 945 1399 T.
991 1360 1235 1400 C1c1-:Ro
1279 1361 1344 1401 M.
1390 1362 1604 1402 Bnuro
1653 1363 1692 1403 S.

550 1487 627 1526 111.
650 1483 976 1559 NOSTRAE
1008 1501 1065 1527 res
1087 1488 1248 1528 meliore
1268 1490 1358 1530 loco
1376 1490 1624 1530 videbantur.
1657 1493 1809 1547 Scripta
1826 1494 1936 1533 enim

767 1552 814 1590 ad
844 1561 881 1591 te
901 1563 1010 1592 certo
1030 1554 1123 1601 scio,
1154 1569 1240 1608 quae
1271 1556 1374 1609 gesta
1404 1556 1508 1595 sunt.
1552 1557 1699 1609 Qales
1732 1559 1807 1597 tibi
1838 1559 1936 1612 saepe

547 1617 677 1670 scripsi
699 1617 893 1665 consules,
924 1619 1018 1658 tales
1047 1620 1278 1661 extiterunt.
1325 1622 1482 1660 Caesaris
1512 1636 1603 1661 vero
1631 1625 1740 1676 pueri
1767 1624 1937 1664 mirifica

547 1683 699 1721 indoles
720 1683 893 1722 virtutis.
926 1685 1092 1724 Utinam
1115 1695 1194 1725 tam
1214 1686 1330 1725 facile
1349 1701 1456 1733 eum,
1486 1687 1689 1726 florentem
1709 1699 1748 1728 et
1768 1689 1934 1729 honori·

549 1749 621 1786 bus
651 1757 691 1786 et
719 1748 856 1800 gratia,
888 1762 1017 1801 regere
1046 1763 1089 1788 ac
1120 1760 1249 1790 tenere
1279 1753 1481 1805 poffimus,
1512 1767 1632 1806 quam
1662 1754 1777 1794 facile
1806 1755 1935 1794 adhuc

547 1814 747 1852 tenuimus
767 1813 775 1850 ἔ
808 1813 876 1852 Est
896 1816 1061 1854 omnino
1082 1815 1181 1855 illud
1202 1817 1433 1864 difficilius;
1466 1819 1528 1857 sed
1562 1828 1690 1858 tamen
1719 1834 1797 1859 non
1827 1821 1934 1860 diffi-

547 1878 695 1917 dimus.
741 1878 966 1918 Persuasum
999 1880 1052 1918 est
1083 1883 1190 1920 enim
1221 1882 1471 1929 adolescenti,
1502 1894 1540 1922 et
1567 1886 1738 1924 maxime
1767 1899 1835 1939 per
1855 1900 1934 1931 me,

546 1944 630 1995 ejus
651 1957 767 1996 opera
786 1957 856 1982 nos
876 1944 948 1982 esse
969 1944 1090 1985 salvos
1109 1961 1118 1985 τ
1150 1957 1189 1985 et
1209 1958 1328 1993 certe,
1359 1949 1429 1988 nifi
1459 1949 1491 1988 is
1512 1951 1736 1988 Antonium
1766 1951 1814 1989 ab
1841 1952 1935 1990 urbe

547 2007 752 2054 avertisset,
784 2009 981 2061 periissent
1011 2013 1158 2050 omnia.
1202 2013 1358 2052 Triduo
1389 2028 1479 2053 vero
1510 2025 1575 2054 aut
1607 2016 1817 2068 quatriduo
1847 2027 1936 2056 ante

548 2071 650 2112 hanc
672 2086 753 2111 rem
774 2073 1098 2126 pulcherrimam,
1131 2078 1272 2116 timore
1292 2079 1464 2131 quodam
1492 2081 1666 2134 perculsa
1691 2082 1827 2120 civitas
1856 2092 1937 2121 tota

548 2137 596 2176 ad
617 2147 655 2176 te
676 2137 711 2176 se
731 2151 824 2177 cum
844 2140 1082 2192 conjugibus
1103 2151 1142 2180 et
1163 2143 1296 2181 liberis
1317 2143 1558 2184 effundebat.
1601 2145 1748 2184 Eadem
1770 2157 1937 2186 recreata

548 2217 582 2242 a.
606 2201 646 2242 d.
671 2216 738 2242 x11
762 2203 842 2242 kal.
866 2205 1007 2251 Maias,
1040 2215 1077 2244 te
1097 2206 1176 2246 huc
1197 2209 1343 2253 venire,
1374 2224 1494 2262 quam
1522 2210 1558 2248 se
1584 2211 1629 2249 ad
1653 2221 1689 2250 te
1710 2212 1778 2258 ire,
1812 2213 1934 2251 male-

550 2268 630 2306 bat.
677 2269 771 2320 Qo
801 2269 964 2321 quidem
994 2270 1072 2316 die,
1104 2286 1338 2324 magnorum
1371 2288 1551 2314 meorum
1581 2276 1760 2316 laborum
1787 2278 1934 2316 multa-

549 2346 717 2385 rumque
737 2333 963 2386 vigiliarum
983 2334 1157 2376 fructum
1177 2339 1264 2391 cepi
1286 2340 1520 2386 maximum,
1540 2342 1565 2380 si
1587 2342 1705 2380 modo
1720 2343 1772 2381 est
1793 2343 1935 2396 aliquis

548 2397 700 2437 fruetus
734 2413 781 2437 ex
817 2399 936 2439 solida
968 2415 1133 2455 veraque
1166 2404 1304 2457 gloria.
1357 2406 1463 2445 Nam
1499 2417 1613 2447 tanta:
1648 2408 1934 2453 multitudinis,

546 2473 737 2518 quantam
766 2465 872 2518 capit
902 2467 994 2507 urbs
1024 2469 1167 2516 nostra,
1198 2471 1410 2512 concursus
1437 2472 1490 2513 est
1522 2474 1568 2513 ad
1600 2488 1663 2514 me
1693 2473 1833 2514 factus.
1880 2475 1937 2513 Ea
