2335 3009
547 233 602 284 ω,
904 210 1593 272 EPISTOLARUM

546 331 725 385 quidem,
751 331 822 370 effe
843 331 1013 370 liberum
1033 346 1042 370 ε
1066 345 1271 385 unumque
1291 345 1339 370 ex
1359 332 1546 371 omnibus
1568 330 1758 371 Caesarem
1778 330 1850 370 effe
1870 331 1936 370 in-

547 408 725 443 venturn,
758 398 828 451 qui
863 411 926 436 me
958 406 1128 443 tantum,
1159 407 1352 450 quantum
1383 411 1457 450 ego
1488 398 1646 444 vellem,
1677 406 1836 442 amaret,
1868 406 1936 435 aut

546 464 664 502 ctiam
689 463 806 516 (ficut
825 463 892 501 alii
912 463 1070 516 putant)
1093 462 1201 501 hunc
1223 476 1348 500 unum
1368 462 1455 508 effe,
1487 463 1557 515 qui
1578 463 1709 502 vellet.
1749 464 1936 515 Qorum

548 538 677 567 tamen
701 527 803 566 nihil
823 527 876 566 est
896 527 1104 580 ejusmodi,
1136 537 1179 565 ut
1209 541 1281 580 ego
1311 541 1374 565 me
1404 540 1483 565 non
1514 527 1641 565 multa
1669 527 1936 565 consolatione

547 594 727 648 quotidie
746 594 919 632 leniam:
952 593 1015 632 sed
1043 593 1111 631 illa
1131 593 1204 631 erit
1234 592 1448 630 consolatio
1477 593 1664 637 maxima,
1695 592 1721 630 fi
1752 605 1829 630 una
1857 592 1936 630 eri-

547 673 664 699 mus:
698 673 803 698 nunc
835 659 882 697 ad
914 659 982 696 illa
1012 658 1073 696 vel
1105 657 1373 711 gravissimum
1399 657 1565 703 accedit,
1597 657 1657 695 tui
1685 656 1935 696 defiderium.

547 727 768 766 Gabinium
789 726 831 771 fi,
863 735 906 763 ut
929 724 1047 763 Pansa
1067 734 1178 777 putat
1199 723 1424 777 oportuisse,
1447 722 1716 769 defendissem,
1738 722 1938 762 concidis-

547 793 654 831 sem:
687 793 757 845 qui
788 792 906 829 illum
937 790 1119 836 oderunt,
1153 791 1200 842 (ii
1232 790 1321 828 sunt
1343 791 1417 828 toti
1437 789 1611 840 ordines)
1635 799 1794 843 propter
1814 803 1936 841 quern

547 857 728 902 oderunt,
752 870 814 894 me
833 855 964 908 ipsum
985 855 1102 893 odiffe
1123 854 1340 908 coepiffent.
1371 855 1503 893 Tenui
1524 868 1602 900 me,
1625 863 1669 892 ut
1688 863 1802 907 puto,
1823 867 1936 906 egre-

546 924 624 976 gie,
649 932 803 961 tantum
826 931 869 960 ut
889 921 1073 966 facerem,
1096 931 1289 974 quantum
1310 934 1446 959 omnes
1468 920 1671 959 viderent:
1703 929 1742 958 et
1763 920 1802 957 in
1825 919 1938 958 omni

547 989 713 1034 summa,
746 998 790 1026 ut
824 1001 976 1033 mones,
1008 987 1118 1026 valde
1153 1001 1216 1025 me
1247 986 1294 1024 ad
1324 987 1452 1025 otium
1485 1000 1701 1039 pacemque
1732 995 1934 1024 converto.

547 1056 610 1093 De
640 1055 767 1098 libris,
800 1054 1004 1105 Tyrannio
1034 1053 1088 1091 est
1119 1053 1304 1091 cessator:
1339 1052 1561 1104 Chryfippo
1592 1052 1749 1089 dicam:
1783 1051 1846 1088 sed
1879 1063 1938 1088 res

546 1119 703 1172 operosa
722 1119 790 1164 est,
821 1128 860 1156 et
880 1118 1056 1156 hominis
1077 1118 1364 1171 perdiligentis.
1398 1117 1532 1154 Sentio
1552 1116 1647 1168 ipse,
1676 1116 1746 1168 qui
1768 1115 1808 1153 in
1830 1115 1940 1153 sum-

546 1198 613 1223 mo
634 1184 761 1222 studio
793 1183 895 1221 nihil
927 1183 1116 1235 assequor.
1163 1184 1226 1221 De
1258 1181 1412 1220 Latinis
1444 1195 1535 1220 vero
1567 1195 1648 1234 quo
1677 1194 1742 1219 me
1773 1190 1937 1227 vertam,

546 1251 704 1296 nescio;
738 1251 791 1288 ita
825 1249 1008 1288 mendose
1041 1258 1080 1288 et
1115 1249 1354 1293 scribuntur,
1385 1257 1424 1285 et
1456 1257 1654 1286 veneunt:
1693 1247 1756 1285 sed
1789 1256 1936 1293 tamen,

545 1317 654 1370 quod
687 1315 772 1354 fieri
806 1316 966 1368 poterit,
1004 1328 1084 1353 non
1119 1314 1333 1367 negligam.
1382 1313 1585 1359 Crebrius,
1619 1323 1662 1351 ut
1696 1323 1784 1351 ante
1818 1313 1864 1351 ad
1900 1323 1938 1352 te

546 1381 692 1434 scripfi‚
725 1382 863 1420 Romoe
894 1380 975 1418 est:
1009 1390 1048 1418 et
1079 1381 1149 1433 qui
1180 1380 1315 1418 omnia
1345 1379 1539 1431 adjurant,
1571 1379 1710 1417 debere
1732 1378 1807 1416 tibi
1827 1379 1939 1418 valde

544 1447 787 1486 renuntiant.
820 1446 886 1485 Ab
907 1446 1038 1485 aerario
1057 1455 1156 1499 puto
1177 1443 1404 1484 confectum
1424 1444 1511 1490 effe,
1542 1444 1639 1500 dum
1659 1444 1811 1483 absum.

861 1649 1130 1688 MAncus
1178 1649 1533 1700 QFRAmn
1581 1647 1620 1686 S.

544 1779 621 1818 VI.
648 1777 848 1866 QUAT
860 1779 988 1817 UOR
1019 1777 1225 1830 tragoedias
1249 1791 1324 1816 xvr
1348 1777 1486 1816 diebus
1508 1775 1706 1815 absolvisse
1727 1788 1819 1813 cum
1842 1775 1937 1813 scri-

757 1845 837 1891 bas,
870 1855 911 1884 tu
934 1843 1154 1898 quidquam
1175 1843 1222 1881 ab
1243 1844 1320 1882 alio
1342 1843 1533 1882 mutuaris
1553 1844 1565 1880 ?
1597 1852 1636 1880 et
1662 1839 1758 1880 κλέος
1779 1842 1935 1894 quaeris,

546 1924 638 1949 cum
673 1911 869 1949 Electram
901 1921 940 1950 et
972 1910 1170 1949 Troadem
1204 1909 1429 1963 scripseris?
1463 1909 1635 1948 Ceffator
1663 1908 1736 1947 esse
1757 1908 1867 1946 noli:
1900 1918 1940 1946 ct

546 1975 661 2020 illud,
692 1972 800 2022 γνῶθι
821 1973 967 2020 σεαυτὶν,
991 1975 1072 2013 noli
1094 1984 1229 2028 putare
1249 1976 1296 2013 ad
1317 1975 1577 2027 arrogantiam
1598 1972 1854 2013 minuendam
1877 1973 1938 2011 so-

547 2041 632 2079 lum
653 2041 726 2079 effe
746 2041 912 2087 dictum,
943 2054 1079 2079 verum
1101 2041 1220 2078 etiam
1241 2050 1285 2079 ut
1307 2041 1408 2079 bona
1430 2039 1555 2078 nostra
1576 2040 1766 2078 norimus.
1807 2038 1879 2076 Sed
1900 2047 1941 2077 et

546 2106 632 2146 istas
653 2116 691 2145 et
713 2108 928 2161 Erigonam
951 2106 1052 2146 mihi
1073 2107 1193 2146 velim
1214 2106 1364 2147 mittas.
1410 2105 1545 2145 Habes
1577 2105 1624 2144 ad
1644 2104 1738 2144 duas
1759 2103 1938 2158 epistolas

542 2175 760 2227 proximas.
