2335 3009
702 214 1301 260 FRAGMENTA.

319 315 493 369 Explicat
511 314 728 368 hicfiimmos
746 312 889 351 ardores
894 312 1028 365 semita
1044 313 1188 354 Phaebi.

320 379 423 420 Tunc
440 381 547 420 nullae
564 387 743 432 apparent
755 387 825 431 per
843 378 942 416 culta
959 379 1104 417 novalia
1111 380 1242 433 spicae,

319 445 572 499 Principioque
588 443 671 483 adeo
689 444 777 482 Solis
788 452 859 496 per
877 444 1012 482 caerula
1030 444 1112 482 caeli

320 512 413 550 Hoc
434 521 547 550 motu
568 510 767 555 radiantis,
800 509 936 547 Etefiae
957 510 998 547 in
1020 509 1113 547 vada
1132 512 1247 563 ponti

320 576 569 615 Procumbunt
583 575 787 628 glomerati,
816 583 852 612 et
870 575 970 626 longo
975 574 1125 627 flamine
1128 575 1298 627 spirant.

320 638 423 680 Tunc
441 642 529 680 mihi
545 655 612 679 non
631 641 722 679 remi
730 640 875 693 placeat
893 640 988 678 ratis
1006 638 1142 692 indiga,
1172 655 1299 680 verum

318 709 454 760 Larga
458 707 572 757 finis,
602 708 763 759 reb'loque
781 705 832 744 ad
846 706 953 744 venti
967 705 1139 744 commoda
1159 707 1274 746 clavo.

319 779 364 817 Si
379 779 476 831 cupis
494 777 692 830 Aurigam,
721 786 830 830 atque
848 777 1006 829 Aurigae
1024 778 1159 828 noscere
1163 777 1300 830 stellas,

320 844 469 897 Ullaque
477 844 590 896 fama
609 852 691 881 tuas
711 843 846 895 Caprae
857 843 1030 894 pervenit
1047 842 1100 880 ad
1112 857 1230 888 aures,

319 908 711 962 Haedorumquefimul,
742 922 890 961 quorum
909 907 974 946 duo
993 907 1127 946 lumina
1143 919 1296 948 cernunt

319 974 421 1026 Saepe
433 983 502 1027 per
521 974 657 1012 iratum
663 974 813 1024 jafiata
832 971 1013 1011 cadavera
1025 981 1176 1025 pontum
1191 990 1205 1013 .-

320 1039 401 1076 Sub
423 1040 516 1077 laeva
535 1039 567 1076 is
589 1039 855 1077 Geminorum
875 1037 1069 1076 obducitus
1090 1049 1197 1091 parte
1217 1039 1378 1080 feretur.

321 1103 540 1142 Adversum
561 1113 679 1155 caput
699 1102 794 1140 huic
815 1103 958 1141 Helice
979 1104 1200 1142 truculenta
1221 1115 1366 1144 tuetur.

319 1170 376 1207 At
398 1169 524 1221 Capra
543 1169 684 1206 laevum
706 1167 919 1206 humerum
940 1168 1042 1206 clara
1061 1169 1215 1208 obtinet
1233 1186 1242 1209 :
1274 1171 1336 1209 illa
1347 1180 1511 1223 putatur

321 1234 441 1273 Ubera
459 1233 575 1272 adhuc
585 1242 709 1286 parvo
726 1232 888 1271 laetenda
907 1232 1023 1285 dedff
1043 1231 1225 1279 Tonanti}

321 1299 434 1337 Hanc
452 1299 565 1351 Jovis
585 1298 746 1336 Oleniam
765 1307 912 1350 capram
929 1297 1048 1336 dixere
1065 1298 1228 1351 ministri.

321 1365 472 1403 Verum
491 1363 575 1403 haec
595 1363 649 1402 est
669 1376 814 1415 magno
833 1373 950 1416 atque
969 1362 1111 1401 illustri
1131 1364 1293 1416 praedita
1313 1366 1420 1418 figno
1436 1386 1448 1412 ς

321 1432 471 1470 Contra
490 1430 608 1469 Haedi
627 1430 817 1483 exiguum
831 1430 986 1481 jaciunt
1005 1430 1239 1469 mortalibus
1260 1431 1395 1484 ignem

319 1497 478 1549 Aurigae
496 1496 533 1534 in
551 1495 712 1535 manibus
726 1513 738 1540 ;
769 1493 869 1547 cujus
886 1495 1033 1547 vestigia
1036 1496 1212 1548 servans,

321 1562 515 1612 Corniger
534 1560 587 1598 est
607 1560 736 1598 valido
755 1560 948 1598 connixus
969 1573 1132 1613 corpore
1152 1562 1326 1608 Taurus,

319 1627 431 1679 Qem
448 1640 515 1664 non
534 1625 667 1678 difficili
680 1626 818 1664 ratione
834 1625 1017 1679 agnascere
1029 1625 1145 1678 pqffilr.

320 1694 487 1745 Namque
504 1692 601 1730 illum
618 1701 793 1730 exornant
811 1692 955 1730 externi
970 1691 1070 1730 haud
1084 1692 1206 1745 indiga
1209 1693 1318 1745 signi

320 1757 458 1802 Sidera,
489 1771 569 1811 quae
585 1757 714 1796 vivum
732 1766 842 1809 caput
861 1757 921 1796 olli
936 1758 1107 1810 utrinque
1110 1758 1301 1809 figurant,

319 1825 460 1877 Inclyta
472 1832 542 1876 per
560 1832 672 1861 totam
677 1823 897 1876 spargentia
915 1823 1049 1860 lumina
1054 1823 1223 1874 frontem
1237 1839 1251 1861 :

321 1890 404 1928 Has
427 1890 557 1929 Graeci
578 1889 703 1927 stellas
725 1889 884 1940 Hyadas
903 1889 1074 1926 vocitare
1094 1888 1267 1928 suerunt.

321 1955 394 1994 Sed
400 1965 464 2007 pes
486 1955 645 2008 Aurtgae
665 1954 803 1999 dexter,
833 1968 1009 2007 cornuque
1011 1953 1198 2005 sinistrum

324 2017 442 2059 Tauri
458 2035 525 2059 uno
540 2021 619 2073 igne
637 2020 770 2058 micant
787 2037 797 2064 ς
824 2019 1036 2072 pariterque
1039 2020 1226 2072 feruntur
1245 2029 1394 2073 uterque
1411 2033 1427 2057 .-

322 2082 381 2119 At
393 2081 499 2133 prior
518 2082 666 2133 Auriga
684 2082 798 2119 latum
810 2080 909 2133 petit
927 2094 1090 2119 oceanum
1108 2081 1194 2125 Bos,

324 2147 415 2186 Cum
434 2157 550 2186 tamen
569 2162 586 2186 e
597 2146 748 2200 placidis
753 2148 919 2200 surgant
923 2146 1040 2197 simul
1052 2147 1204 2200 aequoris
1222 2146 1339 2186 undis.

323 2212 420 2264 Qin
439 2213 544 2251 etiam
559 2212 684 2265 Iafidae
701 2212 819 2252 domus
837 2212 1072 2265 anti'qufflma
1095 2213 1228 2266 Cephei

324 2278 512 2316 AErumnis
530 2278 574 2330 est
589 2288 673 2316 nota
678 2279 773 2328 suis,
803 2292 909 2331 quam
928 2278 1086 2331 Jupiter
1104 2280 1231 2317 audior

324 2343 499 2396 Progenii
501 2343 623 2395 subito
635 2344 827 2396 praeclaris
844 2344 969 2382 intulit
987 2343 1090 2396 astris
1101 2358 1116 2382 .-

323 2409 510 2461 Namque
531 2408 658 2460 ipsum
679 2409 724 2446 ad
747 2419 902 2461 tergum
923 2409 1134 2460 Cynosurae
1154 2409 1318 2448 vertitur
1338 2408 1448 2446 Areti

320 2474 448 2526 Iasides
462 2474 579 2527 pcvfis
599 2473 784 2526 distendens
803 2473 952 2514 brachia
964 2474 1108 2526 palmis,

1632 240 1706 279 ¹19

1631 400 1705 440 ¹55

1631 711 1707 751 160

1632 1044 1706 1095 165

1631 1381 1706 1420 170

1630 1706 1704 1747 175

1630 2020 1705 2059 180

1629 2342 1704 2396 185
