<?xml version="1.0" encoding="UTF-8"?>
<!DOCTYPE html PUBLIC "-//W3C//DTD XHTML 1.0 Transitional//EN"
    "http://www.w3.org/TR/xhtml1/DTD/xhtml1-transitional.dtd">
<html xmlns="http://www.w3.org/1999/xhtml" xml:lang="en" lang="en">
 <head>
  <title>
</title>
<meta http-equiv="Content-Type" content="text/html;charset=utf-8" />
  <meta name='ocr-system' content='tesseract 3.04.00' />
  <meta name='ocr-capabilities' content='ocr_page ocr_carea ocr_par ocr_line ocrx_word'/>
</head>
<body>
  <div class='ocr_page' id='page_1' title='image "./operacumindicibu09ciceuoft_0117.png"; bbox 0 0 2335 3009; ppageno 0'>
   <div class='ocr_carea' id='block_1_1' title="bbox 737 201 1740 265">
    <p class='ocr_par' dir='ltr' id='par_1_1' title="bbox 737 201 1740 265">
     <span class='ocr_line' id='line_1_1' title="bbox 737 201 1740 265; baseline 0.002 -22"><span class='ocrx_word' id='word_1_1' title='bbox 737 201 1340 243; x_wconf 83' lang='lat' dir='ltr'>FRAGMENTA.</span> <span class='ocrx_word' id='word_1_2' title='bbox 1666 224 1740 265; x_wconf 74' lang='lat'>109</span> 
     </span>
    </p>
   </div>
   <div class='ocr_carea' id='block_1_2' title="bbox 342 300 1740 685">
    <p class='ocr_par' dir='ltr' id='par_1_2' title="bbox 349 300 1737 410">
     <span class='ocr_line' id='line_1_2' title="bbox 403 300 1737 357; baseline 0.003 -12"><span class='ocrx_word' id='word_1_3' title='bbox 403 304 630 357; x_wconf 86' lang='lat' dir='ltr'>Involvere.]</span> <span class='ocrx_word' id='word_1_4' title='bbox 662 302 736 342; x_wconf 91' lang='lat' dir='ltr'>Sed</span> <span class='ocrx_word' id='word_1_5' title='bbox 766 301 875 356; x_wconf 92' lang='lat' dir='ltr'>quod</span> <span class='ocrx_word' id='word_1_6' title='bbox 904 300 1052 340; x_wconf 86' lang='lat' dir='ltr'>videret</span> <span class='ocrx_word' id='word_1_7' title='bbox 1082 302 1247 341; x_wconf 89' lang='lat' dir='ltr'>nomine</span> <span class='ocrx_word' id='word_1_8' title='bbox 1277 304 1384 357; x_wconf 88' lang='lat' dir='ltr'>pacis</span> <span class='ocrx_word' id='word_1_9' title='bbox 1407 303 1558 346; x_wconf 90' lang='lat' dir='ltr'>bellum</span> <span class='ocrx_word' id='word_1_10' title='bbox 1578 308 1737 349; x_wconf 84' lang='lat' dir='ltr'>involu-</span> 
     </span>
     <span class='ocr_line' id='line_1_3' title="bbox 349 369 554 410; baseline -0.005 -1"><span class='ocrx_word' id='word_1_11' title='bbox 349 379 436 410; x_wconf 88' lang='lat' dir='ltr'>tum</span> <span class='ocrx_word' id='word_1_12' title='bbox 455 369 554 409; x_wconf 88' lang='lat' dir='ltr'>fore.</span> 
     </span>
    </p>

    <p class='ocr_par' dir='ltr' id='par_1_3' title="bbox 346 431 1740 554">
     <span class='ocr_line' id='line_1_4' title="bbox 402 431 1740 489; baseline 0.006 -15"><span class='ocrx_word' id='word_1_13' title='bbox 402 437 598 489; x_wconf 68' lang='lat' dir='ltr'>Ignqshere,</span> <span class='ocrx_word' id='word_1_14' title='bbox 628 447 672 472; x_wconf 89' lang='lat' dir='ltr'>ac</span> <span class='ocrx_word' id='word_1_15' title='bbox 692 431 920 484; x_wconf 83' lang='lat' dir='ltr'>Concedere.]</span> <span class='ocrx_word' id='word_1_16' title='bbox 953 432 1074 485; x_wconf 83' lang='lat' dir='ltr'>Qod</span> <span class='ocrx_word' id='word_1_17' title='bbox 1094 432 1197 472; x_wconf 87' lang='lat' dir='ltr'>mihi</span> <span class='ocrx_word' id='word_1_18' title='bbox 1215 443 1256 473; x_wconf 94' lang='lat' dir='ltr'>et</span> <span class='ocrx_word' id='word_1_19' title='bbox 1286 434 1476 489; x_wconf 87' lang='lat' dir='ltr'>Philippo</span> <span class='ocrx_word' id='word_1_20' title='bbox 1496 442 1740 481; x_wconf 89' lang='lat' dir='ltr'>vacationem</span> 
     </span>
     <span class='ocr_line' id='line_1_5' title="bbox 346 499 1736 554; baseline 0.006 -15"><span class='ocrx_word' id='word_1_21' title='bbox 346 500 427 546; x_wconf 91' lang='lat' dir='ltr'>das,</span> <span class='ocrx_word' id='word_1_22' title='bbox 447 501 506 539; x_wconf 90' lang='lat' dir='ltr'>bis</span> <span class='ocrx_word' id='word_1_23' title='bbox 523 500 690 554; x_wconf 85' lang='lat' dir='ltr'>gaudeo.</span> <span class='ocrx_word' id='word_1_24' title='bbox 722 500 830 538; x_wconf 88' lang='lat' dir='ltr'>Nam</span> <span class='ocrx_word' id='word_1_25' title='bbox 845 508 884 538; x_wconf 88' lang='lat' dir='ltr'>et</span> <span class='ocrx_word' id='word_1_26' title='bbox 904 499 1111 552; x_wconf 86' lang='lat' dir='ltr'>praeteritis</span> <span class='ocrx_word' id='word_1_27' title='bbox 1126 499 1313 552; x_wconf 87' lang='lat' dir='ltr'>ignoscis,</span> <span class='ocrx_word' id='word_1_28' title='bbox 1331 510 1370 539; x_wconf 91' lang='lat' dir='ltr'>et</span> <span class='ocrx_word' id='word_1_29' title='bbox 1390 505 1573 544; x_wconf 88' lang='lat' dir='ltr'>concedis</span> <span class='ocrx_word' id='word_1_30' title='bbox 1589 506 1736 549; x_wconf 88' lang='lat' dir='ltr'>futura.</span> 
     </span>
    </p>

    <p class='ocr_par' dir='ltr' id='par_1_4' title="bbox 342 564 1739 685">
     <span class='ocr_line' id='line_1_6' title="bbox 401 564 1739 619; baseline 0.006 -13"><span class='ocrx_word' id='word_1_31' title='bbox 401 566 556 619; x_wconf 62' lang='lat' dir='ltr'>Ferox]</span> <span class='ocrx_word' id='word_1_32' title='bbox 592 568 728 619; x_wconf 86' lang='lat' dir='ltr'>Itaque</span> <span class='ocrx_word' id='word_1_33' title='bbox 759 579 907 611; x_wconf 86' lang='lat' dir='ltr'>vereor,</span> <span class='ocrx_word' id='word_1_34' title='bbox 939 579 988 604; x_wconf 88' lang='lat' dir='ltr'>ne</span> <span class='ocrx_word' id='word_1_35' title='bbox 1019 564 1253 606; x_wconf 90' lang='lat' dir='ltr'>ferociorem</span> <span class='ocrx_word' id='word_1_36' title='bbox 1284 581 1376 607; x_wconf 89' lang='lat' dir='ltr'>eum</span> <span class='ocrx_word' id='word_1_37' title='bbox 1401 568 1550 610; x_wconf 86' lang='lat' dir='ltr'>faciant</span> <span class='ocrx_word' id='word_1_38' title='bbox 1572 582 1638 612; x_wconf 90' lang='lat' dir='ltr'>tua</span> <span class='ocrx_word' id='word_1_39' title='bbox 1658 584 1739 614; x_wconf 88' lang='lat' dir='ltr'>tam</span> 
     </span>
     <span class='ocr_line' id='line_1_7' title="bbox 342 631 841 685; baseline 0 -15"><span class='ocrx_word' id='word_1_40' title='bbox 342 632 527 685; x_wconf 87' lang='lat' dir='ltr'>praeclara</span> <span class='ocrx_word' id='word_1_41' title='bbox 546 633 593 671; x_wconf 92' lang='lat' dir='ltr'>de</span> <span class='ocrx_word' id='word_1_42' title='bbox 613 645 659 670; x_wconf 93' lang='lat' dir='ltr'>eo</span> <span class='ocrx_word' id='word_1_43' title='bbox 673 631 841 684; x_wconf 89' lang='lat' dir='ltr'>judicia.</span> 
     </span>
    </p>
   </div>
   <div class='ocr_carea' id='block_1_3' title="bbox 684 761 1393 808">
    <p class='ocr_par' dir='ltr' id='par_1_5' title="bbox 684 761 1393 808">
     <span class='ocr_line' id='line_1_8' title="bbox 684 761 1393 808; baseline 0.006 -9"><span class='ocrx_word' id='word_1_44' title='bbox 684 761 767 799; x_wconf 80' lang='lat' dir='ltr'>An</span> <span class='ocrx_word' id='word_1_45' title='bbox 815 774 1098 808; x_wconf 80' lang='lat' dir='ltr'>EUNDEM,</span> <span class='ocrx_word' id='word_1_46' title='bbox 1143 775 1191 800; x_wconf 85' lang='lat' dir='ltr'>ex</span> <span class='ocrx_word' id='word_1_47' title='bbox 1220 761 1294 801; x_wconf 89' lang='lat' dir='ltr'>lib.</span> <span class='ocrx_word' id='word_1_48' title='bbox 1328 764 1393 804; x_wconf 93' lang='grc' dir='ltr'>ΙΙ.</span> 
     </span>
    </p>
   </div>
   <div class='ocr_carea' id='block_1_4' title="bbox 332 860 1784 2301">
    <p class='ocr_par' dir='ltr' id='par_1_6' title="bbox 342 860 1736 981">
     <span class='ocr_line' id='line_1_9' title="bbox 399 860 1736 915; baseline 0.007 -16"><span class='ocrx_word' id='word_1_49' title='bbox 399 860 532 900; x_wconf 86' lang='lat' dir='ltr'>Omnia</span> <span class='ocrx_word' id='word_1_50' title='bbox 549 875 592 899; x_wconf 86' lang='lat' dir='ltr'>ex</span> <span class='ocrx_word' id='word_1_51' title='bbox 613 861 785 900; x_wconf 74' lang='lat' dir='ltr'>Nomo.</span> <span class='ocrx_word' id='word_1_52' title='bbox 817 860 1026 915; x_wconf 66' lang='lat' dir='ltr'><strong><em>I&#39;Zfi‘ffi‘m·]</em></strong></span> <span class='ocrx_word' id='word_1_53' title='bbox 1058 862 1132 901; x_wconf 91' lang='lat' dir='ltr'>Sed</span> <span class='ocrx_word' id='word_1_54' title='bbox 1163 863 1218 901; x_wconf 89' lang='lat' dir='ltr'>ita</span> <span class='ocrx_word' id='word_1_55' title='bbox 1247 863 1406 903; x_wconf 88' lang='lat' dir='ltr'>locutus</span> <span class='ocrx_word' id='word_1_56' title='bbox 1431 865 1573 906; x_wconf 86' lang='lat' dir='ltr'>insulse</span> <span class='ocrx_word' id='word_1_57' title='bbox 1592 867 1660 915; x_wconf 90' lang='lat' dir='ltr'>est,</span> <span class='ocrx_word' id='word_1_58' title='bbox 1692 880 1736 909; x_wconf 89' lang='lat' dir='ltr'>ut</span> 
     </span>
     <span class='ocr_line' id='line_1_10' title="bbox 342 927 1144 981; baseline 0.004 -17"><span class='ocrx_word' id='word_1_59' title='bbox 342 927 490 965; x_wconf 78' lang='lat' dir='ltr'>mirum</span> <span class='ocrx_word' id='word_1_60' title='bbox 511 927 663 966; x_wconf 88' lang='lat' dir='ltr'>senatus</span> <span class='ocrx_word' id='word_1_61' title='bbox 683 927 911 966; x_wconf 88' lang='lat' dir='ltr'>convicium</span> <span class='ocrx_word' id='word_1_62' title='bbox 931 929 1144 981; x_wconf 83' lang='lat' dir='ltr'>exceperit.</span> 
     </span>
    </p>

    <p class='ocr_par' dir='ltr' id='par_1_7' title="bbox 342 991 1736 1111">
     <span class='ocr_line' id='line_1_11' title="bbox 395 991 1736 1048; baseline 0.007 -18"><span class='ocrx_word' id='word_1_63' title='bbox 395 993 580 1045; x_wconf 85' lang='lat' dir='ltr'><em>Ignavum</em></span> <span class='ocrx_word' id='word_1_64' title='bbox 605 1003 641 1031; x_wconf 86' lang='lat' dir='ltr'>et</span> <span class='ocrx_word' id='word_1_65' title='bbox 657 991 803 1046; x_wconf 80' lang='lat' dir='ltr'>stgne.]</span> <span class='ocrx_word' id='word_1_66' title='bbox 836 994 884 1032; x_wconf 90' lang='lat' dir='ltr'>In</span> <span class='ocrx_word' id='word_1_67' title='bbox 915 1006 996 1046; x_wconf 89' lang='lat' dir='ltr'>quo</span> <span class='ocrx_word' id='word_1_68' title='bbox 1028 1003 1095 1032; x_wconf 89' lang='lat' dir='ltr'>tua</span> <span class='ocrx_word' id='word_1_69' title='bbox 1125 1007 1190 1033; x_wconf 89' lang='lat' dir='ltr'>me</span> <span class='ocrx_word' id='word_1_70' title='bbox 1220 997 1448 1048; x_wconf 90' lang='lat' dir='ltr'>provocavit</span> <span class='ocrx_word' id='word_1_71' title='bbox 1478 999 1618 1046; x_wconf 88' lang='lat' dir='ltr'>oratio,</span> <span class='ocrx_word' id='word_1_72' title='bbox 1649 1014 1736 1040; x_wconf 86' lang='lat' dir='ltr'>mea</span> 
     </span>
     <span class='ocr_line' id='line_1_12' title="bbox 342 1058 784 1111; baseline 0.002 -15"><span class='ocrx_word' id='word_1_73' title='bbox 342 1058 549 1096; x_wconf 69' lang='lat' dir='ltr'>consecuta</span> <span class='ocrx_word' id='word_1_74' title='bbox 569 1058 622 1096; x_wconf 90' lang='lat' dir='ltr'>est</span> <span class='ocrx_word' id='word_1_75' title='bbox 642 1059 784 1111; x_wconf 85' lang='lat' dir='ltr'>segnis.</span> 
     </span>
    </p>

    <p class='ocr_par' dir='ltr' id='par_1_8' title="bbox 342 1122 1732 1242">
     <span class='ocr_line' id='line_1_13' title="bbox 398 1122 1732 1177; baseline 0.007 -15"><span class='ocrx_word' id='word_1_76' title='bbox 398 1122 640 1177; x_wconf 64' lang='lat' dir='ltr'>CorgfeHum]</span> <span class='ocrx_word' id='word_1_77' title='bbox 673 1124 845 1168; x_wconf 88' lang='lat' dir='ltr'>Bellum,</span> <span class='ocrx_word' id='word_1_78' title='bbox 875 1132 919 1162; x_wconf 93' lang='lat' dir='ltr'>ut</span> <span class='ocrx_word' id='word_1_79' title='bbox 939 1124 1076 1177; x_wconf 88' lang='lat' dir='ltr'>opinio</span> <span class='ocrx_word' id='word_1_80' title='bbox 1097 1137 1183 1163; x_wconf 90' lang='lat' dir='ltr'>mea</span> <span class='ocrx_word' id='word_1_81' title='bbox 1201 1124 1292 1171; x_wconf 88' lang='lat' dir='ltr'>fert,</span> <span class='ocrx_word' id='word_1_82' title='bbox 1315 1140 1363 1165; x_wconf 84' lang='lat' dir='ltr'>ex</span> <span class='ocrx_word' id='word_1_83' title='bbox 1384 1128 1571 1167; x_wconf 91' lang='lat' dir='ltr'>consensu</span> <span class='ocrx_word' id='word_1_84' title='bbox 1593 1131 1732 1171; x_wconf 87' lang='lat' dir='ltr'>civita-</span> 
     </span>
     <span class='ocr_line' id='line_1_14' title="bbox 342 1189 1009 1242; baseline 0.001 -14"><span class='ocrx_word' id='word_1_85' title='bbox 342 1189 392 1228; x_wconf 65' lang='grc' dir='ltr'>εἰς</span> <span class='ocrx_word' id='word_1_86' title='bbox 413 1189 640 1228; x_wconf 80' lang='lat' dir='ltr'>confectum</span> <span class='ocrx_word' id='word_1_87' title='bbox 656 1191 739 1242; x_wconf 87' lang='lat' dir='ltr'>jam</span> <span class='ocrx_word' id='word_1_88' title='bbox 761 1189 1009 1229; x_wconf 87' lang='lat' dir='ltr'>haberemus.</span> 
     </span>
    </p>

    <p class='ocr_par' dir='ltr' id='par_1_9' title="bbox 339 1254 1732 1373">
     <span class='ocr_line' id='line_1_15' title="bbox 396 1254 1732 1314; baseline 0.007 -21"><span class='ocrx_word' id='word_1_89' title='bbox 396 1254 576 1308; x_wconf 78' lang='lat' dir='ltr'>Cotssat.]</span> <span class='ocrx_word' id='word_1_90' title='bbox 609 1255 715 1292; x_wconf 90' lang='lat' dir='ltr'>Cum</span> <span class='ocrx_word' id='word_1_91' title='bbox 747 1254 912 1300; x_wconf 88' lang='lat' dir='ltr'>constet,</span> <span class='ocrx_word' id='word_1_92' title='bbox 944 1255 1134 1294; x_wconf 83' lang='lat' dir='ltr'>Caesarem</span> <span class='ocrx_word' id='word_1_93' title='bbox 1167 1256 1358 1309; x_wconf 86' lang='lat' dir='ltr'>Lupercis</span> <span class='ocrx_word' id='word_1_94' title='bbox 1390 1259 1431 1296; x_wconf 92' lang='lat' dir='ltr'>id</span> <span class='ocrx_word' id='word_1_95' title='bbox 1462 1261 1627 1314; x_wconf 67' lang='lat' dir='ltr'>vectigal</span> <span class='ocrx_word' id='word_1_96' title='bbox 1663 1263 1732 1302; x_wconf 81' lang='lat' dir='ltr'>de-</span> 
     </span>
     <span class='ocr_line' id='line_1_16' title="bbox 339 1319 1117 1373; baseline 0.001 -15"><span class='ocrx_word' id='word_1_97' title='bbox 339 1319 446 1366; x_wconf 80' lang='lat' dir='ltr'>diffe,</span> <span class='ocrx_word' id='word_1_98' title='bbox 479 1320 549 1373; x_wconf 77' lang='lat' dir='ltr'>qui</span> <span class='ocrx_word' id='word_1_99' title='bbox 569 1330 658 1358; x_wconf 88' lang='lat' dir='ltr'>ante</span> <span class='ocrx_word' id='word_1_100' title='bbox 679 1329 830 1373; x_wconf 88' lang='lat' dir='ltr'>poterat</span> <span class='ocrx_word' id='word_1_101' title='bbox 850 1320 891 1357; x_wconf 89' lang='lat' dir='ltr'>id</span> <span class='ocrx_word' id='word_1_102' title='bbox 912 1320 1084 1358; x_wconf 85' lang='lat' dir='ltr'>constare</span> <span class='ocrx_word' id='word_1_103' title='bbox 1103 1322 1117 1359; x_wconf 70' lang='grc' dir='ltr'><strong>Β</strong></span> 
     </span>
    </p>

    <p class='ocr_par' dir='ltr' id='par_1_10' title="bbox 333 1385 1730 1572">
     <span class='ocr_line' id='line_1_17' title="bbox 391 1385 1730 1442; baseline 0.007 -18"><span class='ocrx_word' id='word_1_104' title='bbox 391 1385 592 1439; x_wconf 67' lang='grc' dir='ltr'><em>Βιῂίεενε.]</em></span> <span class='ocrx_word' id='word_1_105' title='bbox 625 1386 746 1425; x_wconf 90' lang='lat' dir='ltr'>Adest</span> <span class='ocrx_word' id='word_1_106' title='bbox 765 1385 878 1424; x_wconf 84' lang='lat' dir='ltr'>Albae</span> <span class='ocrx_word' id='word_1_107' title='bbox 900 1386 1030 1425; x_wconf 89' lang='lat' dir='ltr'>nescio</span> <span class='ocrx_word' id='word_1_108' title='bbox 1050 1386 1140 1440; x_wconf 84' lang='lat' dir='ltr'>quis</span> <span class='ocrx_word' id='word_1_109' title='bbox 1163 1386 1371 1433; x_wconf 89' lang='lat' dir='ltr'>Claudius,</span> <span class='ocrx_word' id='word_1_110' title='bbox 1403 1403 1521 1442; x_wconf 86' lang='lat' dir='ltr'>quern</span> <span class='ocrx_word' id='word_1_111' title='bbox 1543 1404 1636 1432; x_wconf 91' lang='lat' dir='ltr'>cum</span> <span class='ocrx_word' id='word_1_112' title='bbox 1669 1409 1730 1433; x_wconf 87' lang='lat' dir='ltr'>re-</span> 
     </span>
     <span class='ocr_line' id='line_1_18' title="bbox 337 1451 1729 1505; baseline 0.007 -15"><span class='ocrx_word' id='word_1_113' title='bbox 337 1451 445 1491; x_wconf 88' lang='lat' dir='ltr'>stitui</span> <span class='ocrx_word' id='word_1_114' title='bbox 460 1452 637 1505; x_wconf 73' lang='lat' dir='ltr'>jufiiffet‚</span> <span class='ocrx_word' id='word_1_115' title='bbox 653 1455 819 1491; x_wconf 84' lang='lat' dir='ltr'>Ancone</span> <span class='ocrx_word' id='word_1_116' title='bbox 839 1466 932 1491; x_wconf 90' lang='lat' dir='ltr'>cum</span> <span class='ocrx_word' id='word_1_117' title='bbox 953 1466 998 1490; x_wconf 89' lang='lat' dir='ltr'>eo</span> <span class='ocrx_word' id='word_1_118' title='bbox 1019 1452 1190 1505; x_wconf 66' lang='lat' dir='ltr'>dejectus</span> <span class='ocrx_word' id='word_1_119' title='bbox 1211 1453 1264 1492; x_wconf 92' lang='lat' dir='ltr'>est</span> <span class='ocrx_word' id='word_1_120' title='bbox 1284 1468 1332 1492; x_wconf 83' lang='lat' dir='ltr'>ex</span> <span class='ocrx_word' id='word_1_121' title='bbox 1353 1455 1729 1501; x_wconf 83' lang='lat' dir='ltr'>senatus-consulto.</span> 
     </span>
     <span class='ocr_line' id='line_1_19' title="bbox 333 1518 1222 1572; baseline 0.002 -16"><span class='ocrx_word' id='word_1_122' title='bbox 333 1547 336 1549; x_wconf 83' lang='lat'>-</span> <span class='ocrx_word' id='word_1_123' title='bbox 391 1518 578 1571; x_wconf 61' lang='lat' dir='ltr'>Irgsolens]</span> <span class='ocrx_word' id='word_1_124' title='bbox 611 1519 805 1564; x_wconf 82' lang='lat' dir='ltr'>Insolens,</span> <span class='ocrx_word' id='word_1_125' title='bbox 834 1532 1031 1571; x_wconf 88' lang='lat' dir='ltr'>arrogans,</span> <span class='ocrx_word' id='word_1_126' title='bbox 1057 1521 1222 1572; x_wconf 66' lang='lat' dir='ltr'>jactans.</span> 
     </span>
    </p>

    <p class='ocr_par' dir='ltr' id='par_1_11' title="bbox 337 1583 1726 1703">
     <span class='ocr_line' id='line_1_20' title="bbox 392 1583 1726 1639; baseline 0.007 -17"><span class='ocrx_word' id='word_1_127' title='bbox 392 1583 623 1636; x_wconf 64' lang='lat' dir='ltr'>Secundum]</span> <span class='ocrx_word' id='word_1_128' title='bbox 648 1585 848 1637; x_wconf 84' lang='lat' dir='ltr'>Scriptum</span> <span class='ocrx_word' id='word_1_129' title='bbox 869 1595 949 1623; x_wconf 87' lang='lat' dir='ltr'>erat</span> <span class='ocrx_word' id='word_1_130' title='bbox 969 1585 1143 1638; x_wconf 88' lang='lat' dir='ltr'>equestre</span> <span class='ocrx_word' id='word_1_131' title='bbox 1162 1585 1344 1639; x_wconf 84' lang='lat' dir='ltr'>praelium</span> <span class='ocrx_word' id='word_1_132' title='bbox 1365 1587 1476 1627; x_wconf 85' lang='lat' dir='ltr'>valde</span> <span class='ocrx_word' id='word_1_133' title='bbox 1496 1589 1726 1639; x_wconf 84' lang='lat' dir='ltr'>secundum,</span> 
     </span>
     <span class='ocr_line' id='line_1_21' title="bbox 337 1650 825 1703; baseline 0.002 -15"><span class='ocrx_word' id='word_1_134' title='bbox 337 1650 434 1703; x_wconf 85' lang='lat' dir='ltr'>quin</span> <span class='ocrx_word' id='word_1_135' title='bbox 455 1651 586 1703; x_wconf 83' lang='lat' dir='ltr'>potius</span> <span class='ocrx_word' id='word_1_136' title='bbox 607 1650 825 1689; x_wconf 86' lang='lat' dir='ltr'>adversum.</span> 
     </span>
    </p>

    <p class='ocr_par' dir='ltr' id='par_1_12' title="bbox 333 1714 1726 1953">
     <span class='ocr_line' id='line_1_22' title="bbox 390 1714 1725 1771; baseline 0.007 -18"><span class='ocrx_word' id='word_1_137' title='bbox 390 1714 550 1768; x_wconf 53' lang='lat' dir='ltr'>Met-en]</span> <span class='ocrx_word' id='word_1_138' title='bbox 582 1717 714 1768; x_wconf 85' lang='lat' dir='ltr'>Qem</span> <span class='ocrx_word' id='word_1_139' title='bbox 735 1715 870 1769; x_wconf 84' lang='lat' dir='ltr'>periffe</span> <span class='ocrx_word' id='word_1_140' title='bbox 891 1716 944 1754; x_wconf 88' lang='lat' dir='ltr'>ita</span> <span class='ocrx_word' id='word_1_141' title='bbox 965 1715 1012 1754; x_wconf 92' lang='lat' dir='ltr'>de</span> <span class='ocrx_word' id='word_1_142' title='bbox 1031 1717 1235 1769; x_wconf 84' lang='lat' dir='ltr'>republica</span> <span class='ocrx_word' id='word_1_143' title='bbox 1264 1728 1481 1758; x_wconf 89' lang='lat' dir='ltr'>merentem</span> <span class='ocrx_word' id='word_1_144' title='bbox 1508 1722 1725 1771; x_wconf 90' lang='lat' dir='ltr'>consulem,</span> 
     </span>
     <span class='ocr_line' id='line_1_23' title="bbox 336 1780 736 1820; baseline 0.003 -1"><span class='ocrx_word' id='word_1_145' title='bbox 336 1780 587 1820; x_wconf 86' lang='lat' dir='ltr'>vehementer</span> <span class='ocrx_word' id='word_1_146' title='bbox 608 1782 736 1820; x_wconf 80' lang='lat' dir='ltr'>dolce.</span> 
     </span>
     <span class='ocr_line' id='line_1_24' title="bbox 342 1846 1726 1904; baseline 0.007 -19"><span class='ocrx_word' id='word_1_147' title='bbox 342 1874 345 1879; x_wconf 84' lang='grc'><strong>-</strong></span> <span class='ocrx_word' id='word_1_148' title='bbox 388 1847 606 1901; x_wconf 67' lang='lat' dir='ltr'>Praestare]</span> <span class='ocrx_word' id='word_1_149' title='bbox 638 1850 705 1886; x_wconf 86' lang='lat' dir='ltr'>Tu</span> <span class='ocrx_word' id='word_1_150' title='bbox 737 1847 764 1886; x_wconf 84' lang='lat' dir='ltr'>fi</span> <span class='ocrx_word' id='word_1_151' title='bbox 797 1861 924 1887; x_wconf 88' lang='lat' dir='ltr'>meam</span> <span class='ocrx_word' id='word_1_152' title='bbox 956 1846 1075 1887; x_wconf 88' lang='lat' dir='ltr'>fidem</span> <span class='ocrx_word' id='word_1_153' title='bbox 1106 1849 1343 1902; x_wconf 86' lang='lat' dir='ltr'>praestiteris,</span> <span class='ocrx_word' id='word_1_154' title='bbox 1375 1852 1482 1904; x_wconf 87' lang='lat' dir='ltr'>quod</span> <span class='ocrx_word' id='word_1_155' title='bbox 1509 1854 1668 1894; x_wconf 88' lang='lat' dir='ltr'>confido</span> <span class='ocrx_word' id='word_1_156' title='bbox 1689 1866 1726 1895; x_wconf 89' lang='lat' dir='ltr'>te</span> 
     </span>
     <span class='ocr_line' id='line_1_25' title="bbox 333 1912 636 1953; baseline 0.007 -2"><span class='ocrx_word' id='word_1_157' title='bbox 333 1912 405 1952; x_wconf 84' lang='lat' dir='ltr'>effe</span> <span class='ocrx_word' id='word_1_158' title='bbox 425 1913 636 1953; x_wconf 71' lang='lat' dir='ltr'>facturum.</span> 
     </span>
    </p>

    <p class='ocr_par' dir='ltr' id='par_1_13' title="bbox 332 1974 1723 2086">
     <span class='ocr_line' id='line_1_26' title="bbox 389 1974 1723 2041; baseline 0.007 -23"><span class='ocrx_word' id='word_1_159' title='bbox 389 1979 584 2033; x_wconf 86' lang='lat' dir='ltr'>Spurcus.]</span> <span class='ocrx_word' id='word_1_160' title='bbox 631 1981 737 2018; x_wconf 89' lang='lat' dir='ltr'>Cum</span> <span class='ocrx_word' id='word_1_161' title='bbox 772 1979 846 2019; x_wconf 87' lang='lat' dir='ltr'>iter</span> <span class='ocrx_word' id='word_1_162' title='bbox 882 1979 1054 2019; x_wconf 81' lang='lat' dir='ltr'>facerem</span> <span class='ocrx_word' id='word_1_163' title='bbox 1088 1974 1315 2021; x_wconf 75' lang='lat' dir='ltr'>Claternarn</span> <span class='ocrx_word' id='word_1_164' title='bbox 1350 1985 1577 2037; x_wconf 89' lang='lat' dir='ltr'>tempestate</span> <span class='ocrx_word' id='word_1_165' title='bbox 1610 1987 1723 2041; x_wconf 80' lang='lat' dir='ltr'>spur·</span> 
     </span>
     <span class='ocr_line' id='line_1_27' title="bbox 332 2045 495 2086; baseline 0.018 -3"><span class='ocrx_word' id='word_1_166' title='bbox 332 2045 495 2086; x_wconf 83' lang='lat' dir='ltr'>ciffima.</span> 
     </span>
    </p>

    <p class='ocr_par' dir='ltr' id='par_1_14' title="bbox 332 2112 1784 2218">
     <span class='ocr_line' id='line_1_28' title="bbox 386 2112 1784 2169; baseline 0.005 -18"><span class='ocrx_word' id='word_1_167' title='bbox 386 2112 594 2166; x_wconf 61' lang='lat' dir='ltr'>Locuples]</span> <span class='ocrx_word' id='word_1_168' title='bbox 627 2112 746 2152; x_wconf 88' lang='lat' dir='ltr'>Nihil</span> <span class='ocrx_word' id='word_1_169' title='bbox 768 2113 932 2153; x_wconf 88' lang='lat' dir='ltr'>omnino</span> <span class='ocrx_word' id='word_1_170' title='bbox 953 2113 1064 2160; x_wconf 87' lang='lat' dir='ltr'>certi,</span> <span class='ocrx_word' id='word_1_171' title='bbox 1096 2127 1168 2153; x_wconf 92' lang='lat' dir='ltr'>nec</span> <span class='ocrx_word' id='word_1_172' title='bbox 1188 2114 1431 2169; x_wconf 85' lang='lat' dir='ltr'>locupletem</span> <span class='ocrx_word' id='word_1_173' title='bbox 1451 2117 1498 2156; x_wconf 92' lang='lat' dir='ltr'>ad</span> <span class='ocrx_word' id='word_1_174' title='bbox 1528 2117 1606 2159; x_wconf 94' lang='lat' dir='ltr'>hoc</span> <span class='ocrx_word' id='word_1_175' title='bbox 1626 2133 1720 2160; x_wconf 87' lang='lat' dir='ltr'>auc·</span> <span class='ocrx_word' id='word_1_176' title='bbox 1782 2156 1784 2158; x_wconf 87' lang='lat'>.</span> 
     </span>
     <span class='ocr_line' id='line_1_29' title="bbox 332 2177 733 2218; baseline 0.007 -3"><span class='ocrx_word' id='word_1_177' title='bbox 332 2186 456 2216; x_wconf 75' lang='lat' dir='ltr'>torem</span> <span class='ocrx_word' id='word_1_178' title='bbox 476 2177 733 2218; x_wconf 85' lang='lat' dir='ltr'>habebamus.</span> 
     </span>
    </p>

    <p class='ocr_par' dir='ltr' id='par_1_15' title="bbox 386 2244 1539 2301">
     <span class='ocr_line' id='line_1_30' title="bbox 386 2244 1539 2301; baseline 0.006 -19"><span class='ocrx_word' id='word_1_179' title='bbox 386 2244 622 2298; x_wconf 68' lang='lat' dir='ltr'>Paludatus]</span> <span class='ocrx_word' id='word_1_180' title='bbox 654 2247 855 2285; x_wconf 88' lang='lat' dir='ltr'>Antonius</span> <span class='ocrx_word' id='word_1_181' title='bbox 876 2246 1036 2286; x_wconf 89' lang='lat' dir='ltr'>demens</span> <span class='ocrx_word' id='word_1_182' title='bbox 1057 2255 1146 2287; x_wconf 88' lang='lat' dir='ltr'>ante</span> <span class='ocrx_word' id='word_1_183' title='bbox 1166 2247 1298 2287; x_wconf 86' lang='lat' dir='ltr'>lucem</span> <span class='ocrx_word' id='word_1_184' title='bbox 1309 2249 1539 2301; x_wconf 84' lang='lat' dir='ltr'>paludatus.</span> 
     </span>
    </p>
   </div>
   <div class='ocr_carea' id='block_1_5' title="bbox 655 2373 1389 2422">
    <p class='ocr_par' dir='ltr' id='par_1_16' title="bbox 655 2373 1389 2422">
     <span class='ocr_line' id='line_1_31' title="bbox 655 2373 1389 2422; baseline 0.005 -10"><span class='ocrx_word' id='word_1_185' title='bbox 655 2373 738 2413; x_wconf 84' lang='lat' dir='ltr'>An</span> <span class='ocrx_word' id='word_1_186' title='bbox 784 2387 1065 2422; x_wconf 75' lang='lat' dir='ltr'>EUNDEM,</span> <span class='ocrx_word' id='word_1_187' title='bbox 1110 2390 1159 2415; x_wconf 82' lang='lat' dir='ltr'>ex</span> <span class='ocrx_word' id='word_1_188' title='bbox 1187 2377 1260 2416; x_wconf 89' lang='lat' dir='ltr'>lib.</span> <span class='ocrx_word' id='word_1_189' title='bbox 1293 2378 1389 2416; x_wconf 52' lang='lat'>1⁴11.</span> 
     </span>
    </p>
   </div>
   <div class='ocr_carea' id='block_1_6' title="bbox 386 2472 1713 2529">
    <p class='ocr_par' dir='ltr' id='par_1_17' title="bbox 386 2472 1713 2529">
     <span class='ocr_line' id='line_1_32' title="bbox 386 2472 1713 2529; baseline 0.009 -17"><span class='ocrx_word' id='word_1_190' title='bbox 386 2474 506 2513; x_wconf 64' lang='lat' dir='ltr'>Non.</span> <span class='ocrx_word' id='word_1_191' title='bbox 524 2472 693 2525; x_wconf 82' lang='lat' dir='ltr'>Invehi.]</span> <span class='ocrx_word' id='word_1_192' title='bbox 712 2474 848 2528; x_wconf 85' lang='lat' dir='ltr'>Itaque</span> <span class='ocrx_word' id='word_1_193' title='bbox 869 2475 910 2513; x_wconf 90' lang='lat' dir='ltr'>in</span> <span class='ocrx_word' id='word_1_194' title='bbox 931 2474 1023 2515; x_wconf 85' lang='lat' dir='ltr'>eum</span> <span class='ocrx_word' id='word_1_195' title='bbox 1040 2476 1168 2529; x_wconf 88' lang='lat' dir='ltr'>palam</span> <span class='ocrx_word' id='word_1_196' title='bbox 1183 2477 1435 2519; x_wconf 82' lang='lat' dir='ltr'>vehementer</span> <span class='ocrx_word' id='word_1_197' title='bbox 1449 2479 1503 2520; x_wconf 91' lang='lat' dir='ltr'>est</span> <span class='ocrx_word' id='word_1_198' title='bbox 1522 2480 1713 2524; x_wconf 58' lang='lat' dir='ltr'>inveous.</span> 
     </span>
    </p>
   </div>
  </div>
 </body>
</html>
