2335 3009
623 219 721 258 AD
780 214 1295 257 HERENNIUM
1355 215 1488 253 LIB.
1540 214 1573 254 1.

409 324 452 351 ut
495 315 564 357 ille,
601 315 662 363 qui
700 315 743 349 de
783 326 825 349 eo
867 313 973 353 servo,
1018 311 1079 360 qui

407 365 590 399 dominum
635 364 818 404 occiderat,
870 361 1080 410 supplicium

407 413 562 460 sumpsit,
589 412 645 446 cui
664 411 766 446 frater
782 411 873 453 effet,
895 422 1079 458 antequam

407 462 542 496 tabulas
561 460 749 495 testamenti
763 460 944 508 aperuerit,
957 472 998 494 cu
1005 472 1037 494 m
1053 459 1079 493 is

406 509 522 544 servus
539 509 761 544 manumiffus
775 509 974 543 testamento
987 508 1076 543 effer.

406 557 711 599 Neceffitudinem,
754 568 794 592 ut
837 558 904 599 ille,
940 558 1002 604 qui
1037 557 1078 591 ad

406 607 497 641 diem
522 617 736 641 commeatus
760 619 826 641 non
852 607 955 646 venit,
982 605 1079 653 quod

405 667 485 690 eum
509 668 611 703 aquae
636 655 902 690 interclusissent.
947 656 1078 702 Depre-

405 704 496 739 catio
525 705 584 747 est,
624 716 705 739 cum
735 713 768 739 et
802 704 952 751 peccaffe
982 704 1012 739 se
1045 713 1078 738 et

405 753 563 788 consulto
586 752 698 788 feciffe
724 765 799 788 reus
822 753 1018 795 confitetur,
1045 762 1079 787 et

405 811 518 837 tamen
537 802 699 850 postulat,
727 812 766 837 ut
781 802 828 837 sui
849 803 1075 837 misereantur.

405 851 489 885 Hoc
508 851 541 885 in
556 850 690 898 judicio
713 850 782 886 fere
799 863 867 885 non
886 851 996 898 potest
1015 850 1074 885 usu

405 900 531 940 venire,
559 900 618 935 nis1
649 900 790 947 quando
825 912 889 947 pro
919 912 960 935 eo
991 899 1075 934 dici-

405 961 496 991 mus,
523 948 621 995 cujus
645 950 754 984 multa
773 949 860 983 recte
877 947 966 983 faeta
994 961 1076 984 con-

404 997 502 1032 stant.
557 999 639 1032 Hoc
671 999 775 1032 modo
807 998 839 1032 in
871 998 950 1032 loco
980 1009 1075 1032 com—

404 1047 502 1081 muni
528 1059 588 1093 per
623 1047 924 1092 amplificationem
950 1045 1075 1093 injicie-

405 1107 507 1136 mus3
536 1095 632 1141 Quod
645 1096 680 1138 st
695 1095 750 1130 hoc
768 1096 896 1142 Jecifflt,
922 1104 1022 1130 tamen
1050 1099 1078 1130 ei

397 1154 459 1191 pro
475 1145 613 1190 pristinis
630 1144 778 1188 beneficiis
799 1143 912 1190 ignosci
932 1147 1077 1179 conveni-

403 1201 453 1228 ret
473 1207 485 1228 .·
527 1205 635 1228 verum
673 1194 755 1228 nihil
781 1193 918 1239 postulat
955 1195 1076 1240 ignosci.

404 1242 502 1289 Ergo
520 1243 554 1277 in
566 1241 741 1289 judicium
760 1255 828 1278 non
848 1242 960 1277 venit:
991 1252 1024 1277 at
1043 1242 1076 1277 in

404 1291 569 1333 senatum,
613 1303 672 1326 aut
705 1301 782 1326 ante
823 1291 1075 1337 imperatorem,

402 1348 437 1374 et
464 1339 498 1374 in
526 1339 719 1382 consilium,
747 1339 824 1375 talis
851 1340 949 1374 causa
966 1339 1076 1387 potest

402 1388 529 1430 venire,

453 1438 536 1473 XV.
577 1438 635 1473 Ex
669 1438 885 1474 transsatione
921 1437 1074 1473 criminis

401 1487 500 1522 causa
516 1487 659 1530 constat,
685 1500 767 1522 cum
789 1487 901 1522 feciffe
925 1499 985 1522 nos
1006 1500 1074 1523 non

402 1548 579 1583 negamus,
606 1536 660 1571 sed
679 1537 826 1572 aliorum
847 1536 993 1583 peccatis
1017 1549 1074 1571 co-

401 1585 494 1620 aeros
529 1585 642 1620 fecisse
675 1586 846 1621 dicimus:
876 1595 925 1627 ut,
957 1587 1075 1631 Orestes

402 1646 470 1668 cum
495 1634 525 1675 se
549 1634 699 1682 defendit,
741 1637 775 1669 in
801 1642 931 1670 matrem
956 1637 1075 1673 confert

403 1685 526 1719 crimen.
578 1683 635 1718 Ex
683 1684 873 1719 remotione
923 1683 1074 1719 criminis

403 1733 501 1768 causa
531 1733 674 1774 constat,
714 1745 796 1768 cum
826 1745 845 1767 a
875 1733 974 1768 nobis
1005 1746 1074 1768 non

403 1781 544 1825 crimen,
561 1782 615 1817 sed
633 1781 771 1829 culpam
798 1781 916 1829 ipsam,
937 1794 1073 1816 amove-

403 1843 494 1874 mus,
519 1842 553 1866 et
570 1831 624 1866 vel
645 1832 678 1866 in
703 1831 877 1866 hominem
902 1830 1072 1866 transferi-

403 1892 493 1923 mus,
522 1881 576 1916 vel
595 1880 628 1915 in
648 1892 717 1915 rem
736 1880 937 1927 quampiam
956 1879 1071 1916 confe-

402 1929 519 1965 rimus.
566 1930 603 1964 ln
633 1929 807 1965 hominem
841 1927 1071 1964 transfertur:

403 1987 455 2021 ut,
481 1980 515 2015 Si
533 1979 688 2025 accusetur
704 1981 743 2021 is,
769 1981 823 2026 qui
846 1979 887 2013 P.
909 1978 1074 2025 Sulpicium

394 2027 430 2073 fi
437 2027 591 2073 fateatur
607 2027 746 2075 occidiffe,
775 2037 804 2063 et
829 2028 864 2062 id
867 2027 955 2074 Juffic
972 2028 1074 2074 consu-

402 2076 466 2111 lum
485 2076 655 2123 defendat.-
683 2087 712 2113 et
739 2089 787 2112 eos
803 2077 889 2112 dicat
904 2089 964 2112 non
989 2076 1074 2112 modo

402 2125 572 2172 imperaffi,
594 2126 652 2173 sed
666 2129 818 2161 rationem
840 2138 953 2174 quoque
979 2126 1073 2170 osten-

402 2174 483 2222 diffe,
499 2187 596 2222 quare
611 2175 768 2219 idfacere
784 2175 898 2210 liceret.
942 2175 982 2210 In
1002 2187 1073 2210 rem

404 2222 592 2267 confertur,
607 2235 646 2260 ut
663 2225 687 2260 fi
705 2225 784 2272 quis
801 2237 843 2260 ex
861 2224 1073 2268 testamento,

403 2273 501 2320 quod
520 2271 630 2308 facere
646 2273 757 2320 juffus
780 2274 832 2316 sit,
857 2286 900 2309 ex
918 2273 1074 2322 plebisci-

403 2331 441 2356 to
458 2331 602 2356 vetetur.
651 2323 706 2357 Ex
724 2323 980 2371 comparatione
1007 2323 1072 2358 cri-

403 2369 505 2405 minis
529 2370 628 2405 causa
650 2371 793 2414 constat,
819 2384 900 2407 cum
925 2372 1073 2408 dicimus

404 2420 530 2454 necess‘e
553 2419 650 2454 fuiffe
668 2420 871 2455 alterutrum
893 2419 1014 2462 facere,
1040 2431 1074 2456 et

403 2469 452 2512 id,
488 2469 585 2516 quod
615 2467 811 2513 fecerimus,
844 2469 946 2506 satius
976 2469 1074 2506 fuiffe

1722 227 1799 269 ¹57

1130 311 1250 348 facere.
1295 312 1348 348 Ea
1375 311 1474 346 causa
1503 310 1698 359 hujusmodi
1723 312 1794 348 est:

1130 361 1165 396 C.
1185 361 1334 406 Popilius,
1365 373 1432 394 cum
1450 374 1469 395 a
1488 361 1591 396 Gallis
1605 360 1796 405 afficiemur,

1129 421 1220 456 neque
1236 410 1368 456 effugere
1384 409 1444 443 ullo
1461 410 1547 445 modo
1569 411 1675 457 pcſji’t,
1710 416 1799 448 venit

1130 471 1197 493 cum
1214 459 1339 503 hfstium
1356 458 1480 492 ducibus
1502 460 1535 493 in
1551 460 1795 504 collocutionem3

1129 510 1176 542 ita
1194 507 1327 554 disceſjit,
1355 516 1388 542 ut
1411 507 1624 553 impedimenta
1647 510 1797 557 relinque.

1128 565 1187 599 ret,
1227 560 1391 591 exercitum
1423 557 1584 600 educeret3
1611 560 1713 605 satius
1746 562 1798 610 effe

1128 605 1218 640 duxit
1234 608 1378 641 amittere
1393 607 1618 652 impedimenta,
1638 621 1730 656 quam
1747 623 1798 646 ex⁴

1128 657 1267 690 ercitum.
1311 656 1494 690 Exercitum
1527 657 1642 699 eduxit,
1672 660 1797 706 impedi-

1126 712 1227 739 menta
1245 703 1367 751 reliquit
1382 718 1389 739 :
1419 704 1578 748 arceffitur
1595 708 1772 752 majestatis.

1168 754 1271 788 XVI.
1285 754 1380 800 Qae
1391 753 1661 798 constitutiones,
1671 767 1704 791 et
1715 769 1798 804 quae

1127 802 1412 837 constitutionum
1432 813 1542 850 partes
1560 804 1636 847 fint,
1653 806 1727 840 satis
1745 807 1797 842 vi-

1127 851 1209 885 deor
1237 850 1424 887 ostendiffe.
1469 853 1574 887 Nunc
1601 865 1674 901 quo
1693 856 1798 892 modo

1126 912 1193 941 eas,
1219 910 1253 934 et
1271 912 1340 947 qua
1357 900 1424 942 via,
1450 901 1582 936 tractari
1602 905 1796 948 conveniat,

1127 949 1430 984 demonstrandum
1443 950 1503 992 est,
1520 951 1543 985 si
1562 951 1657 998 prius
1677 964 1796 999 aperu-

1126 998 1265 1038 erimus,
1285 999 1371 1045 quid
1389 1009 1545 1046 oporteat
1563 1001 1605 1035 ab
1626 1002 1797 1038 ambobus

1128 1047 1161 1081 in
1179 1048 1277 1082 causa
1295 1047 1465 1091 destinari,
1492 1061 1564 1095 quo
1583 1049 1668 1085 ratio
1685 1051 1798 1088 omnis

1128 1097 1234 1131 totius
1262 1097 1424 1132 orationis
1451 1097 1656 1134 conferatur.
1701 1100 1797 1136 Con-

1128 1145 1303 1179 stitutione
1345 1145 1449 1192 igitur
1492 1157 1633 1194 reperta,
1684 1148 1797 1186 statim

1127 1194 1314 1240 quaerenda
1356 1195 1403 1229 cst
1439 1195 1534 1230 ratio.
1587 1197 1693 1232 Ratio
1735 1199 1796 1241 est,

1127 1254 1206 1289 quae
1233 1243 1366 1278 causam
1388 1242 1484 1287 facit,
1510 1254 1543 1279 et
1560 1245 1714 1281 continet
1738 1248 1797 1282 de-

1126 1291 1324 1333 fensionem,
1353 1292 1417 1327 hoc
1437 1293 1553 1335 modo,
1576 1298 1633 1339 (ut
1650 1295 1796 1331 docendi

1127 1340 1225 1374 causa
1253 1339 1284 1374 in
1312 1341 1375 1375 hac
1401 1342 1612 1388 potiffimum
1639 1344 1797 1379 consista-

1127 1389 1220 1431 mus)
1247 1389 1394 1432 Orestes‚
1423 1402 1503 1425 cum
1532 1392 1737 1427 confiteatur
1766 1393 1799 1430 fe

1124 1438 1283 1472 occidisse
1297 1448 1453 1481 matrem,
1481 1439 1541 1474 nisi
1556 1441 1707 1477 attulerit
1725 1441 1796 1478 fac-

1125 1487 1149 1522 ti
1181 1487 1358 1530 rationem,
1403 1489 1602 1535 perverterit
1631 1490 1797 1526 defensio-

1124 1548 1215 1571 nem.
1261 1537 1358 1583 Ergo
1386 1537 1484 1572 affert
1509 1550 1608 1580 eam;
1635 1551 1716 1586 quae
1735 1540 1797 1576 nist

1125 1585 1366 1628 intercederet,
1420 1599 1460 1621 ne
1507 1587 1607 1622 causa
1655 1589 1797 1636 quidem

1124 1635 1213 1669 effet.
1270 1634 1331 1670 Illa
1367 1637 1457 1678 enim,
1505 1636 1628 1683 inquit,
1668 1647 1798 1683 patrem

1125 1696 1220 1718 meum
1242 1685 1406 1719 occiderat.
1450 1685 1546 1732 Ergo
1569 1691 1625 1732 (ut
1648 1687 1796 1731 ostendi)

1124 1733 1210 1767 ratio
1228 1745 1266 1767 ea
1283 1733 1342 1775 est,
1361 1745 1443 1780 quae
1461 1734 1613 1769 continet
1630 1735 1796 1772 defenfio-

1125 1794 1215 1824 nem,
1255 1782 1322 1816 fine
1350 1794 1420 1829 qua
1448 1795 1490 1817 ne
1520 1795 1626 1830 parva
1653 1785 1797 1831 quidem

1124 1831 1297 1866 dubitatio
1326 1831 1436 1878 potest
1466 1833 1625 1867 remorari
1655 1835 1796 1869 damna-

1124 1880 1263 1915 tionem.
1313 1881 1458 1915 Inventa
1491 1881 1634 1925 ratione,
1679 1883 1795 1918 firma-

1124 1939 1279 1964 mentum
1310 1929 1538 1976 quaerendum
1571 1931 1642 1972 est;
1671 1931 1705 1966 id
1734 1933 1798 1976 est,

1125 1979 1222 2026 quod
1241 1979 1392 2013 continet
1410 1979 1672 2023 accusationem,
1698 1982 1797 2029 quod

1125 2027 1267 2062 affertur
1288 2038 1408 2062 contra
1440 2029 1605 2063 rationem
1629 2029 1795 2065 defensio-

1125 2076 1190 2119 nis,
1217 2076 1259 2111 de
1289 2089 1359 2124 qua
1389 2087 1465 2112 ante
1495 2078 1628 2113 dictum
1654 2079 1712 2114 est.
1755 2079 1796 2114 ld

1125 2125 1352 2161 constituetur
1369 2126 1434 2161 hoc
1451 2127 1576 2162 modo:
1604 2129 1696 2162 Cum
1715 2128 1795 2164 usus

1123 2173 1228 2210 fuerit
1254 2175 1388 2210 Orestes
1419 2176 1559 2218 ratione,
1586 2176 1651 2211 hoc
1679 2177 1794 2223 paeto,

1124 2225 1209 2270 Jure
1240 2225 1346 2266 occidi,
1372 2224 1430 2259 illa
1454 2227 1530 2259 enim
1542 2234 1668 2271 patrem
1694 2237 1795 2260 meum

1125 2273 1304 2316 occiderat3
1338 2283 1453 2309 utetur
1480 2273 1654 2308 accusator
1680 2274 1794 2309 firma-

1124 2332 1253 2366 mento,
1293 2323 1358 2358 hoc
1392 2323 1521 2357 modo:
1558 2321 1616 2357 Sed
1644 2334 1704 2357 non
1737 2324 1795 2359 abs

1122 2380 1153 2407 te
1193 2379 1296 2406 tamen
1324 2371 1430 2413 occidi,
1465 2383 1557 2418 neque
1584 2371 1796 2407 indemnatam

1118 2429 1226 2467 poenas
1253 2419 1397 2466 pendere,
1429 2423 1576 2467 oportuit.
1621 2422 1676 2456 Ex
1692 2424 1794 2458 ratio·

1123 2482 1165 2505 ne
1197 2468 1412 2512 defenfiouis,
1458 2478 1493 2506 et
1525 2481 1567 2506 ex
1599 2469 1797 2507 firmamen-
