2335 3009
645 204 738 243 AD
796 202 862 253 Q
913 203 1276 242 FRATREM
1334 205 1467 246 LIB.
1518 208 1553 245 I.
1747 218 1795 259 17

714 434 983 472 MARCUS
1031 435 1380 486 QFRATR1
1429 436 1467 473 S.

401 560 456 598 II.
482 559 528 631 S
544 562 681 600 TAT
698 562 714 600 Ι
729 562 768 599 U
783 562 805 599 S
836 561 883 599 ad
904 575 967 600 me
988 561 1095 600 venit
1115 576 1148 600 a.
1173 561 1212 600 d.
1237 575 1324 601 V111
1347 562 1428 602 kal.
1452 562 1654 602 Novemb.
1687 564 1785 615 Ejus

558 625 761 671 adventus,
784 626 891 679 quod
917 627 970 664 ita
991 626 1168 679 scripsisti
1189 627 1389 680 direptum
1411 628 1459 666 iri
1481 637 1516 665 te
1537 641 1558 664 a
1579 628 1672 672 tuis,
1690 627 1786 665 dum

397 690 430 728 is
451 690 606 736 abesset,
632 691 817 730 molestus
838 691 939 730 mihi
960 691 1053 730 fuit.
1086 692 1207 744 Qod
1227 703 1358 731 autem
1379 693 1690 745 expe-{tationem
1712 694 1786 739 tui,

398 757 711 809 concursumque
731 771 837 802 eum,
869 758 939 810 qui
959 766 1039 795 erat
1058 757 1232 803 futurus,
1264 758 1290 796 fi
1318 772 1395 796 una
1415 767 1548 796 tecum
1569 757 1786 803 decederet,

398 834 525 874 neque
544 832 654 861 antea
674 823 776 861 visus
797 823 901 868 esset,
934 822 1086 860 sustulit
1103 841 1114 868 ς
1147 823 1189 860 id
1217 822 1319 861 mihi
1352 837 1432 862 non
1452 823 1705 862 incommode
1725 824 1787 861 vi-

398 886 484 925 sum
503 887 557 925 est
572 887 763 926 accidiffe.
797 887 1018 926 Exhaustus
1039 888 1145 926 enim
1161 888 1215 926 est
1235 889 1360 927 sermo
1375 888 1603 934 hominum,
1620 898 1659 927 et
1678 888 1787 926 mul-

398 952 448 990 tis
469 953 609 992 emiffae
624 954 707 1006 jam
728 953 920 1006 ejusmodi
941 967 1069 999 voces,
1090 952 1165 988 ἀλλ’
1183 950 1251 988 αἰεί
1268 967 1338 988 τινα
1357 949 1455 1000 φῶτα,
1472 950 1610 1002 μέγανε
1644 967 1729 1006 quae
1751 963 1789 991 te

398 1017 554 1056 absente
574 1018 752 1057 confeffla
779 1019 851 1057 effe
877 1019 1001 1058 laetor.
1049 1018 1169 1071 Qod
1201 1027 1333 1056 autem
1362 1017 1512 1056 idcirco
1539 1031 1560 1056 a
1588 1028 1626 1057 te
1651 1018 1787 1057 missus

398 1083 467 1128 est,
484 1084 584 1122 mihi
606 1094 650 1122 ut
671 1085 706 1123 se
726 1094 924 1137 purgaret,
942 1085 982 1122 id
1004 1084 1148 1123 necesse
1169 1084 1336 1122 minime
1356 1083 1448 1122 fuit.
1479 1084 1660 1123 Primum
1680 1085 1790 1123 enim

400 1162 603 1201 nunquam
624 1150 692 1187 ille
712 1149 814 1187 mihi
834 1149 912 1188 fuit
933 1149 1148 1202 suspe&us;
1173 1163 1300 1201 neque
1320 1162 1408 1201 ego,
1425 1163 1512 1201 quae
1528 1150 1574 1187 ad
1591 1159 1628 1188 te
1648 1149 1695 1188 de
1715 1150 1788 1188 illo

400 1213 545 1267 scripfi,
576 1215 705 1267 scripfi
738 1228 826 1252 meo
850 1215 1033 1266 judicio:
1066 1214 1130 1252 sed
1161 1227 1254 1252 cum
1286 1215 1384 1252 ratio
1408 1214 1584 1267 salusque
1604 1215 1789 1253 omnium

400 1279 589 1324 nostrum,
621 1280 690 1332 qui
710 1279 757 1316 ad
777 1279 1064 1331 rempublicam
1086 1278 1324 1323 accedimus,
1355 1292 1434 1316 non
1456 1280 1616 1317 veritate
1643 1280 1787 1326 solum,

398 1343 462 1382 sed
481 1345 599 1382 etiarn
620 1343 737 1389 fama,
767 1344 971 1389 niteretur,
993 1343 1187 1382 sermones
1208 1343 1256 1380 ad
1277 1351 1314 1381 te
1334 1343 1502 1381 aliorum
1522 1344 1686 1396 semper,
1709 1358 1791 1383 non

397 1424 484 1448 mea
497 1410 664 1462 judicia,
685 1410 900 1463 perscripfi.
924 1410 1007 1462 Qi
1027 1409 1191 1462 quidem
1212 1423 1331 1461 quam
1351 1408 1577 1462 frequentes
1598 1409 1731 1456 effent,
1748 1418 1789 1449 et

397 1489 517 1529 quam
538 1488 686 1528 graves,
704 1475 875 1513 adventu
898 1475 965 1513 suo
983 1475 1126 1513 Statius
1146 1474 1227 1527 ipse
1242 1475 1444 1527 cognovit.
1478 1475 1641 1513 Etenim
1661 1475 1788 1514 inter-

397 1542 506 1579 venit
526 1541 812 1580 nonnullorum
832 1541 1016 1594 quereliS,
1047 1554 1133 1593 quae
1164 1541 1267 1593 apud
1295 1554 1359 1579 me
1391 1540 1438 1579 de
1467 1541 1538 1579 illo
1558 1540 1642 1594 ipso
1662 1538 1786 1580 habe-

398 1607 554 1653 bantur,
586 1616 624 1646 et
644 1606 784 1646 sentire
804 1607 936 1660 potuit
957 1607 1151 1646 sermones
1172 1607 1402 1660 iniquorum
1423 1607 1464 1645 in
1495 1607 1609 1645 suum
1633 1607 1786 1659 potiffi-

399 1688 511 1712 mum
533 1687 676 1712 nomen
697 1688 916 1727 erumpere.
962 1673 1083 1726 Qod
1112 1683 1243 1712 autem
1270 1687 1334 1711 me
1354 1672 1526 1712 maxime
1546 1687 1703 1712 movere
1723 1673 1786 1712 so-

397 1739 517 1785 lebat,
548 1753 640 1778 cum
661 1740 867 1778 audiebam
886 1740 1004 1778 illum
1025 1739 1114 1792 plus
1135 1739 1237 1792 apud
1268 1748 1305 1777 te
1325 1739 1442 1791 posse,
1474 1753 1592 1792 quam
1619 1739 1785 1791 gravitas

397 1805 506 1844 illius
541 1806 663 1845 aetatis
697 1815 737 1844 et
770 1807 928 1859 imperii
960 1805 1168 1858 prudentia
1201 1804 1410 1858 postularet
1428 1819 1437 1843 ε
1482 1818 1601 1857 quam
1636 1805 1785 1843 multos

395 1871 503 1909 enim
523 1885 681 1910 mecum
701 1871 816 1924 egiffe
836 1881 965 1924 putas,
996 1880 1041 1909 ut
1070 1870 1106 1908 se
1136 1871 1258 1908 Statio
1283 1869 1633 1908 commendarem?
1665 1883 1786 1923 quam

395 1937 522 1975 multa
541 1946 672 1975 autem
693 1937 822 1990 ipsum
850 1932 988 1983 ἀφελῶς
1019 1949 1178 1974 mecum
1207 1936 1248 1973 in
1279 1935 1454 1974 sermone
1479 1936 1532 1973 ita
1551 1935 1784 1988 protulisse?

396 2001 446 2040 Id
470 2002 560 2040 mihi
589 2017 657 2052 non
687 2002 829 2055 placuit
846 2017 860 2040 :
891 2001 1022 2046 monui,
1039 2001 1154 2054 ficqst,
1186 2000 1358 2039 deterrui·
1405 2000 1564 2052 Qibus
1596 2002 1637 2039 in
1670 2002 1785 2040 rebus

397 2067 516 2106 etiam
537 2068 564 2106 fi
586 2067 752 2106 fidelitas
774 2067 927 2106 summa
946 2066 1014 2112 est,
1048 2066 1174 2119 (quod
1194 2067 1349 2119 prorsus
1371 2065 1501 2111 credo,
1533 2066 1720 2117 quoniam
1744 2076 1787 2105 tu

398 2132 637 2185 itajudicas)
662 2142 791 2171 tamen
814 2132 959 2186 species
989 2132 1069 2185 ipsa
1098 2141 1179 2170 tam
1210 2131 1365 2184 gratiosi
1397 2131 1544 2175 liberti,
1575 2139 1642 2169 aut
1673 2131 1786 2177 servi,

398 2197 631 2250 dignitatem
652 2197 795 2237 habere
815 2197 966 2237 nullam
987 2197 1126 2250 potest.
1159 2199 1293 2250 Atque
1313 2196 1390 2235 hoc
1411 2196 1462 2234 fic
1482 2195 1640 2241 habeto,
1666 2195 1788 2248 (nihil

397 2264 506 2301 enim
526 2277 597 2302 nec
620 2274 764 2302 temere
784 2264 927 2309 dicere,
959 2277 1031 2302 nec
1060 2263 1182 2301 astute
1205 2263 1379 2307 reticere,
1411 2262 1552 2311 debeo)
1584 2263 1789 2301 materiam

399 2341 561 2366 omnem
582 2329 807 2368 sermonum
827 2343 979 2374 eorum,
1010 2329 1080 2382 qui
1102 2328 1149 2366 de
1170 2338 1206 2367 te
1227 2328 1427 2366 detrahere
1449 2327 1586 2371 velint,
1619 2327 1789 2366 Statium

399 2391 569 2438 dediss'e5
591 2402 631 2431 et
650 2403 761 2433 antea
782 2404 937 2434 tantum
958 2394 1130 2446 intelligi
1152 2392 1331 2445 potuisse,
1364 2393 1479 2430 iratos
1503 2401 1577 2430 tuae
1599 2391 1790 2431 severitati

485 2460 628 2498 TOM.
661 2460 739 2501 IX.
1456 2458 1490 2496 C
