2335 3009
740 221 1010 260 HIST

374 322 483 361 Anno
504 319 612 361 Urbis
635 320 728 373 650.
763 318 941 358 Ciceronis
960 332 1000 369 4.

498 390 687 429 Consules
717 389 880 428 fuerunt

373 452 422 490 C.
445 451 640 507 MARtus
665 451 741 495 ΙΙΙ,
775 451 822 489 L.
847 451 1003 489 AURE-

504 524 606 550 L1Us
640 512 872 550 ORESTES.

403 607 539 644 Marius
559 609 650 643 hunc
665 607 891 643 Consulatum
909 607 941 642 in
960 619 1019 655 ap-

353 668 473 703 paratu
491 657 569 692 belli
586 657 752 692 Cimbrici
768 657 883 704 (quod
897 656 1020 691 Cicero

353 705 390 739 de
407 706 590 740 Provinciis
606 705 679 752 Coff.
699 716 767 751 cap.
789 708 820 740 8.
841 705 1019 739 Gallicum

352 765 466 797 vocat,
490 765 523 789 et
541 754 658 789 Mario
675 765 771 788 extra
787 753 942 788 ordinem
961 754 1018 788 de-

352 812 485 837 cretum
515 801 613 837 fuifl'e
643 803 705 845 ait)
732 801 952 849 consumpsit,
979 812 1020 836 ut

352 849 467 885 scribit
485 851 637 885 Velleius
655 851 706 886 lib.
725 851 770 886 ΙΙ.
789 860 856 897 cap.
882 863 935 885 12.
958 850 1018 884 ubi

353 899 460 942 addit,
487 900 538 934 his
564 899 774 934 Consulibus
801 900 865 934 Cn.
893 899 1018 934 Domi-

353 947 441 982 tium
468 948 671 983 Tribunum
703 948 795 994 pleb.
824 948 933 994 legem
963 957 1018 982 tu-

353 996 435 1039 lisse,
479 1007 518 1031 ut
559 996 758 1040 sacerdotes,
800 1008 890 1043 quos
923 1006 1021 1031 antea

353 1045 497 1092 collegae
526 1045 749 1086 sufficiebant,
776 1045 930 1092 populus
947 1057 1019 1079 cre-

354 1103 435 1128 aret.
479 1093 590 1140 Cujus
609 1093 764 1128 meminit
783 1093 967 1128 Suetonius
986 1095 1020 1127 in

354 1142 494 1185 Nerone,
522 1152 590 1188 cap.
618 1155 650 1178 2.
668 1153 702 1177 et
725 1142 848 1177 Cicero
874 1142 1020 1188 Agraria

345 1190 496 1235 secunda,
522 1201 589 1237 cop.
615 1202 646 1236 7.
668 1191 718 1226 his
736 1190 872 1225 verbis:
900 1192 952 1225 De
965 1191 1020 1236 sa-

353 1239 495 1274 cerdoliis
529 1241 586 1274 Cn.
607 1242 762 1275 Domitius
792 1239 949 1273 Tribunus
973 1238 1021 1284 pl.

352 1290 408 1322 ⁹·ir
436 1288 510 1322 clar
505 1287 554 1332 ff
534 1300 622 1329 aus,
648 1288 747 1328 tulit·‚
784 1287 862 1336 quod
887 1288 1021 1333 populus

346 1346 407 1382 per
422 1337 596 1383 religionem
607 1335 781 1382 sacerdotia
798 1335 947 1370 mandare
963 1347 1021 1370 non

346 1392 489 1430 poterat,
515 1392 549 1420 ut
565 1387 664 1420 minor
675 1394 754 1431 pars
767 1384 876 1429 populi
891 1395 1021 1418 vocare-

353 1442 409 1468 tur
423 1447 433 1468 :
452 1434 493 1468 ab
510 1445 546 1468 ea
559 1442 657 1479 parte
672 1435 724 1481 qui
741 1432 807 1479 effit
817 1433 938 1476 sobius,
955 1434 982 1467 is
999 1445 1019 1466 a

353 1482 475 1529 collegio
492 1489 700 1528 coaptaretur.
740 1482 796 1517 De
812 1481 929 1516 eadem
947 1481 1022 1529 lege

355 1531 513 1566 Domitia
543 1530 632 1566 idem
655 1533 688 1565 in
717 1531 902 1566 Corneliana
927 1531 1021 1578 apud

356 1579 568 1616 Asconium:
596 1579 658 1614 ubi
689 1578 776 1614 illud
803 1591 947 1626 quoque
976 1580 1022 1614 le-

355 1628 483 1675 gimus,
494 1628 692 1664 Domitium
702 1628 882 1663 tribunum
897 1628 953 1663 M.
969 1627 1020 1663 Si-

355 1677 472 1712 lanum
503 1676 713 1712 consularem
742 1676 915 1712 hominem
941 1688 1021 1711 vex-

356 1725 467 1761 aviffe.
495 1726 630 1761 Orestes
652 1725 686 1761 in
705 1725 903 1779 magistratu
931 1737 1022 1760 mor-

357 1785 437 1809 tuus
455 1773 699 1821 fuit.1taque
717 1773 855 1809 Marius
871 1786 890 1809 e
907 1774 1023 1809 Gallia

356 1824 506 1858 Romam
522 1822 697 1877 protectus
712 1822 852 1858 comitia
867 1823 1021 1857 conlula-

356 1873 404 1906 ria
453 1871 587 1914 habuit,
630 1872 760 1918 quibus
797 1870 864 1918 ipse
905 1871 1023 1906 consul

355 1930 519 1977 quartum
561 1931 694 1955 creatus
718 1919 776 1956 est.
831 1919 1023 1955 Plutarchus

351 1971 384 2004 in
401 1971 526 2005 Μανία.

373 2119 483 2158 Anno
503 2117 612 2158 Urbis
636 2118 731 2171 651.
764 2117 944 2158 Ciceronis
964 2131 1002 2171 5.

497 2186 689 2226 Consules
718 2185 882 2226 fuerunt

359 2247 409 2286 C.
441 2246 636 2286 Manius
671 2248 746 2294 IV,
777 2249 1021 2300 QLu‘rA-

496 2319 606 2346 ’rms
639 2309 883 2349 CATULUS.

406 2403 490 2439 Hoc
509 2416 599 2439 anno
626 2403 763 2440 Marius
779 2406 962 2441 Teutonos
991 2416 1026 2441 et

358 2452 557 2489 Ambronas
576 2453 618 2488 ad
632 2453 756 2501 Aquas
770 2455 902 2490 Sextias
916 2467 1026 2502 prope

446 2549 590 2589 ΤοΜ.
623 2549 700 2592 IX.

1060 222 1353 264 ORIA.

1073 317 1258 351 Massiliam
1278 317 1415 354 delevit.
1467 320 1579 355 Strabo
1602 321 1653 355 lib.
1675 322 1735 356 IV.

1070 365 1213 400 Orosius
1243 367 1295 401 lib.
1324 367 1369 401 V.
1395 377 1464 413 cap.
1504 369 1556 403 16.
1584 380 1623 403 ut
1653 369 1737 404 alios

1073 413 1221 454 mittam,
1261 415 1303 448 de
1332 416 1461 462 quibus
1498 417 1530 452 in
1572 419 1735 452 Orosium

1068 461 1155 508 scrip
1160 462 1192 496 s1.
1238 464 1453 510 QCatulus
1484 476 1579 512 pater
1594 466 1664 500 est:
1694 467 1737 500 de

1069 509 1169 565 cujus
1186 510 1321 545 dicendi
1349 524 1470 558 genere
1487 514 1595 548 multa
1613 514 1735 548 Cicero

1069 560 1102 592 in
1121 559 1230 601 Bruto,
1258 560 1658 605 sap.35,1merfe6tus
1688 563 1735 597 est

1070 619 1089 641 a
1108 608 1274 642 Marianis
1293 620 1381 643 anno
1402 621 1545 645 Dctxvr.

1663 242 1734 280 241

1118 656 1252 691 Eodem
1272 669 1361 692 anno
1380 658 1434 692 M.
1455 658 1631 693 Antonius
1649 659 1735 693 Ora-

1070 713 1136 746 tor,
1162 705 1222 752 qui
1254 705 1398 740 triennio
1427 707 1513 753 post,
1547 707 1605 741 suo
1636 707 1734 741 nimi-

1070 765 1146 787 rum
1187 766 1289 796 anno,
1331 754 1449 790 consul
1480 754 1560 796 fuit,
1606 765 1737 802 praetor

1070 801 1258 837 maritimos
1289 803 1468 849 praedones
1508 804 1542 838 in
1577 803 1736 838 Ciliciam

1070 849 1265 897 persecutus
1283 850 1363 894 fuit,
1391 862 1430 886 ut
1447 852 1526 886 est
1519 865 1553 887 in
1571 852 1739 900 Epitoma

1069 898 1219 934 Liviana
1263 899 1341 934 libro
1387 900 1559 936 LXVIII.
1615 902 1737 947 Atque

1070 947 1156 982 hanc
1194 959 1264 982 rem
1305 947 1373 995 ipse
1403 949 1580 986 Antonius
1612 949 1737 984 intelli-

1070 1007 1166 1042 gens,
1192 996 1253 1031 lib.
1275 997 1301 1031 Ι.
1321 997 1363 1031 de
1392 999 1551 1039 Oratore,
1581 1005 1656 1045 cap.
1682 1002 1735 1033 18.

1068 1046 1145 1080 Cum
1170 1045 1359 1090 proconsule,
1387 1045 1512 1093 inquit,
1538 1048 1570 1080 in
1596 1048 1737 1081 Ctliciaw

1068 1092 1174 1138 profic
1168 1094 1255 1139 scers
1283 1095 1424 1128 Athenas
1462 1095 1613 1141 veniffem,
1657 1107 1736 1130 com

1064 1141 1174 1187 plures
1191 1150 1255 1176 tum
1271 1143 1316 1177 ibi
1331 1142 1394 1177 dies
1401 1144 1474 1188 ficm
1495 1151 1622 1189 propter
1644 1157 1684 1178 na
1686 1146 1736 1178 vi-

1065 1190 1168 1236 gandi
1183 1190 1396 1236 difficultatem
1414 1200 1627 1227 commoralus.
1651 1194 1736 1227 Cor-

1074 1239 1187 1281 radus,
1214 1251 1282 1274 non
1301 1239 1584 1282 animadvertens,
1607 1250 1736 1286 procon-

1061 1287 1132 1333 sule
1157 1287 1225 1322 dici
1247 1289 1361 1329 etiam,
1389 1289 1449 1335 qui
1477 1298 1553 1323 ante
1582 1289 1738 1324 consula-

1070 1345 1146 1370 tum
1190 1348 1270 1370 cum
1313 1337 1454 1382 imperio
1495 1337 1661 1372 consulari
1703 1338 1737 1372 in

1069 1383 1284 1431 provinciam
1320 1385 1481 1427 mittitur,
1517 1385 1647 1432 scripsit
1681 1387 1736 1421 M.

1071 1432 1269 1467 Antonium
1286 1433 1361 1479 post
1386 1433 1634 1469 conlulatum
1626 1446 1659 1468 m
1677 1435 1737 1469 Ci-

1069 1481 1181 1516 liciam
1204 1481 1421 1535 pr.ofe8tum
1472 1482 1534 1517 Tu
1553 1483 1627 1530 lege
1642 1495 1737 1518 com-

1070 1529 1275 1565 mentarium
1315 1531 1468 1565 nostrum
1508 1531 1542 1566 in
1581 1531 1738 1578 Ligaria-

1071 1590 1161 1613 nam.
1209 1580 1331 1626 Atque
1350 1579 1403 1614 hic
1421 1579 1468 1614 est
1487 1579 1662 1615 Antonius
1682 1581 1738 1616 ille

1070 1627 1290 1675 triumphalis
1328 1628 1394 1670 vir,
1433 1627 1533 1675 cujus
1569 1628 1675 1663 filiam
1719 1641 1739 1663 a

1071 1676 1297 1723 praedonibus
1324 1687 1459 1724 captam
1485 1675 1584 1712 fuisse
1603 1677 1738 1712 Plutar-

1071 1725 1157 1759 chus
1177 1725 1210 1759 in
1229 1726 1397 1772 Pompeio
1415 1725 1527 1760 tradit.
1557 1726 1662 1760 Unde
1679 1726 1738 1761 Ci-

1071 1785 1150 1807 cero
1171 1786 1235 1820 pro
1261 1773 1357 1820 Lege
1385 1773 1544 1816 Manilia,
1570 1785 1644 1820 cap.
1669 1786 1735 1810 12:

1070 1823 1124 1857 An
1141 1824 1295 1868 ignoratis
1312 1834 1346 1856 ex
1373 1822 1493 1866 Miseno
1511 1824 1575 1868 ejus
1591 1822 1682 1869 ipsius
1699 1823 1739 1857 li-

1071 1870 1170 1910 beros
1194 1872 1246 1918 qui
1274 1882 1340 1905 cum
1361 1870 1556 1917 praedonibus
1581 1879 1677 1905 antea
1694 1871 1740 1907 ibi

1071 1919 1180 1954 bellum
1193 1919 1340 1966 gcffirat,
1353 1931 1377 1972 'a
1392 1919 1586 1966 praedonibus
1602 1919 1654 1966 effi·
1661 1921 1739 1965 sub-

1072 1967 1184 2003 latos?
1237 1969 1275 2002 ln
1306 1966 1405 2014 cujus
1442 1968 1508 2003 loci
1540 1967 1739 2015 interpreta-

1071 2016 1164 2051 tione
1181 2016 1392 2051 doffiffirnus
1418 2017 1643 2052 Hotomanus
1661 2030 1739 2071 per-

1070 2077 1188 2112 peram
1214 2065 1305 2100 hunc
1329 2065 1526 2100 Antonium
1556 2077 1637 2100 cum
1666 2078 1740 2113 ejus

1072 2114 1158 2156 filio,
1193 2113 1254 2161 qui
1285 2123 1423 2148 curator
1455 2125 1526 2149 orae
1555 2114 1740 2150 maritimae

1072 2161 1162 2205 fuit,
1203 2172 1242 2197 ut
1279 2161 1366 2197 infra
1404 2162 1738 2206 demonstrabimus,

1072 2210 1267 2246 confundit.

1123 2259 1193 2294 His
1208 2258 1406 2294 consulibus
1422 2258 1588 2293 Archiam
1602 2268 1740 2306 poetam

1074 2309 1225 2344 Romam
1247 2308 1371 2343 veniss‘e
1389 2307 1511 2342 Cicero
1531 2307 1564 2342 in
1587 2309 1742 2345 oratione

1074 2369 1139 2404 pro
1171 2369 1212 2391 eo
1249 2357 1364 2391 habita
1398 2355 1538 2397 scribit,
1564 2365 1599 2391 et
1631 2356 1740 2413 addit,

1077 2406 1176 2440 illum
1199 2405 1260 2440 fibi
1279 2417 1297 2438 a
1316 2404 1426 2458 prima
1445 2404 1591 2451 pueritia
1615 2405 1741 2452 princi-

1076 2466 1155 2502 pem
1179 2454 1221 2488 ad
1249 2451 1493 2500 suscipiendam
1509 2463 1544 2488 et
1567 2453 1608 2489 ad
1632 2466 1742 2503 ingrc-

1349 2548 1447 2588 Hh
