2335 3009
734 219 840 259 AD
918 221 1319 261 BRUTUM.
1670 227 1720 278 39

331 318 522 373 attigeris,
552 318 599 356 ad
620 326 657 356 te
676 318 888 357 concursus
908 318 976 357 fiet
995 321 1193 359 omniurn.
1241 321 1328 359 Sive
1358 321 1466 360 enim
1491 323 1715 370 vicerimus,

336 385 425 437 (qui
462 383 624 436 quidem
658 382 924 435 pulcherrime
957 384 1198 430 viceramus,
1243 386 1313 423 nifi
1350 387 1523 439 Lepidus
1559 388 1718 440 perdere

334 448 481 493 omnia,
511 457 549 486 et
570 448 694 500 perire
718 448 798 500 ipse
818 461 911 486 curn
932 448 1024 494 suis,
1054 450 1354 502 concupivisset)
1387 461 1453 489 tua
1479 453 1593 490 nobis
1623 467 1716 491 auc-

333 513 491 551 toritate
511 526 609 566 opus
630 512 684 551 est
702 514 749 551 ad
769 514 1046 552 collocandum
1067 515 1240 568 aliquem
1259 516 1430 554 civitatis
1452 516 1591 556 statum
1611 533 1620 557 :
1644 519 1719 557 five

333 578 451 617 etiam
473 592 578 616 nunc
599 588 793 617 certamen
825 579 1023 631 reliquum
1053 579 1120 625 est,
1151 580 1323 619 maxima
1354 581 1437 633 spes
1468 582 1522 619 est
1553 597 1646 621 cum
1677 585 1718 622 in

333 644 561 681 auCtoritate
582 652 661 689 tua,
692 653 779 682 tum
799 645 840 682 in
861 644 1055 682 exercitus
1076 645 1135 683 tui
1155 645 1319 685 viribus.
1352 646 1424 684 Sed
1444 660 1621 699 propera,
1653 662 1721 700 per

333 709 450 747 deos:
473 708 546 747 scis
567 709 689 754 enim,
711 719 904 761 quantum
926 710 972 747 s1t
992 710 1032 747 in
1055 711 1316 763 temporibus,
1338 720 1532 764 quantum
1552 713 1594 750 in
1615 713 1718 751 cele-

334 774 461 813 ritate.
494 774 642 812 sororis
663 783 738 812 tuae
759 774 852 812 filiis
873 787 992 827 quam
1013 775 1224 828 diligenter
1243 776 1460 822 consulam,
1485 777 1594 830 spero
1616 787 1652 816 te
1672 792 1720 817 ex

334 840 470 877 matris
491 848 529 877 et
549 853 596 877 ex
616 839 755 878 sororis
775 840 899 878 literis
921 840 1176 892 cogniturum
1195 856 1204 879 :
1237 855 1314 894 qua
1333 843 1374 879 in
1396 842 1506 880 causa
1531 844 1720 895 majorem

333 903 460 943 habeo
480 905 670 942 rationem
692 914 766 943 tuae
787 905 1016 950 voluntatis,
1047 919 1132 958 quae
1152 905 1254 944 mihi
1275 907 1463 945 cariffima
1486 907 1553 953 est,
1585 922 1718 961 quam,

336 978 380 1008 ut
406 969 641 1022 quibusdam
672 969 819 1016 videor,
851 969 1074 1008 constantiae
1105 985 1215 1009 meae.
1262 972 1334 1009 Sed
1365 985 1438 1024 ego
1470 973 1579 1011 nulla
1608 974 1650 1012 in
1682 987 1722 1013 re

337 1033 456 1079 malo,
486 1046 605 1086 quam
626 1043 664 1073 te
684 1035 864 1081 amando,
895 1034 1073 1074 constans
1094 1045 1132 1074 et
1153 1035 1225 1074 effe
1241 1045 1283 1075 et
1304 1036 1441 1076 videri.

668 1236 923 1276 Bnurvs
975 1240 1298 1278 CICERONI
1349 1240 1387 1278 S,

337 1364 453 1404 XVI.
475 1365 596 1440 ΡΛ
604 1366 639 1403 R
654 1362 722 1404 TI
729 1366 761 1403 C
776 1365 816 1404 U
820 1365 904 1403 LA
913 1365 968 1402 M
990 1364 1179 1403 literarum
1212 1372 1374 1409 tuarum,
1406 1370 1494 1418 quas
1512 1366 1630 1418 mg'fyli
1646 1368 1721 1405 Oc-

551 1431 665 1474 tavio,
694 1430 776 1482 legi,
806 1428 937 1481 mffzm
955 1429 1001 1467 ab
1017 1430 1146 1468 Attico
1161 1429 1259 1468 mihi.
1292 1429 1456 1469 Studium
1475 1439 1590 1476 tuum,
1612 1445 1722 1470 cura·

338 1509 404 1549 que
423 1495 464 1535 de
465 1497 590 1549 salute
607 1509 696 1540 mea,
727 1495 825 1533 nulla
843 1508 896 1533 me
914 1508 1010 1533 nova
1027 1495 1214 1547 voluptate
1231 1494 1352 1547 qfficit
1366 1511 1380 1534 :
1411 1510 1478 1534 non
1492 1496 1612 1546 solum
1635 1497 1724 1534 enim

339 1561 521 1614 tfitatum‚
538 1559 610 1615 ſsd
623 1560 729 1599 etiam
748 1559 989 1613 quotidianum
1007 1559 1065 1610 est,
1096 1559 1233 1613 aliquid
1247 1558 1371 1600 audire
1398 1560 1439 1599 de
1465 1570 1514 1606 te,
1545 1561 1640 1614 quod
1655 1571 1726 1614 pro

339 1627 455 1679 nqslra
474 1626 650 1679 dignitate
652 1625 815 1678 fideliter
833 1636 942 1679 atque
959 1625 1144 1677 honorifice
1163 1625 1307 1670 dixeris,
1328 1634 1396 1665 aut
1399 1626 1552 1678 ficeris.
1584 1629 1643 1666 At
1661 1626 1724 1665 do·

338 1693 421 1737 lore,
439 1701 612 1745 quantum
627 1691 741 1730 animo
755 1691 944 1730 maximum
963 1700 1087 1744 capere
1097 1690 1244 1744 pffcm,
1262 1691 1377 1730 eadem
1396 1692 1458 1730 illa
1468 1701 1562 1745 pars
1580 1692 1726 1745 epssolae

328 1757 483 1810 scriptae
511 1756 562 1796 ad
583 1756 778 1796 Oft'avium
796 1756 837 1796 de
851 1756 961 1801 nobis,
990 1756 1125 1809 qffi’cit.
1175 1757 1235 1795 Sic
1252 1757 1342 1795 enim
1361 1757 1416 1795 illi
1425 1757 1572 1809 gratias
1590 1757 1669 1810 agis
1686 1756 1728 1795 de

340 1822 532 1876 republica,
550 1821 847 1876 tamfitppliciter
861 1835 905 1860 ac
919 1820 1049 1875 demgffi’
1064 1822 1090 1875 (
1091 1819 1180 1873 quid
1174 1820 1336 1873 scribam
1347 1821 1367 1860 ?
1377 1821 1490 1874 pudet
1506 1822 1724 1867 conditionis,

339 1887 560 1939 acfortunae
574 1903 587 1927 :
601 1887 676 1938 st’d
702 1886 1053 1941 tamenstribendum
1071 1884 1142 1938 (st)
1163 1886 1376 1925 commendas
1401 1887 1553 1940 nqstram
1567 1889 1727 1940 stzlutem

341 1954 405 1999 illi,
435 1955 542 2008 (quae
559 1962 672 1993 morte
690 1967 761 2006 qua
781 1967 849 1991 non
862 1950 1112 2006 perniciqsiorj
1132 1961 1174 1990 ut
1186 1953 1336 2006 protfics
1347 1961 1433 2005 prce
1450 1962 1486 1991 te
1501 1953 1627 2006 firas,
1658 1969 1726 1993 non

326 2019 513 2072 sichlatam
530 2019 810 2064 dominationem,
826 2018 899 2072 ſsd
910 2018 1084 2057 dominum
1112 2028 1364 2057 commutatum
1393 2019 1464 2072 effe.
1513 2019 1631 2058 Verba
1661 2029 1727 2058 tua

341 2087 549 2139 rnognqsce,
567 2095 602 2124 et
620 2085 711 2124 aude
727 2099 869 2138 negare,
877 2084 1077 2139 firvientis
1094 2083 1263 2137 advetfits
1280 2099 1398 2137 regem
1415 2084 1496 2137 ssas
1515 2085 1574 2139 ff
1585 2094 1723 2138 preces.

343 2153 460 2191 Unum
477 2152 530 2190 ais
548 2151 621 2205 effi,
651 2151 744 2205 quod
756 2151 802 2190 ab
819 2165 854 2190 eo
866 2151 1063 2204 pqstuletur
1079 2159 1115 2189 et
1134 2153 1338 2202 expefftetur
1353 2169 1363 2194 ;
1395 2160 1437 2189 ut
1467 2165 1520 2189 eos
1549 2151 1656 2196 cives,
1686 2150 1727 2189 de

338 2217 467 2270 quibus
495 2217 575 2257 viri
594 2218 682 2257 boni
700 2218 915 2271 populusque
943 2219 1123 2256 Romanus
1151 2216 1234 2255 bene
1261 2217 1441 2269 existimet,
1463 2217 1590 2270 salws
1621 2217 1725 2254 velit.

345 2281 452 2334 Qid,
467 2283 511 2333 ſs
533 2283 621 2321 nolit
637 2283 658 2322 ?
686 2297 754 2322 non
780 2283 910 2322 erimus
927 2283 947 2322 ,ἓ
976 2283 1111 2336 Atqui,
1140 2295 1209 2321 non
1226 2281 1300 2334 effi,
1330 2295 1436 2334 quam
1454 2280 1514 2333 ff
1527 2290 1595 2333 per
1614 2282 1726 2326 illum,

339 2347 504 2401 praestat.
550 2348 643 2400 Ego,
670 2347 802 2387 medius
816 2347 943 2401 fidius,
974 2362 1041 2386 non
1072 2346 1220 2399 exssimo
1249 2355 1324 2384 tam
1353 2359 1465 2384 omnes
1488 2344 1565 2384 deos
1587 2348 1729 2400 aversts

344 2412 402 2467 ff
426 2426 449 2450 a
463 2411 586 2466 fhlute
608 2413 734 2465 populi
757 2414 921 2458 Romani,
953 2422 995 2452 ut
1021 2412 1199 2452 Offlavius
1218 2410 1371 2450 orandus
1374 2410 1433 2462 stt
1444 2419 1516 2463 pro
1519 2412 1645 2464 filute
1663 2426 1729 2451 cu-

332 2479 503 2533 jusquam
523 2477 627 2523 civis,
657 2492 724 2517 non
745 2478 858 2518 dli-am
869 2488 939 2532 pro
957 2478 1207 2520 liberatoribus
1231 2477 1326 2518 orbis
1354 2486 1555 2517 terrarum.
1599 2479 1732 2533 Juvat

432 2545 470 2583 T
481 2557 504 2582 0
520 2557 572 2582 M.
607 2544 679 2582 IX.
1384 2542 1432 2582 M
