2335 3009
619 230 712 270 AD
771 228 840 279 Q
886 224 1252 265 FRATREM
1310 225 1445 266 LIB.
1496 228 1554 268 11.
1731 241 1785 283 45

393 342 550 374 venero,
581 327 742 366 nullum
760 325 1058 379 praetermittam
1080 323 1238 362 Caesaris
1261 324 1525 372 tabellarium,
1556 327 1622 365 cui
1653 328 1784 368 literas

395 397 442 434 ad
464 405 500 434 te
530 407 609 432 non
639 392 744 431 dem.
790 392 870 430 His
897 391 1036 429 diebus
1067 390 1281 443 (ignosces)
1311 392 1376 430 cui
1404 392 1535 431 darem
1561 392 1640 433 fuit
1668 408 1787 435 nemo

393 470 482 499 ante
511 459 620 497 hunc
642 458 707 497 M.
731 457 892 495 Orfium
911 457 1087 510 equitem
1108 457 1354 501 Romanum,
1384 457 1561 497 nostrum
1583 471 1622 498 et
1642 475 1784 513 perne-

393 524 612 569 cessarium,
642 532 681 561 et
701 522 809 576 quod
829 522 882 560 est
911 536 959 560 ex
986 521 1210 575 municipio
1239 522 1441 568 Atellano,
1473 525 1580 576 quod
1607 525 1680 564 scis
1713 527 1785 566 effe

392 591 434 628 in
455 590 531 628 fide
552 588 692 627 nostra.
739 590 878 640 Itaque
908 601 999 625 eum
1033 587 1107 625 tibi
1139 587 1377 626 commendo
1408 589 1596 640 majorem
1623 591 1664 628 in
1694 605 1784 630 mo-

391 656 504 702 dum,
535 655 743 694 hominem
763 654 873 692 domi
893 653 1159 706 splendidum,
1191 654 1404 706 gratiosum
1426 655 1544 693 etiam
1575 666 1683 694 extra
1712 658 1786 696 do-

391 736 533 760 mum:
565 733 686 774 quem
707 719 769 758 fac
790 729 834 758 ut
856 729 922 758 tua
941 720 1176 758 liberalitate
1196 720 1271 758 tibi
1291 720 1460 773 obliges.
1506 721 1575 759 Est
1602 723 1785 763 tribunus

390 788 571 826 militum
593 787 633 824 in
654 786 830 825 exercitu
851 785 994 825 nostro.
1027 787 1198 825 Gratum
1213 785 1421 825 hominem
1437 787 1786 842 observantemque

391 853 617 908 cognosces.
637 853 873 892 Trebatium
890 862 938 892 ut
954 852 1064 891 valde
1084 865 1205 898 ameS,
1223 851 1474 892 vehementer
1491 863 1528 893 te
1543 867 1653 908 r0g0.
1670 857 1786 896 Vale.

709 1056 978 1094 MARCUS
1025 1055 1382 1107 QFRATRr
1429 1056 1468 1095 S.

393 1184 487 1223 XV.
512 1183 638 1257 AN
653 1184 691 1221 T
706 1183 739 1220 E
762 1182 868 1220 diem
892 1196 936 1221 1v
959 1183 1070 1222 Non.
1094 1185 1191 1235 Jun.
1215 1197 1294 1236 quo
1315 1183 1378 1222 die
1398 1185 1570 1223 Romam
1592 1186 1695 1232 veni,
1717 1200 1787 1226 ac·

623 1249 711 1300 cepi
749 1257 833 1286 tuas
872 1248 1003 1286 literas
1043 1249 1148 1287 datas
1188 1250 1398 1288 Placentiae
1417 1265 1426 1289 :
1469 1251 1609 1289 deinde
1647 1253 1784 1293 alteras

391 1313 591 1367 postridie,
609 1312 714 1350 datas
736 1311 871 1350 Laude
892 1312 1039 1358 Nonis,
1057 1325 1150 1351 cum
1174 1312 1332 1351 Caesaris
1353 1314 1478 1352 literis
1500 1315 1652 1354 refertis
1673 1319 1791 1357 omnir

390 1378 538 1424 officio,
569 1378 791 1430 diligentia,
822 1377 1022 1417 suavitate.
1056 1379 1155 1416 Sunt
1174 1377 1244 1416 ista
1263 1379 1426 1430 quidem
1447 1394 1610 1433 magna„
1628 1383 1688 1420 vel
1709 1398 1784 1436 po-

391 1444 470 1482 tius
497 1444 698 1482 maxima:
730 1442 878 1482 habent
909 1443 1018 1482 enim
1049 1445 1132 1482 vim
1165 1458 1349 1497 magnam
1380 1445 1427 1483 ad
1458 1446 1641 1498 gloriam,
1672 1458 1710 1487 et
1737 1449 1785 1487 ad

388 1511 584 1549 summam
600 1510 850 1562 dignitatem.
884 1509 957 1548 Sed
977 1511 1081 1549 mihi
1101 1511 1229 1556 crede,
1247 1525 1367 1563 quem
1389 1512 1488 1550 nosti
1505 1532 1517 1558 ς
1540 1514 1647 1565 quod
1667 1515 1708 1553 in
1730 1515 1784 1554 is-

390 1577 440 1615 tis
463 1576 577 1615 rebus
593 1589 666 1629 ego
682 1575 847 1628 plurimi
868 1575 1030 1622 aestimo,
1047 1576 1089 1614 id
1103 1578 1188 1629 jam
1207 1575 1354 1623 habe03
1378 1587 1416 1616 te
1436 1578 1586 1618 scilicet
1605 1580 1784 1633 primurn

389 1651 470 1681 tam
491 1642 766 1680 inservientem
787 1643 995 1680 communi
1016 1641 1230 1695 dignitati3
1263 1643 1407 1682 deinde
1435 1644 1594 1684 Caesaris
1627 1655 1783 1687 tantum

387 1708 429 1746 in
449 1721 514 1746 me
534 1721 723 1753 amorem,
755 1721 875 1760 quem
899 1707 1086 1746 omnibus
1116 1707 1179 1746 his
1209 1707 1444 1754 honoribus,
1477 1723 1575 1761 quos
1605 1724 1667 1750 me
1697 1727 1717 1750 a
1746 1713 1784 1751 se

388 1776 590 1827 expetitam
609 1774 711 1819 vult,
734 1783 945 1826 antepono.
978 1774 1121 1812 Literae
1141 1787 1232 1812 vero
1253 1776 1335 1826 ejus
1358 1789 1434 1812 una
1455 1775 1550 1814 datae
1571 1790 1663 1816 cum
1686 1780 1780 1825 tuis,

387 1854 556 1894 quarum
583 1840 747 1878 initium
773 1839 841 1886 est,
873 1853 992 1892 quam
1022 1840 1146 1878 suavis
1174 1840 1211 1878 ei
1240 1849 1330 1879 tuus
1360 1841 1549 1880 adventus
1575 1843 1711 1890 fuerit,
1742 1856 1782 1884 et

387 1907 605 1946 recordatio
639 1907 779 1945 veteris
813 1906 985 1951 amoris;
1024 1906 1180 1952 deinde,
1211 1906 1248 1944 se
1278 1907 1526 1954 effeffihrrum,
1558 1917 1603 1947 ut
1634 1923 1707 1962 ego
1738 1912 1782 1950 in

387 1973 520 2012 medio
542 1972 676 2011 dolore
696 1985 739 2010 ac
769 1971 956 2010 defiderio
977 1972 1051 2017 tui,
1084 1981 1136 2017 te,
1168 1985 1261 2010 cum
1291 1986 1313 2010 a
1343 1986 1408 2011 me
1438 1973 1595 2020 abeffes‚
1626 1977 1779 2028 potiffi-

386 2051 500 2077 mum
522 2038 654 2077 secum
674 2038 746 2076 effe
766 2037 929 2083 laetarer,
959 2037 1248 2076 incredibiliter
1268 2038 1523 2078 delectarunt.
1567 2041 1699 2092 Qare
1718 2042 1778 2082 fa-

387 2104 443 2142 cis
466 2113 510 2143 tu
529 2104 693 2158 quidem
712 2103 897 2149 fraterne,
928 2104 1036 2157 quod
1056 2118 1120 2142 me
1141 2103 1324 2149 hortaris,
1355 2104 1418 2142 sed
1439 2105 1665 2146 mehercule
1685 2122 1777 2147 cur-

387 2180 539 2209 rentem
569 2185 676 2210 nunc
705 2171 887 2224 quidem,
915 2180 960 2209 ut
993 2170 1128 2209 omnia
1158 2185 1244 2209 mea
1274 2171 1398 2210 studia
1428 2173 1470 2210 in
1501 2172 1619 2211 istum
1651 2188 1779 2214 unum

386 2235 602 2276 conferam.
648 2238 736 2289 Ego
758 2251 848 2276 vero
868 2236 1020 2275 ardenti
1041 2237 1204 2290 quidem
1224 2237 1351 2276 studio
1370 2253 1379 2276 ε
1411 2251 1454 2275 ac
1475 2237 1631 2276 fortaffe
1649 2241 1789 2279 effici-⁷

387 2315 466 2347 am,
498 2303 604 2354 quod
624 2303 721 2356 saepe
740 2303 972 2349 viatoribus,
1003 2316 1095 2342 cum
1125 2313 1349 2358 properant,
1380 2304 1537 2350 evenit,
1570 2315 1629 2351 ut,
1660 2306 1686 2344 fi
1716 2307 1777 2346 se-

386 2369 483 2413 rius,
515 2381 633 2420 quam
653 2369 878 2416 voluerunt,
909 2369 1011 2408 forte
1031 2370 1281 2415 surrexerint,
1312 2370 1554 2423 properando
1574 2371 1692 2411 etiam
1714 2374 1775 2412 ci-

385 2435 480 2479 tius,
499 2448 618 2486 quarn
639 2434 665 2472 fi
686 2434 734 2473 de
753 2436 881 2474 multa
900 2438 1014 2474 noCte
1032 2436 1265 2489 vigilassent,
1283 2436 1509 2490 perveniant
1529 2451 1609 2490 quo
1628 2439 1773 2479 velint:

384 2499 435 2538 fic
455 2512 543 2552 ege,
566 2499 756 2554 quoniam
775 2500 817 2540 in
837 2500 909 2539 isto
929 2500 1092 2542 homine
1112 2502 1279 2543 colendo
1299 2512 1380 2542 tam
1399 2503 1613 2544 indormivi
1632 2504 1716 2552 diu,
1737 2515 1790 2546 te:
