2241 2994
512 220 598 256 420

517 303 664 340 faceret:
694 305 783 352 ..Quia
809 314 937 353 quanto,
964 305 1092 353 inquit,
1116 304 1187 341 diu-

518 355 581 388 tius
599 354 759 396 confidero,
786 361 875 390 tanto
891 355 970 390 mihi
994 366 1044 390 res
1060 353 1189 390 videtur

518 403 684 447 obstat-ior.
739 403 832 438 Cum
854 403 945 438 enim
964 403 1074 438 multa
1092 402 1188 438 veni-

521 461 594 486 rent
621 452 655 486 in
675 461 822 487 mentem
842 461 941 487 acuta
958 461 1062 499 atque
1080 451 1188 489 subti-

520 500 576 541 lia,
618 500 793 542 dubitans,
836 501 923 547 quid
956 512 1076 536 eorum
1109 500 1189 536 effet

520 549 744 591 verissimum,
767 549 956 597 desperavit
973 561 1111 584 omnem
1132 560 1189 583 ve-

520 597 667 633 ritatem.
720 598 858 633 Primus
889 597 1065 633 niemoriae
1082 607 1190 632 artem

521 646 678 693 protulit.
697 647 735 682 de
751 647 838 682 Nat.
857 648 957 682 Deor.
979 648 1006 682 Ι.
1027 658 1082 682 22.
1102 656 1138 680 et
1153 644 1191 680 de

520 697 618 731 Orat.
638 697 683 732 ΙΙ.
706 696 763 732 86.

685 841 1019 877 SOLON.

598 939 632 974 Ο
647 939 680 974 L
692 939 725 974 O
740 938 793 981 N,
827 937 1058 979 Atheniensis,
1081 947 1117 973 et
1143 936 1190 973 sa-

611 987 837 1034 pientissimus
855 985 923 1021 fuit
940 999 982 1021 ex
1000 987 1140 1034 septem,
1157 995 1192 1020 et

862 211 967 250 DE
1039 206 1543 251 DOCTRINA

1237 316 1310 340 rarn
1328 303 1372 339 ab
1398 315 1441 338 eo
1468 302 1513 338 fic
1536 302 1725 338 edomitam
1751 311 1787 337 et
1812 313 1905 338 com-

1237 353 1381 402 preffam
1399 352 1464 387 effe
1480 350 1650 393 doctrina,
1665 360 1706 387 ut
1722 361 1824 386 nemo
1842 363 1906 386 un-

1237 414 1343 450 quam
1361 401 1578 436 vinolentum
1608 400 1722 441 illum,
1748 410 1849 434 nemo
1873 400 1909 434 in

1237 463 1279 487 eo
1304 449 1458 486 libidinis
1489 448 1672 497 vestigium
1703 447 1838 484 viderit.
1872 447 1909 483 de

1238 500 1334 536 Fato.
1356 511 1389 545 5.
1415 500 1496 535 Luc.
1518 509 1577 541 24.

1399 642 1745 679 STRATO.

1322 741 1358 776 T
1375 741 1412 777 R
1427 741 1464 776 A
1481 739 1516 775 T
1534 741 1584 783 Ο,
1634 739 1910 787 Lampsacenus,

1329 788 1563 837 Theophrasti
1602 789 1752 831 auditor,
1794 788 1910 836 physi-

1240 849 1323 874 cum
1357 838 1388 874 se
1422 837 1560 879 voluit;
1598 837 1632 873 in
1662 849 1736 885 quo
1768 837 1828 873 etsi
1861 837 1911 873 est

1240 899 1402 935 magnus,
1429 896 1543 922 tamen
1564 897 1655 922 nova
1671 886 1847 934 pleraque,
1877 895 1912 922 et

1240 946 1415 984 perpauca
1431 935 1474 971 de
1491 934 1659 970 moribus.
1697 933 1820 981 Hujus
1836 935 1912 981 Ly·

1241 996 1284 1019 co
1310 984 1464 1020 oratione
1493 983 1662 1031 locuples,
1700 983 1803 1019 rebus
1832 983 1914 1031 ipfis

520 1048 564 1071 ex
581 1036 620 1070 iis
638 1035 728 1071 solus
747 1036 864 1083 legum
882 1035 1036 1083 scriptor.
1066 1034 1191 1082 Viguit
1234 1031 1397 1079 jejunior.
1434 1031 1638 1068 Concinnus
1655 1031 1779 1067 deinde
1794 1041 1830 1067 et
1845 1032 1913 1067 ele-

521 1085 641 1120 Servio
659 1084 784 1120 Tullio
800 1093 972 1137 regnante.

520 1143 555 1169 et
583 1133 692 1168 tutior
719 1133 792 1167 vita
824 1144 898 1179 ejus
923 1133 1015 1175 effet,
1047 1141 1082 1167 et
1111 1132 1193 1179 plus

520 1181 700 1229 aliquanto
745 1181 968 1229 Reipublicae
1011 1181 1193 1229 prodesset,

519 1230 633 1266 furere
666 1229 698 1266 se
729 1229 915 1266 fimulavit.
960 1228 1192 1277 Areopagitas

519 1290 686 1327 praeterea
704 1279 858 1327 primum
878 1278 1068 1314 constituit.
1119 1279 1190 1314 Ne-

521 1329 626 1376 gabat
643 1329 674 1364 se
692 1328 779 1364 velle
796 1327 889 1362 suam
908 1337 1056 1363 mortem
1072 1327 1192 1364 dolore

521 1378 712 1413 amicorum
729 1387 764 1413 et
780 1376 938 1412 lamentis
957 1387 1086 1412 vacare.
1126 1375 1190 1411 Di-

521 1427 622 1462 cebat
639 1436 715 1462 tum
747 1425 898 1473 denique
919 1424 1084 1472 judicari,
1111 1423 1188 1459 bea-

521 1475 618 1510 tusne
634 1475 714 1522 quis
741 1474 858 1516 fuerit,
885 1486 967 1509 cum
996 1483 1189 1509 extremum

519 1524 603 1559 vitae
621 1524 712 1560 diem
736 1532 846 1558 morte
873 1521 1071 1558 confecerit.
1123 1523 1190 1557 Ca-

520 1573 593 1620 pite
610 1572 730 1613 sanxit,
758 1572 783 1607 fi
801 1571 863 1619 qui
882 1573 914 1607 in
934 1571 1095 1611 seditione
1122 1583 1190 1606 non

519 1621 658 1656 alterius
678 1620 789 1656 utrius
815 1620 922 1667 partis
937 1619 1062 1655 fuiss‘et.
1089 1619 1188 1666 Eptst.

520 1670 565 1705 ad
580 1670 654 1705 An.
679 1670 726 1705 X.
752 1681 780 1704 ι.
807 1668 854 1703 ad
877 1669 973 1704 Brut.
998 1680 1052 1714 15.
1079 1668 1115 1704 de
1137 1670 1189 1704 Se-

520 1722 596 1754 nm.
617 1729 674 1754 20.
701 1717 791 1764 Offic.
813 1718 839 1752 1.
861 1728 921 1759 22,
942 1729 1000 1764 30.
1017 1717 1056 1753 de
1072 1719 1189 1754 Divin.

521 1769 547 1803 1.
567 1779 626 1815 49.
645 1777 678 1802 et
695 1766 731 1802 de
749 1768 825 1802 Fin.
846 1766 908 1802 lll.
929 1777 987 1802 22.

1002 1083 1090 1132 Qi,
1117 1094 1191 1131 quo

671 1914 694 1948 S
734 1913 770 1948 T
808 1913 823 1948 1
863 1913 896 1948 L
930 1913 959 1948 P
995 1913 1042 1948 Ο.

605 2010 807 2046 TILPO
834 2022 902 2046 non
930 2010 1040 2046 solum
1066 2010 1193 2057 Mega-

527 2075 551 2102 ι,
615 2058 717 2094 rensls
735 2058 816 2101 fuit,
842 2071 964 2094 verum
981 2058 1084 2094 etiam
1109 2059 1195 2093 secia

527 2107 735 2156 Megaricus.
788 2108 883 2143 Nam
910 2107 1080 2155 Megarici
1116 2107 1193 2154 qui-

524 2158 604 2192 dam
633 2155 832 2211 Philosophi
865 2156 909 2191 ab
939 2156 1088 2192 Euclide
1117 2156 1194 2191 sunt

525 2205 700 2254 appellati,
727 2217 788 2253 qui
813 2204 929 2252 postea
952 2209 1054 2244 ἐω-υωὶ
1073 2215 1106 2240 et
1123 2208 1190 2250 ,Ἀμ-

523 2261 634 2291 manui
651 2255 766 2289 vocati
785 2254 872 2289 sunt.
913 2255 1020 2289 Hunc
1041 2254 1192 2289 scribunt

527 2304 631 2351 ipsius
664 2302 847 2338 familiares
879 2313 913 2338 et
945 2303 1116 2338 ebriosum
1158 2313 1192 2337 et

526 2352 749 2388 mulierosum
791 2351 917 2394 fuisse-3
971 2364 1082 2399 neque
1125 2352 1191 2386 hoc

524 2401 677 2436 scribunt
706 2401 951 2449 vituperantes,
992 2401 1045 2435 sed
1076 2401 1192 2448 potius

525 2451 566 2485 ad
598 2451 756 2485 laudern:
786 2450 940 2485 vitiosam
970 2450 1062 2485 enim
1093 2461 1191 2486 natu-

1240 1093 1325 1129 gans
1354 1079 1459 1128 hujus
1489 1080 1633 1122 Arist03
1666 1080 1723 1117 sed
1751 1092 1803 1123 ea,
1831 1092 1915 1128 quae

1241 1129 1449 1166 defideratur
1481 1141 1501 1165 a
1529 1141 1659 1177 magno
1691 1129 1913 1178 philosopho,

1242 1179 1393 1226 gravitas
1422 1179 1457 1215 in
1486 1190 1529 1215 eo
1558 1190 1629 1214 non
1658 1177 1750 1214 fuit:
1789 1179 1914 1226 scripta

1242 1229 1317 1264 sane
1333 1238 1367 1263 et
1385 1227 1497 1264 multa
1514 1237 1549 1263 et
1565 1227 1700 1275 polita,
1727 1227 1783 1263 sed
1800 1227 1914 1264 nescio

1240 1289 1314 1361 ἕως
1333 1277 1448 1362 ρειὲὶὸ.
1459 1276 1699 1331 auctoritatem
1715 1275 1827 1360 oratio
1840 1287 1914 1360 ῐίἱοιι

1266 1338 1284 1361 a
1311 1335 1354 1361 et.
1441 1335 1504 1361 ixit
1519 1335 1736 1361 vacationem
1777 1336 1836 1360 eos
1878 1337 1913 1360 a-

1241 1374 1345 1416 bere3
1370 1384 1405 1410 et
1432 1385 1572 1410 omnem
1599 1373 1674 1409 vim
1703 1373 1859 1410 divinam
1877 1373 1914 1409 in

1239 1433 1362 1459 natura
1400 1423 1531 1458 censuit
1571 1423 1636 1459 effe
1676 1422 1788 1466 fitam,
1829 1434 1913 1468 quae

1239 1472 1356 1507 causas
1387 1471 1566 1520 gignendi,
1602 1471 1763 1518 augendi,
1798 1473 1912 1507 minu-

1239 1521 1332 1563 endi,
1369 1520 1653 1568 immiscendique
1683 1519 1821 1563 habeat,
1857 1519 1914 1556 sed

1240 1580 1352 1606 careat
1373 1570 1470 1606 omni
1497 1570 1592 1605 sensu
1618 1579 1652 1604 et
1679 1568 1804 1616 figura.
1831 1569 1912 1605 Luc.

1243 1621 1300 1665 38.
1327 1618 1428 1655 Acad.
1448 1619 1474 1654 1.
1494 1631 1530 1665 9.
1557 1617 1594 1654 de
1616 1618 1728 1654 Finib.
1749 1619 1792 1654 V.
1819 1630 1853 1664 5.
1879 1627 1914 1654 et

1239 1667 1278 1704 dc
1295 1668 1380 1705 Nat.
1398 1669 1496 1704 Deor.
1513 1668 1543 1703 1.
1563 1679 1618 1714 ¹3·

1401 1812 1748 1849 THALES.

1350 1911 1511 1947 HALE
1522 1911 1559 1953 S,
1587 1910 1760 1954 Milesius,
1785 1923 1876 1946 unus
1893 1923 1913 1946 e

1356 1960 1482 2008 septem
1515 1959 1737 2007 sapientibus,
1764 1960 1838 2005 (cui
1857 1959 1912 1995 sex

1243 2009 1395 2057 reliquos
1413 2008 1603 2044 conceffifl‘e
1629 2009 1756 2055 primas
1777 2007 1911 2044 ferunt)

1243 2058 1376 2106 primus
1395 2059 1437 2093 de
1455 2068 1576 2093 natura
1593 2068 1706 2092 rerum
1728 2057 1912 2105 disputasse

1244 2107 1452 2154 quibusdam
1470 2107 1617 2141 videtur.
1664 2105 1707 2147 Is,
1735 2117 1774 2140 ut
1792 2105 1910 2153 objur-

1244 2166 1378 2203 gatores
1405 2155 1481 2190 suos
1500 2154 1732 2195 convinceret,
1758 2155 1911 2190 ostende-

1242 2215 1360 2251 retque
1389 2204 1491 2238 etiam
1524 2202 1783 2251 philosophum,
1823 2203 1847 2238 si
1880 2203 1910 2238 ei

1241 2253 1466 2288 commodum
1484 2253 1575 2294 effet,
1602 2253 1785 2299 pecuniam
1802 2251 1913 2287 facere

1242 2303 1346 2350 poffe,
1388 2313 1528 2336 omnem
1561 2301 1685 2342 oleam,
1727 2312 1911 2355 antequam

1244 2351 1361 2386 florere
1391 2351 1558 2397 coepisset,
1597 2351 1631 2384 in
1663 2361 1746 2397 agro
1772 2350 1911 2385 Milesio

1241 2401 1397 2435 coemisse
1418 2400 1556 2434 dicitur.
1609 2399 1911 2434 Animadverterat

1241 2448 1377 2485 fortasse
1407 2449 1557 2496 quadam
1576 2447 1725 2491 scicntia,
1754 2448 1910 2484 olearum
