<?xml version="1.0" encoding="UTF-8"?>
<!DOCTYPE html PUBLIC "-//W3C//DTD XHTML 1.0 Transitional//EN"
    "http://www.w3.org/TR/xhtml1/DTD/xhtml1-transitional.dtd">
<html xmlns="http://www.w3.org/1999/xhtml" xml:lang="en" lang="en">
 <head>
  <title>
</title>
<meta http-equiv="Content-Type" content="text/html;charset=utf-8" />
  <meta name='ocr-system' content='tesseract 3.04.00' />
  <meta name='ocr-capabilities' content='ocr_page ocr_carea ocr_par ocr_line ocrx_word'/>
</head>
<body>
  <div class='ocr_page' id='page_1' title='image "./operacumindicibu09ciceuoft_0345.png"; bbox 0 0 2241 2994; ppageno 0'>
   <div class='ocr_carea' id='block_1_1' title="bbox 713 243 1327 286">
    <p class='ocr_par' dir='ltr' id='par_1_1' title="bbox 713 243 1327 286">
     <span class='ocr_line' id='line_1_1' title="bbox 713 243 1327 286; baseline -0.003 0"><span class='ocrx_word' id='word_1_1' title='bbox 713 243 1327 286; x_wconf 89' lang='lat' dir='ltr'>HISTORIA.</span> 
     </span>
    </p>
   </div>
   <div class='ocr_carea' id='block_1_2' title="bbox 317 339 1011 2532">
    <p class='ocr_par' dir='ltr' id='par_1_2' title="bbox 323 339 993 475">
     <span class='ocr_line' id='line_1_2' title="bbox 323 339 993 387; baseline -0.006 -9"><span class='ocrx_word' id='word_1_2' title='bbox 323 342 494 383; x_wconf 79' lang='lat' dir='ltr'>habitum,</span> <span class='ocrx_word' id='word_1_3' title='bbox 529 339 775 387; x_wconf 74' lang='lat' dir='ltr'>sententiasque</span> <span class='ocrx_word' id='word_1_4' title='bbox 800 339 921 381; x_wconf 69' lang='lat' dir='ltr'>dietas,</span> <span class='ocrx_word' id='word_1_5' title='bbox 957 348 993 374; x_wconf 91' lang='lat' dir='ltr'>et</span> 
     </span>
     <span class='ocr_line' id='line_1_3' title="bbox 323 387 992 437; baseline -0.006 -11"><span class='ocrx_word' id='word_1_6' title='bbox 323 392 460 426; x_wconf 89' lang='lat' dir='ltr'>tandem</span> <span class='ocrx_word' id='word_1_7' title='bbox 486 390 689 437; x_wconf 82' lang='lat' dir='ltr'>legationem</span> <span class='ocrx_word' id='word_1_8' title='bbox 719 389 763 423; x_wconf 89' lang='lat' dir='ltr'>ad</span> <span class='ocrx_word' id='word_1_9' title='bbox 793 387 992 424; x_wconf 87' lang='lat' dir='ltr'>Antonium</span> 
     </span>
     <span class='ocr_line' id='line_1_4' title="bbox 324 421 648 475; baseline -0.01 -1"><span class='ocrx_word' id='word_1_10' title='bbox 324 440 456 475; x_wconf 75' lang='lat' dir='ltr'>missam</span> <span class='ocrx_word' id='word_1_11' title='bbox 472 421 572 474; x_wconf 77' lang='lat' dir='ltr'>fuisse</span> <span class='ocrx_word' id='word_1_12' title='bbox 590 437 648 473; x_wconf 86' lang='lat' dir='ltr'>ait.</span> 
     </span>
    </p>

    <p class='ocr_par' dir='ltr' id='par_1_3' title="bbox 317 483 995 969">
     <span class='ocr_line' id='line_1_5' title="bbox 374 483 990 534; baseline -0.008 -11"><span class='ocrx_word' id='word_1_13' title='bbox 374 489 497 534; x_wconf 90' lang='lat' dir='ltr'>Itaque</span> <span class='ocrx_word' id='word_1_14' title='bbox 525 486 636 534; x_wconf 83' lang='lat' dir='ltr'>pridie</span> <span class='ocrx_word' id='word_1_15' title='bbox 664 485 786 520; x_wconf 85' lang='lat' dir='ltr'>Nonas</span> <span class='ocrx_word' id='word_1_16' title='bbox 815 485 894 530; x_wconf 88' lang='lat' dir='ltr'>Jan.</span> <span class='ocrx_word' id='word_1_17' title='bbox 921 483 990 519; x_wconf 88' lang='lat' dir='ltr'>fac-</span> 
     </span>
     <span class='ocr_line' id='line_1_6' title="bbox 324 533 994 575; baseline -0.007 -3"><span class='ocrx_word' id='word_1_18' title='bbox 324 546 401 572; x_wconf 90' lang='lat' dir='ltr'>tum</span> <span class='ocrx_word' id='word_1_19' title='bbox 442 535 589 570; x_wconf 85' lang='lat' dir='ltr'>senatus·</span> <span class='ocrx_word' id='word_1_20' title='bbox 592 533 790 569; x_wconf 89' lang='lat' dir='ltr'>consultum</span> <span class='ocrx_word' id='word_1_21' title='bbox 830 533 910 575; x_wconf 90' lang='lat' dir='ltr'>fuit,</span> <span class='ocrx_word' id='word_1_22' title='bbox 956 543 994 568; x_wconf 89' lang='lat' dir='ltr'>ut</span> 
     </span>
     <span class='ocr_line' id='line_1_7' title="bbox 324 582 993 631; baseline -0.006 -11"><span class='ocrx_word' id='word_1_23' title='bbox 324 585 396 620; x_wconf 91' lang='lat' dir='ltr'>Ser.</span> <span class='ocrx_word' id='word_1_24' title='bbox 415 583 604 631; x_wconf 89' lang='lat' dir='ltr'>Sulpicius,</span> <span class='ocrx_word' id='word_1_25' title='bbox 624 583 667 618; x_wconf 90' lang='lat' dir='ltr'>L.</span> <span class='ocrx_word' id='word_1_26' title='bbox 687 582 777 624; x_wconf 89' lang='lat' dir='ltr'>Piso,</span> <span class='ocrx_word' id='word_1_27' title='bbox 795 592 829 617; x_wconf 92' lang='lat' dir='ltr'>et</span> <span class='ocrx_word' id='word_1_28' title='bbox 846 582 891 617; x_wconf 93' lang='lat' dir='ltr'>L.</span> <span class='ocrx_word' id='word_1_29' title='bbox 911 582 993 617; x_wconf 87' lang='lat' dir='ltr'>Phi-</span> 
     </span>
     <span class='ocr_line' id='line_1_8' title="bbox 324 630 993 681; baseline -0.005 -13"><span class='ocrx_word' id='word_1_30' title='bbox 324 634 443 681; x_wconf 87' lang='lat' dir='ltr'>lippus</span> <span class='ocrx_word' id='word_1_31' title='bbox 477 644 558 667; x_wconf 87' lang='lat' dir='ltr'>cum</span> <span class='ocrx_word' id='word_1_32' title='bbox 593 630 762 667; x_wconf 86' lang='lat' dir='ltr'>mandatis</span> <span class='ocrx_word' id='word_1_33' title='bbox 805 631 848 666; x_wconf 92' lang='lat' dir='ltr'>ad</span> <span class='ocrx_word' id='word_1_34' title='bbox 880 631 993 666; x_wconf 90' lang='lat' dir='ltr'>Anto-</span> 
     </span>
     <span class='ocr_line' id='line_1_9' title="bbox 325 680 995 767; baseline -0.006 -1"><span class='ocrx_word' id='word_1_35' title='bbox 325 681 756 767; x_wconf 54' lang='lat' dir='ltr'>ffi¹¹143fgfig¹gffisgggssgffe</span> <span class='ocrx_word' id='word_1_36' title='bbox 777 680 995 763; x_wconf 48' lang='lat' dir='ltr'>&amp;3355ss</span> 
     </span>
     <span class='ocr_line' id='line_1_10' title="bbox 324 776 994 825; baseline -0.006 -11"><span class='ocrx_word' id='word_1_37' title='bbox 324 791 392 825; x_wconf 83' lang='lat' dir='ltr'>exp</span> <span class='ocrx_word' id='word_1_38' title='bbox 393 777 483 814; x_wconf 92' lang='lat' dir='ltr'>osuit</span> <span class='ocrx_word' id='word_1_39' title='bbox 521 778 639 813; x_wconf 91' lang='lat' dir='ltr'>habita</span> <span class='ocrx_word' id='word_1_40' title='bbox 679 776 844 818; x_wconf 88' lang='lat' dir='ltr'>oratione,</span> <span class='ocrx_word' id='word_1_41' title='bbox 888 788 994 824; x_wconf 83' lang='lat' dir='ltr'>quam</span> 
     </span>
     <span class='ocr_line' id='line_1_11' title="bbox 317 825 995 874; baseline -0.006 -11"><span class='ocrx_word' id='word_1_42' title='bbox 317 828 412 874; x_wconf 80' lang='lat' dir='ltr'>sexta</span> <span class='ocrx_word' id='word_1_43' title='bbox 430 826 611 873; x_wconf 63' lang='lat' dir='ltr'>Philippica</span> <span class='ocrx_word' id='word_1_44' title='bbox 628 825 899 873; x_wconf 88' lang='lat' dir='ltr'>comprehendit.</span> <span class='ocrx_word' id='word_1_45' title='bbox 940 825 995 860; x_wconf 89' lang='lat' dir='ltr'>De</span> 
     </span>
     <span class='ocr_line' id='line_1_12' title="bbox 326 874 995 923; baseline -0.006 -11"><span class='ocrx_word' id='word_1_46' title='bbox 326 876 446 923; x_wconf 89' lang='lat' dir='ltr'>legatis</span> <span class='ocrx_word' id='word_1_47' title='bbox 463 875 542 910; x_wconf 87' lang='lat' dir='ltr'>vide</span> <span class='ocrx_word' id='word_1_48' title='bbox 558 875 642 921; x_wconf 88' lang='lat' dir='ltr'>epist.</span> <span class='ocrx_word' id='word_1_49' title='bbox 664 877 695 910; x_wconf 90' lang='lat'>8.</span> <span class='ocrx_word' id='word_1_50' title='bbox 723 874 778 909; x_wconf 88' lang='lat' dir='ltr'>lib.</span> <span class='ocrx_word' id='word_1_51' title='bbox 798 874 866 909; x_wconf 88' lang='lat' dir='ltr'>XI.</span> <span class='ocrx_word' id='word_1_52' title='bbox 891 885 944 918; x_wconf 89' lang='lat'>14.</span> <span class='ocrx_word' id='word_1_53' title='bbox 961 884 995 909; x_wconf 90' lang='lat' dir='ltr'>et</span> 
     </span>
     <span class='ocr_line' id='line_1_13' title="bbox 328 922 714 969; baseline -0.003 -9"><span class='ocrx_word' id='word_1_54' title='bbox 328 937 385 969; x_wconf 89' lang='lat'>24·</span> <span class='ocrx_word' id='word_1_55' title='bbox 412 925 468 960; x_wconf 82' lang='lat' dir='ltr'>lib.</span> <span class='ocrx_word' id='word_1_56' title='bbox 487 924 571 960; x_wconf 92' lang='lat' dir='ltr'><strong>XII.</strong></span> <span class='ocrx_word' id='word_1_57' title='bbox 598 922 714 959; x_wconf 63' lang='lat' dir='ltr'>famil.</span> 
     </span>
    </p>

    <p class='ocr_par' dir='ltr' id='par_1_4' title="bbox 325 971 1001 1694">
     <span class='ocr_line' id='line_1_14' title="bbox 376 971 995 1020; baseline -0.005 -11"><span class='ocrx_word' id='word_1_58' title='bbox 376 974 471 1009; x_wconf 89' lang='lat' dir='ltr'>Cum</span> <span class='ocrx_word' id='word_1_59' title='bbox 489 973 592 1020; x_wconf 83' lang='lat' dir='ltr'>legati</span> <span class='ocrx_word' id='word_1_60' title='bbox 619 972 661 1007; x_wconf 87' lang='lat' dir='ltr'>ad</span> <span class='ocrx_word' id='word_1_61' title='bbox 689 972 886 1007; x_wconf 89' lang='lat' dir='ltr'>Antonium</span> <span class='ocrx_word' id='word_1_62' title='bbox 909 971 995 1007; x_wconf 84' lang='lat' dir='ltr'>miffi</span> 
     </span>
     <span class='ocr_line' id='line_1_15' title="bbox 325 1020 995 1071; baseline -0.006 -13"><span class='ocrx_word' id='word_1_63' title='bbox 325 1023 598 1071; x_wconf 62' lang='lat' dir='ltr'>expeditarentur,</span> <span class='ocrx_word' id='word_1_64' title='bbox 633 1020 774 1068; x_wconf 87' lang='lat' dir='ltr'>ejusque</span> <span class='ocrx_word' id='word_1_65' title='bbox 803 1020 904 1056; x_wconf 90' lang='lat' dir='ltr'>amici</span> <span class='ocrx_word' id='word_1_66' title='bbox 946 1033 995 1055; x_wconf 89' lang='lat' dir='ltr'>re-</span> 
     </span>
     <span class='ocr_line' id='line_1_16' title="bbox 328 1070 996 1119; baseline -0.005 -12"><span class='ocrx_word' id='word_1_67' title='bbox 328 1071 446 1119; x_wconf 88' lang='lat' dir='ltr'>sponsa</span> <span class='ocrx_word' id='word_1_68' title='bbox 465 1071 556 1106; x_wconf 87' lang='lat' dir='ltr'>illius</span> <span class='ocrx_word' id='word_1_69' title='bbox 573 1070 820 1117; x_wconf 88' lang='lat' dir='ltr'>confingerent,</span> <span class='ocrx_word' id='word_1_70' title='bbox 836 1070 890 1104; x_wconf 90' lang='lat' dir='ltr'><strong>M.</strong></span> <span class='ocrx_word' id='word_1_71' title='bbox 904 1070 939 1104; x_wconf 87' lang='grc' dir='ltr'>Τ</span> <span class='ocrx_word' id='word_1_72' title='bbox 944 1070 996 1104; x_wconf 91' lang='lat' dir='ltr'>ul-</span> 
     </span>
     <span class='ocr_line' id='line_1_17' title="bbox 329 1100 997 1162; baseline -0.004 -7"><span class='ocrx_word' id='word_1_73' title='bbox 329 1121 409 1162; x_wconf 87' lang='lat' dir='ltr'>lius,</span> <span class='ocrx_word' id='word_1_74' title='bbox 437 1130 603 1161; x_wconf 87' lang='lat' dir='ltr'>metuens,</span> <span class='ocrx_word' id='word_1_75' title='bbox 627 1131 668 1154; x_wconf 92' lang='lat' dir='ltr'>ne</span> <span class='ocrx_word' id='word_1_76' title='bbox 685 1100 875 1153; x_wconf 82' lang='lat' dir='ltr'>senatorum</span> <span class='ocrx_word' id='word_1_77' title='bbox 893 1117 997 1153; x_wconf 91' lang='lat' dir='ltr'>animi</span> 
     </span>
     <span class='ocr_line' id='line_1_18' title="bbox 329 1167 998 1217; baseline -0.003 -13"><span class='ocrx_word' id='word_1_78' title='bbox 329 1170 372 1204; x_wconf 88' lang='lat' dir='ltr'>ad</span> <span class='ocrx_word' id='word_1_79' title='bbox 405 1181 524 1217; x_wconf 85' lang='lat' dir='ltr'>pacem</span> <span class='ocrx_word' id='word_1_80' title='bbox 560 1167 774 1208; x_wconf 83' lang='lat' dir='ltr'>inclinarent,</span> <span class='ocrx_word' id='word_1_81' title='bbox 813 1167 934 1202; x_wconf 89' lang='lat' dir='ltr'>habuit</span> <span class='ocrx_word' id='word_1_82' title='bbox 965 1167 998 1202; x_wconf 91' lang='lat' dir='ltr'>in</span> 
     </span>
     <span class='ocr_line' id='line_1_19' title="bbox 329 1216 1000 1263; baseline -0.006 -9"><span class='ocrx_word' id='word_1_83' title='bbox 329 1219 444 1254; x_wconf 88' lang='lat' dir='ltr'>senatu</span> <span class='ocrx_word' id='word_1_84' title='bbox 463 1217 670 1263; x_wconf 76' lang='lat' dir='ltr'>Philippicam</span> <span class='ocrx_word' id='word_1_85' title='bbox 678 1216 884 1263; x_wconf 80' lang='lat' dir='ltr'>septimam,</span> <span class='ocrx_word' id='word_1_86' title='bbox 878 1229 910 1251; x_wconf 80' lang='lat' dir='ltr'>in</span> <span class='ocrx_word' id='word_1_87' title='bbox 929 1227 1000 1263; x_wconf 88' lang='lat' dir='ltr'>qua</span> 
     </span>
     <span class='ocr_line' id='line_1_20' title="bbox 329 1265 996 1315; baseline -0.003 -13"><span class='ocrx_word' id='word_1_88' title='bbox 329 1279 450 1315; x_wconf 87' lang='lat' dir='ltr'>pacem</span> <span class='ocrx_word' id='word_1_89' title='bbox 468 1267 579 1301; x_wconf 87' lang='lat' dir='ltr'>tribus</span> <span class='ocrx_word' id='word_1_90' title='bbox 606 1265 649 1300; x_wconf 92' lang='lat' dir='ltr'>de</span> <span class='ocrx_word' id='word_1_91' title='bbox 675 1265 781 1300; x_wconf 85' lang='lat' dir='ltr'>caufis</span> <span class='ocrx_word' id='word_1_92' title='bbox 807 1265 996 1300; x_wconf 86' lang='lat' dir='ltr'>dissuadet:</span> 
     </span>
     <span class='ocr_line' id='line_1_21' title="bbox 330 1313 996 1362; baseline -0.005 -11"><span class='ocrx_word' id='word_1_93' title='bbox 330 1316 500 1356; x_wconf 89' lang='lat' dir='ltr'>Primum,</span> <span class='ocrx_word' id='word_1_94' title='bbox 527 1314 611 1362; x_wconf 89' lang='lat' dir='ltr'>quia</span> <span class='ocrx_word' id='word_1_95' title='bbox 637 1314 678 1349; x_wconf 79' lang='lat' dir='ltr'>sit</span> <span class='ocrx_word' id='word_1_96' title='bbox 700 1313 835 1361; x_wconf 90' lang='lat' dir='ltr'>turpis,</span> <span class='ocrx_word' id='word_1_97' title='bbox 862 1313 996 1355; x_wconf 90' lang='lat' dir='ltr'>deinde,</span> 
     </span>
     <span class='ocr_line' id='line_1_22' title="bbox 328 1342 999 1416; baseline -0.004 -17"><span class='ocrx_word' id='word_1_98' title='bbox 328 1364 412 1411; x_wconf 90' lang='lat' dir='ltr'>quia</span> <span class='ocrx_word' id='word_1_99' title='bbox 438 1342 650 1412; x_wconf 59' lang='lat' dir='ltr'>per’iculosa3</span> <span class='ocrx_word' id='word_1_100' title='bbox 689 1362 876 1416; x_wconf 84' lang='lat' dir='ltr'>postremo,</span> <span class='ocrx_word' id='word_1_101' title='bbox 915 1362 999 1408; x_wconf 87' lang='lat' dir='ltr'>quia</span> 
     </span>
     <span class='ocr_line' id='line_1_23' title="bbox 327 1410 997 1459; baseline -0.006 -11"><span class='ocrx_word' id='word_1_102' title='bbox 327 1414 392 1449; x_wconf 81' lang='lat' dir='ltr'>esse</span> <span class='ocrx_word' id='word_1_103' title='bbox 410 1425 478 1448; x_wconf 91' lang='lat' dir='ltr'>non</span> <span class='ocrx_word' id='word_1_104' title='bbox 497 1411 700 1459; x_wconf 86' lang='lat' dir='ltr'>possit.1n</span> <span class='ocrx_word' id='word_1_105' title='bbox 730 1410 900 1458; x_wconf 85' lang='lat' dir='ltr'>legatione</span> <span class='ocrx_word' id='word_1_106' title='bbox 927 1411 997 1445; x_wconf 90' lang='lat' dir='ltr'>Ser.</span> 
     </span>
     <span class='ocr_line' id='line_1_24' title="bbox 330 1459 1001 1510; baseline -0.006 -12"><span class='ocrx_word' id='word_1_107' title='bbox 330 1462 507 1510; x_wconf 80' lang='lat' dir='ltr'>Sulpicius</span> <span class='ocrx_word' id='word_1_108' title='bbox 531 1470 678 1496; x_wconf 89' lang='lat' dir='ltr'>mortem</span> <span class='ocrx_word' id='word_1_109' title='bbox 707 1460 806 1495; x_wconf 88' lang='lat' dir='ltr'>obiit.</span> <span class='ocrx_word' id='word_1_110' title='bbox 858 1459 937 1495; x_wconf 91' lang='lat' dir='ltr'>Piso</span> <span class='ocrx_word' id='word_1_111' title='bbox 965 1469 1001 1494; x_wconf 88' lang='lat' dir='ltr'>et</span> 
     </span>
     <span class='ocr_line' id='line_1_25' title="bbox 331 1508 1000 1559; baseline -0.005 -13"><span class='ocrx_word' id='word_1_112' title='bbox 331 1511 517 1559; x_wconf 87' lang='lat' dir='ltr'>Philippus</span> <span class='ocrx_word' id='word_1_113' title='bbox 535 1511 686 1545; x_wconf 89' lang='lat' dir='ltr'>Romam</span> <span class='ocrx_word' id='word_1_114' title='bbox 714 1508 832 1544; x_wconf 82' lang='lat' dir='ltr'>reversi</span> <span class='ocrx_word' id='word_1_115' title='bbox 861 1508 905 1544; x_wconf 89' lang='lat' dir='ltr'>ab</span> <span class='ocrx_word' id='word_1_116' title='bbox 925 1508 1000 1544; x_wconf 88' lang='lat' dir='ltr'>An-</span> 
     </span>
     <span class='ocr_line' id='line_1_26' title="bbox 330 1556 1001 1604; baseline -0.006 -9"><span class='ocrx_word' id='word_1_117' title='bbox 330 1561 428 1595; x_wconf 88' lang='lat' dir='ltr'>tonio</span> <span class='ocrx_word' id='word_1_118' title='bbox 445 1559 488 1594; x_wconf 91' lang='lat' dir='ltr'>ad</span> <span class='ocrx_word' id='word_1_119' title='bbox 506 1558 657 1594; x_wconf 88' lang='lat' dir='ltr'>senatum</span> <span class='ocrx_word' id='word_1_120' title='bbox 681 1557 909 1593; x_wconf 85' lang='lat' dir='ltr'>intolerabilia</span> <span class='ocrx_word' id='word_1_121' title='bbox 924 1556 1001 1604; x_wconf 92' lang='lat' dir='ltr'>pos-</span> 
     </span>
     <span class='ocr_line' id='line_1_27' title="bbox 330 1606 999 1653; baseline -0.005 -9"><span class='ocrx_word' id='word_1_122' title='bbox 330 1610 441 1644; x_wconf 84' lang='lat' dir='ltr'>tulata</span> <span class='ocrx_word' id='word_1_123' title='bbox 457 1608 661 1650; x_wconf 89' lang='lat' dir='ltr'>retulerunt,</span> <span class='ocrx_word' id='word_1_124' title='bbox 686 1606 770 1653; x_wconf 81' lang='lat' dir='ltr'>epist.</span> <span class='ocrx_word' id='word_1_125' title='bbox 790 1619 824 1650; x_wconf 94' lang='lat'>4.</span> <span class='ocrx_word' id='word_1_126' title='bbox 846 1606 899 1642; x_wconf 86' lang='lat' dir='ltr'>lib.</span> <span class='ocrx_word' id='word_1_127' title='bbox 917 1606 999 1642; x_wconf 87' lang='grc' dir='ltr'>ΧΠ.</span> 
     </span>
     <span class='ocr_line' id='line_1_28' title="bbox 331 1656 754 1694; baseline -0.005 0"><span class='ocrx_word' id='word_1_128' title='bbox 331 1659 425 1694; x_wconf 86' lang='lat' dir='ltr'>Fam.</span> <span class='ocrx_word' id='word_1_129' title='bbox 454 1657 526 1691; x_wconf 91' lang='lat' dir='ltr'>Dio</span> <span class='ocrx_word' id='word_1_130' title='bbox 542 1656 596 1692; x_wconf 83' lang='lat' dir='ltr'>lib.</span> <span class='ocrx_word' id='word_1_131' title='bbox 616 1656 754 1692; x_wconf 86' lang='lat' dir='ltr'><strong>XLVI.</strong></span> 
     </span>
    </p>

    <p class='ocr_par' dir='ltr' id='par_1_5' title="bbox 332 1702 1008 2432">
     <span class='ocr_line' id='line_1_29' title="bbox 383 1702 1003 1741; baseline -0.005 0"><span class='ocrx_word' id='word_1_132' title='bbox 383 1705 580 1741; x_wconf 86' lang='lat' dir='ltr'>Tumultus</span> <span class='ocrx_word' id='word_1_133' title='bbox 597 1705 733 1740; x_wconf 84' lang='lat' dir='ltr'>interim</span> <span class='ocrx_word' id='word_1_134' title='bbox 751 1716 770 1739; x_wconf 91' lang='lat' dir='ltr'>a</span> <span class='ocrx_word' id='word_1_135' title='bbox 792 1703 906 1739; x_wconf 84' lang='lat' dir='ltr'>senatu</span> <span class='ocrx_word' id='word_1_136' title='bbox 933 1702 1003 1739; x_wconf 92' lang='lat' dir='ltr'>fuit</span> 
     </span>
     <span class='ocr_line' id='line_1_30' title="bbox 332 1753 1001 1798; baseline -0.007 -6"><span class='ocrx_word' id='word_1_137' title='bbox 332 1757 502 1798; x_wconf 90' lang='lat' dir='ltr'>decretus,</span> <span class='ocrx_word' id='word_1_138' title='bbox 529 1766 610 1789; x_wconf 90' lang='lat' dir='ltr'>cum</span> <span class='ocrx_word' id='word_1_139' title='bbox 630 1754 711 1789; x_wconf 86' lang='lat' dir='ltr'>belli</span> <span class='ocrx_word' id='word_1_140' title='bbox 735 1765 860 1789; x_wconf 89' lang='lat' dir='ltr'>nomen</span> <span class='ocrx_word' id='word_1_141' title='bbox 879 1753 912 1788; x_wconf 94' lang='lat' dir='ltr'>in</span> <span class='ocrx_word' id='word_1_142' title='bbox 931 1753 1001 1788; x_wconf 91' lang='lat' dir='ltr'>sen-</span> 
     </span>
     <span class='ocr_line' id='line_1_31' title="bbox 333 1802 1002 1857; baseline -0.007 -16"><span class='ocrx_word' id='word_1_143' title='bbox 333 1805 438 1842; x_wconf 85' lang='lat' dir='ltr'>tentia</span> <span class='ocrx_word' id='word_1_144' title='bbox 455 1803 538 1852; x_wconf 91' lang='lat' dir='ltr'>poni</span> <span class='ocrx_word' id='word_1_145' title='bbox 565 1802 772 1857; x_wconf 90' lang='lat' dir='ltr'>quibusdam</span> <span class='ocrx_word' id='word_1_146' title='bbox 799 1814 867 1837; x_wconf 91' lang='lat' dir='ltr'>non</span> <span class='ocrx_word' id='word_1_147' title='bbox 889 1802 1002 1849; x_wconf 86' lang='lat' dir='ltr'>place-</span> 
     </span>
     <span class='ocr_line' id='line_1_32' title="bbox 333 1851 1003 1900; baseline -0.009 -10"><span class='ocrx_word' id='word_1_148' title='bbox 333 1864 394 1890; x_wconf 91' lang='lat' dir='ltr'>ret.</span> <span class='ocrx_word' id='word_1_149' title='bbox 447 1853 488 1888; x_wconf 90' lang='lat' dir='ltr'>Id</span> <span class='ocrx_word' id='word_1_150' title='bbox 522 1852 620 1900; x_wconf 89' lang='lat' dir='ltr'>quod</span> <span class='ocrx_word' id='word_1_151' title='bbox 661 1851 784 1887; x_wconf 88' lang='lat' dir='ltr'>Cicero</span> <span class='ocrx_word' id='word_1_152' title='bbox 821 1851 1003 1897; x_wconf 88' lang='lat' dir='ltr'>Philippica</span> 
     </span>
     <span class='ocr_line' id='line_1_33' title="bbox 332 1900 1004 1956; baseline -0.006 -18"><span class='ocrx_word' id='word_1_153' title='bbox 332 1907 449 1938; x_wconf 62' lang='lat' dir='ltr'>ottava</span> <span class='ocrx_word' id='word_1_154' title='bbox 465 1900 690 1956; x_wconf 85' lang='lat' dir='ltr'>reprehendit,</span> <span class='ocrx_word' id='word_1_155' title='bbox 703 1912 808 1954; x_wconf 79' lang='lat' dir='ltr'>quam</span> <span class='ocrx_word' id='word_1_156' title='bbox 827 1909 903 1934; x_wconf 89' lang='lat' dir='ltr'>ante</span> <span class='ocrx_word' id='word_1_157' title='bbox 923 1900 1004 1934; x_wconf 88' lang='lat' dir='ltr'>Idus</span> 
     </span>
     <span class='ocr_line' id='line_1_34' title="bbox 333 1948 1006 1995; baseline -0.009 -7"><span class='ocrx_word' id='word_1_158' title='bbox 333 1951 482 1988; x_wconf 86' lang='lat' dir='ltr'>Martias</span> <span class='ocrx_word' id='word_1_159' title='bbox 515 1951 549 1985; x_wconf 92' lang='lat' dir='ltr'>in</span> <span class='ocrx_word' id='word_1_160' title='bbox 580 1949 694 1984; x_wconf 88' lang='lat' dir='ltr'>senatu</span> <span class='ocrx_word' id='word_1_161' title='bbox 728 1948 830 1990; x_wconf 84' lang='lat' dir='ltr'>dixit,</span> <span class='ocrx_word' id='word_1_162' title='bbox 856 1948 1006 1995; x_wconf 85' lang='lat' dir='ltr'>gaviter</span> 
     </span>
     <span class='ocr_line' id='line_1_35' title="bbox 334 1997 1004 2039; baseline -0.007 -3"><span class='ocrx_word' id='word_1_163' title='bbox 334 2000 496 2036; x_wconf 89' lang='lat' dir='ltr'>invehens</span> <span class='ocrx_word' id='word_1_164' title='bbox 524 1999 557 2034; x_wconf 91' lang='lat' dir='ltr'>in</span> <span class='ocrx_word' id='word_1_165' title='bbox 619 1998 794 2033; x_wconf 84' lang='lat' dir='ltr'>.Fufium</span> <span class='ocrx_word' id='word_1_166' title='bbox 821 1997 1004 2039; x_wconf 87' lang='lat' dir='ltr'>Calenum,</span> 
     </span>
     <span class='ocr_line' id='line_1_36' title="bbox 334 2046 1005 2098; baseline -0.007 -13"><span class='ocrx_word' id='word_1_167' title='bbox 334 2050 397 2098; x_wconf 90' lang='lat' dir='ltr'>qui</span> <span class='ocrx_word' id='word_1_168' title='bbox 439 2047 597 2084; x_wconf 87' lang='lat' dir='ltr'>Antonio</span> <span class='ocrx_word' id='word_1_169' title='bbox 638 2046 806 2082; x_wconf 86' lang='lat' dir='ltr'>studebat.</span> <span class='ocrx_word' id='word_1_170' title='bbox 858 2046 1005 2088; x_wconf 87' lang='lat' dir='ltr'>Deinde,</span> 
     </span>
     <span class='ocr_line' id='line_1_37' title="bbox 335 2094 1006 2142; baseline -0.006 -9"><span class='ocrx_word' id='word_1_171' title='bbox 335 2110 418 2133; x_wconf 88' lang='lat' dir='ltr'>cum</span> <span class='ocrx_word' id='word_1_172' title='bbox 447 2098 490 2132; x_wconf 91' lang='lat' dir='ltr'>de</span> <span class='ocrx_word' id='word_1_173' title='bbox 515 2096 671 2132; x_wconf 90' lang='lat' dir='ltr'>ornando</span> <span class='ocrx_word' id='word_1_174' title='bbox 698 2097 768 2131; x_wconf 91' lang='lat' dir='ltr'>Ser.</span> <span class='ocrx_word' id='word_1_175' title='bbox 788 2094 946 2142; x_wconf 88' lang='lat' dir='ltr'>Sulpicio</span> <span class='ocrx_word' id='word_1_176' title='bbox 972 2095 1006 2129; x_wconf 90' lang='lat' dir='ltr'>in</span> 
     </span>
     <span class='ocr_line' id='line_1_38' title="bbox 336 2144 1004 2193; baseline -0.006 -11"><span class='ocrx_word' id='word_1_177' title='bbox 336 2147 450 2182; x_wconf 87' lang='lat' dir='ltr'>senatu</span> <span class='ocrx_word' id='word_1_178' title='bbox 470 2156 638 2193; x_wconf 86' lang='lat' dir='ltr'>ageretur,</span> <span class='ocrx_word' id='word_1_179' title='bbox 657 2145 780 2180; x_wconf 91' lang='lat' dir='ltr'>Cicero</span> <span class='ocrx_word' id='word_1_180' title='bbox 796 2156 908 2179; x_wconf 88' lang='lat' dir='ltr'>nonam</span> <span class='ocrx_word' id='word_1_181' title='bbox 927 2144 1004 2179; x_wconf 84' lang='lat' dir='ltr'>Phi-</span> 
     </span>
     <span class='ocr_line' id='line_1_39' title="bbox 336 2193 1006 2250; baseline -0.003 -21"><span class='ocrx_word' id='word_1_182' title='bbox 336 2195 479 2250; x_wconf 86' lang='lat' dir='ltr'>lippicam</span> <span class='ocrx_word' id='word_1_183' title='bbox 502 2194 614 2236; x_wconf 68' lang='lat' dir='ltr'>dixit,</span> <span class='ocrx_word' id='word_1_184' title='bbox 641 2194 795 2236; x_wconf 87' lang='lat' dir='ltr'>suadens,</span> <span class='ocrx_word' id='word_1_185' title='bbox 823 2203 861 2228; x_wconf 88' lang='lat' dir='ltr'>ut</span> <span class='ocrx_word' id='word_1_186' title='bbox 889 2193 1006 2240; x_wconf 91' lang='lat' dir='ltr'>Sulpi-</span> 
     </span>
     <span class='ocr_line' id='line_1_40' title="bbox 337 2242 1007 2290; baseline -0.004 -11"><span class='ocrx_word' id='word_1_187' title='bbox 337 2245 394 2279; x_wconf 85' lang='lat' dir='ltr'>cio</span> <span class='ocrx_word' id='word_1_188' title='bbox 411 2243 520 2278; x_wconf 89' lang='lat' dir='ltr'>statua</span> <span class='ocrx_word' id='word_1_189' title='bbox 537 2242 696 2290; x_wconf 86' lang='lat' dir='ltr'>pedestris</span> <span class='ocrx_word' id='word_1_190' title='bbox 713 2254 808 2278; x_wconf 85' lang='lat' dir='ltr'>aenea</span> <span class='ocrx_word' id='word_1_191' title='bbox 824 2242 858 2277; x_wconf 90' lang='lat' dir='ltr'>in</span> <span class='ocrx_word' id='word_1_192' title='bbox 874 2242 1007 2277; x_wconf 89' lang='lat' dir='ltr'>Rostris</span> 
     </span>
     <span class='ocr_line' id='line_1_41' title="bbox 338 2291 1008 2340; baseline -0.003 -13"><span class='ocrx_word' id='word_1_193' title='bbox 338 2301 533 2340; x_wconf 87' lang='lat' dir='ltr'>poneretur.</span> <span class='ocrx_word' id='word_1_194' title='bbox 586 2292 706 2336; x_wconf 84' lang='lat' dir='ltr'>Qam</span> <span class='ocrx_word' id='word_1_195' title='bbox 735 2291 792 2326; x_wconf 86' lang='lat' dir='ltr'>sua</span> <span class='ocrx_word' id='word_1_196' title='bbox 822 2300 923 2326; x_wconf 87' lang='lat' dir='ltr'>aetate</span> <span class='ocrx_word' id='word_1_197' title='bbox 943 2302 1008 2338; x_wconf 91' lang='lat' dir='ltr'>pro</span> 
     </span>
     <span class='ocr_line' id='line_1_42' title="bbox 339 2339 1008 2386; baseline -0.003 -10"><span class='ocrx_word' id='word_1_198' title='bbox 339 2340 474 2376; x_wconf 87' lang='lat' dir='ltr'>Rostris</span> <span class='ocrx_word' id='word_1_199' title='bbox 505 2339 655 2385; x_wconf 83' lang='lat' dir='ltr'>Augusti</span> <span class='ocrx_word' id='word_1_200' title='bbox 684 2339 829 2375; x_wconf 80' lang='lat' dir='ltr'>extitifl‘e</span> <span class='ocrx_word' id='word_1_201' title='bbox 855 2340 1008 2386; x_wconf 86' lang='lat' dir='ltr'>Pompo-</span> 
     </span>
     <span class='ocr_line' id='line_1_43' title="bbox 340 2388 897 2432; baseline -0.005 -7"><span class='ocrx_word' id='word_1_202' title='bbox 340 2390 417 2425; x_wconf 89' lang='lat' dir='ltr'>nius</span> <span class='ocrx_word' id='word_1_203' title='bbox 434 2388 471 2423; x_wconf 83' lang='lat' dir='ltr'>de</span> <span class='ocrx_word' id='word_1_204' title='bbox 488 2389 617 2432; x_wconf 82' lang='lat' dir='ltr'>Origme</span> <span class='ocrx_word' id='word_1_205' title='bbox 633 2389 729 2432; x_wconf 85' lang='lat' dir='ltr'>Juris</span> <span class='ocrx_word' id='word_1_206' title='bbox 747 2389 897 2423; x_wconf 86' lang='lat' dir='ltr'>testatur.</span> 
     </span>
    </p>

    <p class='ocr_par' dir='ltr' id='par_1_6' title="bbox 339 2437 1011 2532">
     <span class='ocr_line' id='line_1_44' title="bbox 391 2437 1010 2483; baseline -0.002 -11"><span class='ocrx_word' id='word_1_207' title='bbox 391 2438 447 2472; x_wconf 92' lang='lat' dir='ltr'><strong>M.</strong></span> <span class='ocrx_word' id='word_1_208' title='bbox 483 2437 611 2472; x_wconf 88' lang='lat' dir='ltr'>Brutus</span> <span class='ocrx_word' id='word_1_209' title='bbox 645 2448 735 2471; x_wconf 90' lang='lat' dir='ltr'>anno</span> <span class='ocrx_word' id='word_1_210' title='bbox 769 2437 938 2483; x_wconf 87' lang='lat' dir='ltr'>superiore</span> <span class='ocrx_word' id='word_1_211' title='bbox 967 2448 1010 2471; x_wconf 84' lang='lat' dir='ltr'>ex</span> 
     </span>
     <span class='ocr_line' id='line_1_45' title="bbox 339 2484 1011 2532; baseline -0.006 -9"><span class='ocrx_word' id='word_1_212' title='bbox 339 2487 442 2523; x_wconf 83' lang='lat' dir='ltr'>Italia</span> <span class='ocrx_word' id='word_1_213' title='bbox 471 2485 504 2520; x_wconf 93' lang='lat' dir='ltr'>in</span> <span class='ocrx_word' id='word_1_214' title='bbox 523 2484 697 2520; x_wconf 85' lang='lat' dir='ltr'>Graeciam</span> <span class='ocrx_word' id='word_1_215' title='bbox 717 2484 903 2532; x_wconf 69' lang='lat' dir='ltr'>profectus,</span> <span class='ocrx_word' id='word_1_216' title='bbox 929 2497 1011 2520; x_wconf 90' lang='lat' dir='ltr'>cum</span> 
     </span>
    </p>
   </div>
   <div class='ocr_carea' id='block_1_3' title="bbox 427 2581 680 2622">
    <p class='ocr_par' dir='ltr' id='par_1_7' title="bbox 427 2581 680 2622">
     <span class='ocr_line' id='line_1_46' title="bbox 427 2581 680 2622; baseline -0.004 0"><span class='ocrx_word' id='word_1_217' title='bbox 427 2583 571 2622; x_wconf 85' lang='grc' dir='ltr'>ΤοΜ.</span> <span class='ocrx_word' id='word_1_218' title='bbox 603 2581 680 2622; x_wconf 91' lang='grc' dir='ltr'>ΙΧ.</span> 
     </span>
    </p>
   </div>
   <div class='ocr_carea' id='block_1_4' title="bbox 1041 257 1731 2532">
    <p class='ocr_par' dir='ltr' id='par_1_8' title="bbox 1041 257 1718 1458">
     <span class='ocr_line' id='line_1_47' title="bbox 1637 257 1715 300; baseline -0.026 0"><span class='ocrx_word' id='word_1_219' title='bbox 1637 257 1715 300; x_wconf 87' lang='grc'>337</span> 
     </span>
     <span class='ocr_line' id='line_1_48' title="bbox 1043 338 1709 382; baseline 0 -9"><span class='ocrx_word' id='word_1_220' title='bbox 1043 338 1199 374; x_wconf 86' lang='lat' dir='ltr'>Athenas</span> <span class='ocrx_word' id='word_1_221' title='bbox 1218 339 1371 382; x_wconf 77' lang='lat' dir='ltr'>veniffet,</span> <span class='ocrx_word' id='word_1_222' title='bbox 1398 338 1621 376; x_wconf 77' lang='lat' dir='ltr'>adolescentes</span> <span class='ocrx_word' id='word_1_223' title='bbox 1650 352 1709 375; x_wconf 85' lang='lat' dir='ltr'>no</span> 
     </span>
     <span class='ocr_line' id='line_1_49' title="bbox 1043 386 1710 436; baseline 0.004 -15"><span class='ocrx_word' id='word_1_224' title='bbox 1043 386 1128 421; x_wconf 89' lang='lat' dir='ltr'>biles</span> <span class='ocrx_word' id='word_1_225' title='bbox 1166 389 1354 431; x_wconf 86' lang='lat' dir='ltr'>Romanos,</span> <span class='ocrx_word' id='word_1_226' title='bbox 1393 401 1546 435; x_wconf 88' lang='lat' dir='ltr'>quorum</span> <span class='ocrx_word' id='word_1_227' title='bbox 1587 401 1710 436; x_wconf 85' lang='lat' dir='ltr'>magna</span> 
     </span>
     <span class='ocr_line' id='line_1_50' title="bbox 1041 435 1710 473; baseline 0.003 -3"><span class='ocrx_word' id='word_1_228' title='bbox 1041 435 1233 470; x_wconf 85' lang='lat' dir='ltr'>multitudo</span> <span class='ocrx_word' id='word_1_229' title='bbox 1268 436 1336 470; x_wconf 91' lang='lat' dir='ltr'>illic</span> <span class='ocrx_word' id='word_1_230' title='bbox 1373 437 1542 472; x_wconf 84' lang='lat' dir='ltr'>bonarum</span> <span class='ocrx_word' id='word_1_231' title='bbox 1584 438 1710 473; x_wconf 83' lang='lat' dir='ltr'>artium</span> 
     </span>
     <span class='ocr_line' id='line_1_51' title="bbox 1042 482 1709 531; baseline 0.001 -13"><span class='ocrx_word' id='word_1_232' title='bbox 1042 482 1140 518; x_wconf 88' lang='lat' dir='ltr'>causa</span> <span class='ocrx_word' id='word_1_233' title='bbox 1168 494 1251 526; x_wconf 90' lang='lat' dir='ltr'>erat,</span> <span class='ocrx_word' id='word_1_234' title='bbox 1280 484 1341 519; x_wconf 84' lang='lat' dir='ltr'>sibi</span> <span class='ocrx_word' id='word_1_235' title='bbox 1370 484 1537 531; x_wconf 79' lang='lat' dir='ltr'>adjunxit.</span> <span class='ocrx_word' id='word_1_236' title='bbox 1591 488 1629 521; x_wconf 90' lang='lat' dir='ltr'>ln</span> <span class='ocrx_word' id='word_1_237' title='bbox 1659 486 1709 520; x_wconf 89' lang='lat' dir='ltr'>his</span> 
     </span>
     <span class='ocr_line' id='line_1_52' title="bbox 1044 511 1710 581; baseline 0.005 -15"><span class='ocrx_word' id='word_1_238' title='bbox 1044 531 1113 568; x_wconf 86' lang='lat' dir='ltr'>fuit</span> <span class='ocrx_word' id='word_1_239' title='bbox 1144 532 1200 567; x_wconf 91' lang='lat' dir='ltr'><strong>M.</strong></span> <span class='ocrx_word' id='word_1_240' title='bbox 1236 511 1410 567; x_wconf 83' lang='lat' dir='ltr'>Ciceronis</span> <span class='ocrx_word' id='word_1_241' title='bbox 1446 534 1563 569; x_wconf 84' lang='lat' dir='ltr'>filius:</span> <span class='ocrx_word' id='word_1_242' title='bbox 1605 546 1710 581; x_wconf 84' lang='lat' dir='ltr'>quem</span> 
     </span>
     <span class='ocr_line' id='line_1_53' title="bbox 1045 581 1710 623; baseline 0.002 -7"><span class='ocrx_word' id='word_1_243' title='bbox 1045 581 1186 622; x_wconf 83' lang='lat' dir='ltr'>Brutus,</span> <span class='ocrx_word' id='word_1_244' title='bbox 1213 589 1252 616; x_wconf 92' lang='lat' dir='ltr'>ut</span> <span class='ocrx_word' id='word_1_245' title='bbox 1271 582 1458 616; x_wconf 71' lang='lat' dir='ltr'>Ptutarclus</span> <span class='ocrx_word' id='word_1_246' title='bbox 1476 582 1602 623; x_wconf 84' lang='lat' dir='ltr'>scribit,</span> <span class='ocrx_word' id='word_1_247' title='bbox 1621 583 1710 617; x_wconf 87' lang='lat' dir='ltr'>sum-</span> 
     </span>
     <span class='ocr_line' id='line_1_54' title="bbox 1045 629 1710 678; baseline 0.002 -14"><span class='ocrx_word' id='word_1_248' title='bbox 1045 629 1111 665; x_wconf 86' lang='lat' dir='ltr'>mis</span> <span class='ocrx_word' id='word_1_249' title='bbox 1140 630 1302 664; x_wconf 85' lang='lat' dir='ltr'>laudibus</span> <span class='ocrx_word' id='word_1_250' title='bbox 1329 630 1502 671; x_wconf 84' lang='lat' dir='ltr'>effe1·,ebat</span> <span class='ocrx_word' id='word_1_251' title='bbox 1541 631 1710 678; x_wconf 85' lang='lat' dir='ltr'>inquiens,</span> 
     </span>
     <span class='ocr_line' id='line_1_55' title="bbox 1045 678 1711 725; baseline -0.002 -11"><span class='ocrx_word' id='word_1_252' title='bbox 1045 679 1076 714; x_wconf 88' lang='lat' dir='ltr'>se</span> <span class='ocrx_word' id='word_1_253' title='bbox 1107 678 1219 719; x_wconf 88' lang='lat' dir='ltr'>illum,</span> <span class='ocrx_word' id='word_1_254' title='bbox 1245 679 1314 713; x_wconf 87' lang='lat' dir='ltr'>five</span> <span class='ocrx_word' id='word_1_255' title='bbox 1341 679 1508 725; x_wconf 87' lang='lat' dir='ltr'>vigilaret,</span> <span class='ocrx_word' id='word_1_256' title='bbox 1536 679 1603 714; x_wconf 82' lang='lat' dir='ltr'>sive</span> <span class='ocrx_word' id='word_1_257' title='bbox 1631 680 1711 713; x_wconf 88' lang='lat' dir='ltr'>dor-</span> 
     </span>
     <span class='ocr_line' id='line_1_56' title="bbox 1045 727 1712 775; baseline 0 -13"><span class='ocrx_word' id='word_1_258' title='bbox 1045 727 1156 769; x_wconf 88' lang='lat' dir='ltr'>miret,</span> <span class='ocrx_word' id='word_1_259' title='bbox 1182 727 1353 769; x_wconf 88' lang='lat' dir='ltr'>admirari,</span> <span class='ocrx_word' id='word_1_260' title='bbox 1387 727 1485 775; x_wconf 88' lang='lat' dir='ltr'>quod</span> <span class='ocrx_word' id='word_1_261' title='bbox 1513 727 1647 763; x_wconf 88' lang='lat' dir='ltr'>animus</span> <span class='ocrx_word' id='word_1_262' title='bbox 1679 728 1712 762; x_wconf 87' lang='lat' dir='ltr'>in</span> 
     </span>
     <span class='ocr_line' id='line_1_57' title="bbox 1043 776 1714 824; baseline -0.001 -12"><span class='ocrx_word' id='word_1_263' title='bbox 1043 788 1084 812; x_wconf 91' lang='lat' dir='ltr'>eo</span> <span class='ocrx_word' id='word_1_264' title='bbox 1102 787 1172 811; x_wconf 89' lang='lat' dir='ltr'>tam</span> <span class='ocrx_word' id='word_1_265' title='bbox 1190 776 1382 824; x_wconf 83' lang='lat' dir='ltr'>generosus,</span> <span class='ocrx_word' id='word_1_266' title='bbox 1409 786 1615 823; x_wconf 88' lang='lat' dir='ltr'>tantumque</span> <span class='ocrx_word' id='word_1_267' title='bbox 1639 777 1714 812; x_wconf 90' lang='lat' dir='ltr'>odi-</span> 
     </span>
     <span class='ocr_line' id='line_1_58' title="bbox 1045 825 1716 872; baseline 0 -12"><span class='ocrx_word' id='word_1_268' title='bbox 1045 837 1106 860; x_wconf 90' lang='lat' dir='ltr'>urn</span> <span class='ocrx_word' id='word_1_269' title='bbox 1125 836 1347 872; x_wconf 84' lang='lat' dir='ltr'>tyrannorum</span> <span class='ocrx_word' id='word_1_270' title='bbox 1365 825 1455 860; x_wconf 81' lang='lat' dir='ltr'>effet.</span> <span class='ocrx_word' id='word_1_271' title='bbox 1489 827 1616 860; x_wconf 90' lang='lat' dir='ltr'>Brutus</span> <span class='ocrx_word' id='word_1_272' title='bbox 1636 825 1716 861; x_wconf 83' lang='lat' dir='ltr'>inde</span> 
     </span>
     <span class='ocr_line' id='line_1_59' title="bbox 1045 873 1712 921; baseline 0.001 -13"><span class='ocrx_word' id='word_1_273' title='bbox 1045 876 1079 908; x_wconf 91' lang='lat' dir='ltr'>in</span> <span class='ocrx_word' id='word_1_274' title='bbox 1098 874 1342 908; x_wconf 89' lang='lat' dir='ltr'>Macedoniam</span> <span class='ocrx_word' id='word_1_275' title='bbox 1372 873 1589 921; x_wconf 77' lang='lat' dir='ltr'>transgressus</span> <span class='ocrx_word' id='word_1_276' title='bbox 1613 875 1712 909; x_wconf 88' lang='lat' dir='ltr'>Cice-</span> 
     </span>
     <span class='ocr_line' id='line_1_60' title="bbox 1046 922 1714 970; baseline 0.003 -14"><span class='ocrx_word' id='word_1_277' title='bbox 1046 934 1162 957; x_wconf 91' lang='lat' dir='ltr'>ronem</span> <span class='ocrx_word' id='word_1_278' title='bbox 1182 922 1293 957; x_wconf 88' lang='lat' dir='ltr'>filium</span> <span class='ocrx_word' id='word_1_279' title='bbox 1321 922 1433 957; x_wconf 88' lang='lat' dir='ltr'>secum</span> <span class='ocrx_word' id='word_1_280' title='bbox 1464 923 1577 966; x_wconf 84' lang='lat' dir='ltr'>duxit,</span> <span class='ocrx_word' id='word_1_281' title='bbox 1603 935 1714 970; x_wconf 89' lang='lat' dir='ltr'>eoque</span> 
     </span>
     <span class='ocr_line' id='line_1_61' title="bbox 1046 970 1712 1019; baseline 0 -13"><span class='ocrx_word' id='word_1_282' title='bbox 1046 972 1159 1018; x_wconf 89' lang='lat' dir='ltr'>legato</span> <span class='ocrx_word' id='word_1_283' title='bbox 1186 971 1265 1006; x_wconf 88' lang='lat' dir='ltr'>usus</span> <span class='ocrx_word' id='word_1_284' title='bbox 1296 972 1406 1006; x_wconf 89' lang='lat' dir='ltr'>multa</span> <span class='ocrx_word' id='word_1_285' title='bbox 1430 970 1575 1006; x_wconf 88' lang='lat' dir='ltr'>feliciter</span> <span class='ocrx_word' id='word_1_286' title='bbox 1604 973 1712 1019; x_wconf 82' lang='lat' dir='ltr'>geffit,</span> 
     </span>
     <span class='ocr_line' id='line_1_62' title="bbox 1046 1020 1711 1056; baseline 0.002 -2"><span class='ocrx_word' id='word_1_287' title='bbox 1046 1030 1086 1055; x_wconf 84' lang='lat' dir='ltr'>ut</span> <span class='ocrx_word' id='word_1_288' title='bbox 1120 1020 1327 1055; x_wconf 86' lang='lat' dir='ltr'>Plutarchus</span> <span class='ocrx_word' id='word_1_289' title='bbox 1355 1023 1388 1055; x_wconf 88' lang='lat' dir='ltr'>in</span> <span class='ocrx_word' id='word_1_290' title='bbox 1417 1021 1520 1055; x_wconf 87' lang='lat' dir='ltr'>Bruto</span> <span class='ocrx_word' id='word_1_291' title='bbox 1549 1021 1711 1056; x_wconf 86' lang='lat' dir='ltr'>testatur:</span> 
     </span>
     <span class='ocr_line' id='line_1_63' title="bbox 1046 1069 1715 1114; baseline 0 -10"><span class='ocrx_word' id='word_1_292' title='bbox 1046 1078 1080 1104; x_wconf 91' lang='lat' dir='ltr'>et</span> <span class='ocrx_word' id='word_1_293' title='bbox 1096 1069 1226 1104; x_wconf 88' lang='lat' dir='ltr'>Brutus</span> <span class='ocrx_word' id='word_1_294' title='bbox 1251 1071 1285 1103; x_wconf 87' lang='lat' dir='ltr'>in</span> <span class='ocrx_word' id='word_1_295' title='bbox 1302 1069 1426 1114; x_wconf 82' lang='lat' dir='ltr'>epistola</span> <span class='ocrx_word' id='word_1_296' title='bbox 1453 1070 1495 1104; x_wconf 93' lang='lat' dir='ltr'>ad</span> <span class='ocrx_word' id='word_1_297' title='bbox 1513 1069 1715 1104; x_wconf 88' lang='lat' dir='ltr'>Ciceronem</span> 
     </span>
     <span class='ocr_line' id='line_1_64' title="bbox 1047 1117 1715 1165; baseline 0 -13"><span class='ocrx_word' id='word_1_298' title='bbox 1047 1127 1192 1165; x_wconf 88' lang='lat' dir='ltr'>patrem,</span> <span class='ocrx_word' id='word_1_299' title='bbox 1215 1130 1297 1165; x_wconf 85' lang='lat' dir='ltr'>quae</span> <span class='ocrx_word' id='word_1_300' title='bbox 1316 1130 1407 1153; x_wconf 88' lang='lat' dir='ltr'>nunc</span> <span class='ocrx_word' id='word_1_301' title='bbox 1424 1117 1472 1153; x_wconf 90' lang='lat' dir='ltr'>est</span> <span class='ocrx_word' id='word_1_302' title='bbox 1488 1126 1606 1165; x_wconf 85' lang='lat' dir='ltr'>quarta</span> <span class='ocrx_word' id='word_1_303' title='bbox 1623 1119 1715 1160; x_wconf 83' lang='lat' dir='ltr'>libri,</span> 
     </span>
     <span class='ocr_line' id='line_1_65' title="bbox 1048 1166 1712 1213; baseline 0.002 -13"><span class='ocrx_word' id='word_1_304' title='bbox 1048 1168 1108 1213; x_wconf 86' lang='lat' dir='ltr'>qui</span> <span class='ocrx_word' id='word_1_305' title='bbox 1136 1166 1181 1200; x_wconf 87' lang='lat' dir='ltr'>ad</span> <span class='ocrx_word' id='word_1_306' title='bbox 1207 1167 1341 1201; x_wconf 84' lang='lat' dir='ltr'>Brutum</span> <span class='ocrx_word' id='word_1_307' title='bbox 1365 1177 1473 1210; x_wconf 87' lang='lat' dir='ltr'>extat,</span> <span class='ocrx_word' id='word_1_308' title='bbox 1501 1167 1547 1201; x_wconf 90' lang='lat' dir='ltr'>ita</span> <span class='ocrx_word' id='word_1_309' title='bbox 1574 1167 1712 1202; x_wconf 85' lang='lat' dir='ltr'>scribit:</span> 
     </span>
     <span class='ocr_line' id='line_1_66' title="bbox 1047 1215 1716 1262; baseline 0.001 -13"><span class='ocrx_word' id='word_1_310' title='bbox 1047 1216 1152 1250; x_wconf 87' lang='lat' dir='ltr'>Cicero</span> <span class='ocrx_word' id='word_1_311' title='bbox 1172 1215 1259 1258; x_wconf 79' lang='lat' dir='ltr'>filius</span> <span class='ocrx_word' id='word_1_312' title='bbox 1285 1224 1357 1250; x_wconf 87' lang='lat' dir='ltr'>tuus</span> <span class='ocrx_word' id='word_1_313' title='bbox 1374 1216 1423 1258; x_wconf 87' lang='lat' dir='ltr'>stc</span> <span class='ocrx_word' id='word_1_314' title='bbox 1449 1216 1528 1250; x_wconf 84' lang='lat' dir='ltr'>mihi</span> <span class='ocrx_word' id='word_1_315' title='bbox 1543 1217 1579 1261; x_wconf 56' lang='grc' dir='ltr'><em>β</em></span> <span class='ocrx_word' id='word_1_316' title='bbox 1596 1216 1716 1262; x_wconf 81' lang='lat' dir='ltr'>probat</span> 
     </span>
     <span class='ocr_line' id='line_1_67' title="bbox 1046 1263 1716 1310; baseline 0.003 -13"><span class='ocrx_word' id='word_1_317' title='bbox 1046 1263 1208 1308; x_wconf 88' lang='lat' dir='ltr'>industria,</span> <span class='ocrx_word' id='word_1_318' title='bbox 1245 1267 1418 1310; x_wconf 82' lang='lat' dir='ltr'>patientia,</span> <span class='ocrx_word' id='word_1_319' title='bbox 1462 1264 1577 1306; x_wconf 81' lang='lat' dir='ltr'>labore,</span> <span class='ocrx_word' id='word_1_320' title='bbox 1619 1266 1716 1299; x_wconf 80' lang='lat' dir='ltr'>animi</span> 
     </span>
     <span class='ocr_line' id='line_1_68' title="bbox 1048 1312 1716 1360; baseline 0.003 -14"><span class='ocrx_word' id='word_1_321' title='bbox 1048 1312 1271 1359; x_wconf 79' lang='lat' dir='ltr'>magnitudine,</span> <span class='ocrx_word' id='word_1_322' title='bbox 1299 1316 1381 1348; x_wconf 88' lang='lat' dir='ltr'>omni</span> <span class='ocrx_word' id='word_1_323' title='bbox 1405 1313 1531 1360; x_wconf 81' lang='lat' dir='ltr'>denique</span> <span class='ocrx_word' id='word_1_324' title='bbox 1548 1313 1654 1359; x_wconf 83' lang='lat' dir='ltr'>officio,</span> <span class='ocrx_word' id='word_1_325' title='bbox 1680 1321 1716 1348; x_wconf 81' lang='lat' dir='ltr'>ut</span> 
     </span>
     <span class='ocr_line' id='line_1_69' title="bbox 1042 1361 1718 1410; baseline 0.001 -15"><span class='ocrx_word' id='word_1_326' title='bbox 1042 1361 1169 1407; x_wconf 80' lang='lat' dir='ltr'>prorfits</span> <span class='ocrx_word' id='word_1_327' title='bbox 1203 1374 1357 1410; x_wconf 84' lang='lat' dir='ltr'>nunquam</span> <span class='ocrx_word' id='word_1_328' title='bbox 1382 1362 1537 1396; x_wconf 74' lang='lat' dir='ltr'>dimittere</span> <span class='ocrx_word' id='word_1_329' title='bbox 1568 1362 1718 1398; x_wconf 80' lang='lat' dir='ltr'>videatur</span> 
     </span>
     <span class='ocr_line' id='line_1_70' title="bbox 1049 1411 1543 1458; baseline 0.002 -14"><span class='ocrx_word' id='word_1_330' title='bbox 1049 1412 1272 1456; x_wconf 78' lang='lat' dir='ltr'>cogitationem,</span> <span class='ocrx_word' id='word_1_331' title='bbox 1297 1412 1382 1458; x_wconf 85' lang='lat' dir='ltr'>cujus</span> <span class='ocrx_word' id='word_1_332' title='bbox 1389 1411 1437 1454; x_wconf 83' lang='lat' dir='ltr'>fit</span> <span class='ocrx_word' id='word_1_333' title='bbox 1446 1411 1543 1454; x_wconf 82' lang='lat' dir='ltr'>filius.</span> 
     </span>
    </p>

    <p class='ocr_par' dir='ltr' id='par_1_9' title="bbox 1050 1459 1720 1995">
     <span class='ocr_line' id='line_1_71' title="bbox 1103 1459 1720 1507; baseline 0 -13"><span class='ocrx_word' id='word_1_334' title='bbox 1103 1459 1156 1494; x_wconf 93' lang='lat' dir='ltr'>Ut</span> <span class='ocrx_word' id='word_1_335' title='bbox 1189 1461 1245 1494; x_wconf 89' lang='lat' dir='ltr'>vel</span> <span class='ocrx_word' id='word_1_336' title='bbox 1282 1459 1361 1494; x_wconf 90' lang='lat' dir='ltr'>hinc</span> <span class='ocrx_word' id='word_1_337' title='bbox 1394 1471 1515 1494; x_wconf 86' lang='lat' dir='ltr'>eorum</span> <span class='ocrx_word' id='word_1_338' title='bbox 1549 1459 1720 1507; x_wconf 89' lang='lat' dir='ltr'>imperitia</span> 
     </span>
     <span class='ocr_line' id='line_1_72' title="bbox 1050 1507 1717 1556; baseline 0.003 -14"><span class='ocrx_word' id='word_1_339' title='bbox 1050 1510 1110 1552; x_wconf 89' lang='lat' dir='ltr'>(ne</span> <span class='ocrx_word' id='word_1_340' title='bbox 1126 1507 1213 1555; x_wconf 89' lang='lat' dir='ltr'>quid</span> <span class='ocrx_word' id='word_1_341' title='bbox 1231 1508 1371 1556; x_wconf 85' lang='lat' dir='ltr'>gravius</span> <span class='ocrx_word' id='word_1_342' title='bbox 1387 1508 1517 1551; x_wconf 90' lang='lat' dir='ltr'>dicam)</span> <span class='ocrx_word' id='word_1_343' title='bbox 1536 1519 1717 1556; x_wconf 82' lang='lat' dir='ltr'>arguatur;</span> 
     </span>
     <span class='ocr_line' id='line_1_73' title="bbox 1051 1557 1719 1605; baseline 0.001 -13"><span class='ocrx_word' id='word_1_344' title='bbox 1051 1557 1113 1603; x_wconf 90' lang='lat' dir='ltr'>qui</span> <span class='ocrx_word' id='word_1_345' title='bbox 1133 1569 1254 1592; x_wconf 87' lang='lat' dir='ltr'>verum</span> <span class='ocrx_word' id='word_1_346' title='bbox 1280 1557 1345 1592; x_wconf 85' lang='lat' dir='ltr'>effe</span> <span class='ocrx_word' id='word_1_347' title='bbox 1372 1569 1441 1592; x_wconf 91' lang='lat' dir='ltr'>non</span> <span class='ocrx_word' id='word_1_348' title='bbox 1459 1567 1595 1605; x_wconf 85' lang='lat' dir='ltr'>p‚utant</span> <span class='ocrx_word' id='word_1_349' title='bbox 1621 1558 1719 1605; x_wconf 88' lang='lat' dir='ltr'>quod</span> 
     </span>
     <span class='ocr_line' id='line_1_74' title="bbox 1050 1605 1718 1654; baseline 0.003 -15"><span class='ocrx_word' id='word_1_350' title='bbox 1050 1605 1173 1641; x_wconf 80' lang='lat' dir='ltr'>Cicero</span> <span class='ocrx_word' id='word_1_351' title='bbox 1202 1607 1255 1642; x_wconf 83' lang='lat' dir='ltr'>lib.</span> <span class='ocrx_word' id='word_1_352' title='bbox 1287 1606 1330 1641; x_wconf 90' lang='lat'><strong>11.</strong></span> <span class='ocrx_word' id='word_1_353' title='bbox 1355 1605 1393 1640; x_wconf 85' lang='lat' dir='ltr'>de</span> <span class='ocrx_word' id='word_1_354' title='bbox 1415 1606 1546 1652; x_wconf 86' lang='lat' dir='ltr'>Officiis,</span> <span class='ocrx_word' id='word_1_355' title='bbox 1572 1617 1639 1653; x_wconf 88' lang='lat' dir='ltr'>cap.</span> <span class='ocrx_word' id='word_1_356' title='bbox 1664 1619 1718 1654; x_wconf 86' lang='lat'>13</span> 
     </span>
     <span class='ocr_line' id='line_1_75' title="bbox 1051 1654 1720 1703; baseline 0.003 -14"><span class='ocrx_word' id='word_1_357' title='bbox 1051 1654 1110 1696; x_wconf 92' lang='lat' dir='ltr'>ait,</span> <span class='ocrx_word' id='word_1_358' title='bbox 1135 1655 1263 1697; x_wconf 86' lang='lat' dir='ltr'>filium,</span> <span class='ocrx_word' id='word_1_359' title='bbox 1291 1655 1382 1690; x_wconf 93' lang='lat' dir='ltr'>bello</span> <span class='ocrx_word' id='word_1_360' title='bbox 1399 1655 1494 1690; x_wconf 88' lang='lat' dir='ltr'>civili</span> <span class='ocrx_word' id='word_1_361' title='bbox 1511 1667 1530 1689; x_wconf 92' lang='lat' dir='ltr'>a</span> <span class='ocrx_word' id='word_1_362' title='bbox 1552 1656 1720 1703; x_wconf 85' lang='lat' dir='ltr'>Pompeio</span> 
     </span>
     <span class='ocr_line' id='line_1_76' title="bbox 1051 1702 1720 1752; baseline 0.003 -15"><span class='ocrx_word' id='word_1_363' title='bbox 1051 1703 1116 1738; x_wconf 80' lang='lat' dir='ltr'>alae</span> <span class='ocrx_word' id='word_1_364' title='bbox 1158 1704 1252 1739; x_wconf 89' lang='lat' dir='ltr'>alteri</span> <span class='ocrx_word' id='word_1_365' title='bbox 1295 1702 1514 1751; x_wconf 69' lang='lat' dir='ltr'>praefectum,</span> <span class='ocrx_word' id='word_1_366' title='bbox 1558 1716 1720 1752; x_wconf 85' lang='lat' dir='ltr'>magnam</span> 
     </span>
     <span class='ocr_line' id='line_1_77' title="bbox 1051 1752 1720 1788; baseline 0.003 -2"><span class='ocrx_word' id='word_1_367' title='bbox 1051 1752 1187 1787; x_wconf 90' lang='lat' dir='ltr'>laudem</span> <span class='ocrx_word' id='word_1_368' title='bbox 1221 1762 1255 1788; x_wconf 91' lang='lat' dir='ltr'>et</span> <span class='ocrx_word' id='word_1_369' title='bbox 1292 1765 1311 1787; x_wconf 88' lang='lat' dir='ltr'>a</span> <span class='ocrx_word' id='word_1_370' title='bbox 1340 1753 1474 1788; x_wconf 87' lang='lat' dir='ltr'>summo</span> <span class='ocrx_word' id='word_1_371' title='bbox 1507 1753 1582 1788; x_wconf 91' lang='lat' dir='ltr'>viro</span> <span class='ocrx_word' id='word_1_372' title='bbox 1611 1764 1646 1788; x_wconf 92' lang='lat' dir='ltr'>et</span> <span class='ocrx_word' id='word_1_373' title='bbox 1676 1753 1720 1788; x_wconf 90' lang='lat' dir='ltr'>ab</span> 
     </span>
     <span class='ocr_line' id='line_1_78' title="bbox 1051 1800 1721 1850; baseline 0.002 -14"><span class='ocrx_word' id='word_1_374' title='bbox 1051 1801 1202 1836; x_wconf 85' lang='lat' dir='ltr'>exercitu</span> <span class='ocrx_word' id='word_1_375' title='bbox 1236 1801 1455 1837; x_wconf 89' lang='lat' dir='ltr'>consecutum</span> <span class='ocrx_word' id='word_1_376' title='bbox 1486 1800 1584 1837; x_wconf 80' lang='lat' dir='ltr'>fuisse</span> <span class='ocrx_word' id='word_1_377' title='bbox 1621 1803 1721 1850; x_wconf 88' lang='lat' dir='ltr'>equi</span> 
     </span>
     <span class='ocr_line' id='line_1_79' title="bbox 1053 1849 1719 1898; baseline 0.002 -14"><span class='ocrx_word' id='word_1_378' title='bbox 1053 1850 1170 1891; x_wconf 92' lang='lat' dir='ltr'>tando,</span> <span class='ocrx_word' id='word_1_379' title='bbox 1192 1849 1392 1897; x_wconf 87' lang='lat' dir='ltr'>jaculando,</span> <span class='ocrx_word' id='word_1_380' title='bbox 1419 1851 1604 1898; x_wconf 87' lang='lat' dir='ltr'>omniaque</span> <span class='ocrx_word' id='word_1_381' title='bbox 1630 1851 1719 1886; x_wconf 90' lang='lat' dir='ltr'>mili-</span> 
     </span>
     <span class='ocr_line' id='line_1_80' title="bbox 1054 1899 1721 1948; baseline 0.005 -15"><span class='ocrx_word' id='word_1_382' title='bbox 1054 1899 1116 1933; x_wconf 87' lang='lat' dir='ltr'>tari</span> <span class='ocrx_word' id='word_1_383' title='bbox 1136 1899 1252 1935; x_wconf 81' lang='lat' dir='ltr'>labore</span> <span class='ocrx_word' id='word_1_384' title='bbox 1269 1899 1456 1935; x_wconf 84' lang='lat' dir='ltr'>tolerando.</span> <span class='ocrx_word' id='word_1_385' title='bbox 1495 1900 1562 1935; x_wconf 89' lang='lat' dir='ltr'>Sed</span> <span class='ocrx_word' id='word_1_386' title='bbox 1579 1900 1621 1935; x_wconf 88' lang='lat' dir='ltr'>ad</span> <span class='ocrx_word' id='word_1_387' title='bbox 1638 1912 1721 1948; x_wconf 89' lang='lat' dir='ltr'>pro-</span> 
     </span>
     <span class='ocr_line' id='line_1_81' title="bbox 1054 1947 1216 1995; baseline -0.007 -12"><span class='ocrx_word' id='word_1_388' title='bbox 1054 1947 1216 1995; x_wconf 81' lang='lat' dir='ltr'>positum.</span> 
     </span>
    </p>

    <p class='ocr_par' dir='ltr' id='par_1_10' title="bbox 1055 1997 1731 2532">
     <span class='ocr_line' id='line_1_82' title="bbox 1103 1997 1724 2033; baseline 0.003 -3"><span class='ocrx_word' id='word_1_389' title='bbox 1103 1997 1206 2032; x_wconf 90' lang='lat' dir='ltr'>Venit</span> <span class='ocrx_word' id='word_1_390' title='bbox 1240 1997 1295 2032; x_wconf 87' lang='lat' dir='ltr'>M.</span> <span class='ocrx_word' id='word_1_391' title='bbox 1324 1997 1452 2032; x_wconf 88' lang='lat' dir='ltr'>Brutus</span> <span class='ocrx_word' id='word_1_392' title='bbox 1487 1997 1521 2032; x_wconf 91' lang='lat' dir='ltr'>in</span> <span class='ocrx_word' id='word_1_393' title='bbox 1556 1997 1724 2033; x_wconf 84' lang='lat' dir='ltr'>Macedo-</span> 
     </span>
     <span class='ocr_line' id='line_1_83' title="bbox 1055 2045 1723 2099; baseline 0.001 -19"><span class='ocrx_word' id='word_1_394' title='bbox 1055 2045 1160 2088; x_wconf 88' lang='lat' dir='ltr'>niam,</span> <span class='ocrx_word' id='word_1_395' title='bbox 1179 2057 1259 2081; x_wconf 88' lang='lat' dir='ltr'>cum</span> <span class='ocrx_word' id='word_1_396' title='bbox 1279 2047 1328 2099; x_wconf 71' lang='lat' dir='ltr'>Q</span> <span class='ocrx_word' id='word_1_397' title='bbox 1344 2046 1532 2081; x_wconf 81' lang='lat' dir='ltr'>Hortensio</span> <span class='ocrx_word' id='word_1_398' title='bbox 1549 2046 1723 2082; x_wconf 86' lang='lat' dir='ltr'>decedenti</span> 
     </span>
     <span class='ocr_line' id='line_1_84' title="bbox 1055 2095 1723 2137; baseline 0 -7"><span class='ocrx_word' id='word_1_399' title='bbox 1055 2095 1096 2130; x_wconf 91' lang='lat' dir='ltr'>C.</span> <span class='ocrx_word' id='word_1_400' title='bbox 1117 2095 1307 2137; x_wconf 78' lang='lat' dir='ltr'>Antonius,</span> <span class='ocrx_word' id='word_1_401' title='bbox 1334 2095 1448 2129; x_wconf 73' lang='lat' dir='ltr'>Marci</span> <span class='ocrx_word' id='word_1_402' title='bbox 1468 2095 1583 2137; x_wconf 87' lang='lat' dir='ltr'>frater,</span> <span class='ocrx_word' id='word_1_403' title='bbox 1609 2095 1723 2130; x_wconf 91' lang='lat' dir='ltr'>succe-</span> 
     </span>
     <span class='ocr_line' id='line_1_85' title="bbox 1055 2123 1723 2185; baseline 0 -7"><span class='ocrx_word' id='word_1_404' title='bbox 1055 2144 1158 2179; x_wconf 84' lang='lat' dir='ltr'>deret.</span> <span class='ocrx_word' id='word_1_405' title='bbox 1211 2144 1277 2178; x_wconf 88' lang='lat' dir='ltr'>Sed</span> <span class='ocrx_word' id='word_1_406' title='bbox 1297 2123 1504 2179; x_wconf 81' lang='lat' dir='ltr'>Hortensius</span> <span class='ocrx_word' id='word_1_407' title='bbox 1521 2144 1723 2185; x_wconf 85' lang='lat' dir='ltr'>exercitum,</span> 
     </span>
     <span class='ocr_line' id='line_1_86' title="bbox 1056 2192 1723 2240; baseline -0.001 -13"><span class='ocrx_word' id='word_1_408' title='bbox 1056 2205 1160 2240; x_wconf 90' lang='lat' dir='ltr'>quem</span> <span class='ocrx_word' id='word_1_409' title='bbox 1183 2193 1315 2227; x_wconf 68' lang='lat' dir='ltr'>delectu</span> <span class='ocrx_word' id='word_1_410' title='bbox 1337 2192 1455 2227; x_wconf 86' lang='lat' dir='ltr'>habito</span> <span class='ocrx_word' id='word_1_411' title='bbox 1472 2192 1723 2239; x_wconf 89' lang='lat' dir='ltr'>conscripserat,</span> 
     </span>
     <span class='ocr_line' id='line_1_87' title="bbox 1058 2240 1725 2287; baseline 0 -11"><span class='ocrx_word' id='word_1_412' title='bbox 1058 2243 1166 2276; x_wconf 87' lang='lat' dir='ltr'>Bruto</span> <span class='ocrx_word' id='word_1_413' title='bbox 1183 2242 1333 2276; x_wconf 87' lang='lat' dir='ltr'>tradidit.</span> <span class='ocrx_word' id='word_1_414' title='bbox 1363 2240 1474 2287; x_wconf 81' lang='lat' dir='ltr'>Legio</span> <span class='ocrx_word' id='word_1_415' title='bbox 1491 2241 1605 2282; x_wconf 85' lang='lat' dir='ltr'>etiam,</span> <span class='ocrx_word' id='word_1_416' title='bbox 1618 2253 1725 2287; x_wconf 88' lang='lat' dir='ltr'>quam</span> 
     </span>
     <span class='ocr_line' id='line_1_88' title="bbox 1058 2289 1726 2337; baseline -0.001 -12"><span class='ocrx_word' id='word_1_417' title='bbox 1058 2291 1102 2325; x_wconf 93' lang='lat' dir='ltr'>L.</span> <span class='ocrx_word' id='word_1_418' title='bbox 1123 2290 1213 2333; x_wconf 81' lang='lat' dir='ltr'>Piso,</span> <span class='ocrx_word' id='word_1_419' title='bbox 1239 2291 1369 2337; x_wconf 82' lang='lat' dir='ltr'>legatus</span> <span class='ocrx_word' id='word_1_420' title='bbox 1390 2289 1546 2331; x_wconf 82' lang='lat' dir='ltr'>Antonii,</span> <span class='ocrx_word' id='word_1_421' title='bbox 1565 2289 1726 2332; x_wconf 83' lang='lat' dir='ltr'>ducebat,</span> 
     </span>
     <span class='ocr_line' id='line_1_89' title="bbox 1059 2337 1727 2385; baseline -0.002 -12"><span class='ocrx_word' id='word_1_422' title='bbox 1059 2338 1218 2374; x_wconf 89' lang='lat' dir='ltr'>Ciceroni</span> <span class='ocrx_word' id='word_1_423' title='bbox 1238 2339 1310 2373; x_wconf 85' lang='lat' dir='ltr'>filio</span> <span class='ocrx_word' id='word_1_424' title='bbox 1329 2337 1358 2372; x_wconf 91' lang='lat' dir='ltr'>se</span> <span class='ocrx_word' id='word_1_425' title='bbox 1379 2338 1527 2372; x_wconf 84' lang='lat' dir='ltr'>tradidit.</span> <span class='ocrx_word' id='word_1_426' title='bbox 1582 2338 1727 2385; x_wconf 81' lang='lat' dir='ltr'>Equita-</span> 
     </span>
     <span class='ocr_line' id='line_1_90' title="bbox 1061 2386 1728 2434; baseline 0 -12"><span class='ocrx_word' id='word_1_427' title='bbox 1061 2398 1129 2429; x_wconf 90' lang='lat' dir='ltr'>tus,</span> <span class='ocrx_word' id='word_1_428' title='bbox 1156 2389 1218 2434; x_wconf 87' lang='lat' dir='ltr'>qui</span> <span class='ocrx_word' id='word_1_429' title='bbox 1250 2387 1282 2420; x_wconf 90' lang='lat' dir='ltr'>in</span> <span class='ocrx_word' id='word_1_430' title='bbox 1309 2386 1441 2432; x_wconf 84' lang='lat' dir='ltr'>Syriam</span> <span class='ocrx_word' id='word_1_431' title='bbox 1467 2386 1658 2422; x_wconf 85' lang='lat' dir='ltr'>ducebatur</span> <span class='ocrx_word' id='word_1_432' title='bbox 1678 2388 1728 2422; x_wconf 90' lang='lat' dir='ltr'>bi-</span> 
     </span>
     <span class='ocr_line' id='line_1_91' title="bbox 1062 2435 1731 2483; baseline 0.001 -13"><span class='ocrx_word' id='word_1_433' title='bbox 1062 2437 1201 2483; x_wconf 90' lang='lat' dir='ltr'>pertito,</span> <span class='ocrx_word' id='word_1_434' title='bbox 1237 2435 1319 2469; x_wconf 87' lang='lat' dir='ltr'>alter</span> <span class='ocrx_word' id='word_1_435' title='bbox 1347 2447 1427 2469; x_wconf 87' lang='lat' dir='ltr'>eum</span> <span class='ocrx_word' id='word_1_436' title='bbox 1457 2435 1676 2482; x_wconf 69' lang='lat' dir='ltr'>quaestorem,</span> <span class='ocrx_word' id='word_1_437' title='bbox 1712 2448 1731 2471; x_wconf 88' lang='lat' dir='ltr'>a</span> 
     </span>
     <span class='ocr_line' id='line_1_92' title="bbox 1062 2483 1731 2532; baseline 0.003 -14"><span class='ocrx_word' id='word_1_438' title='bbox 1062 2497 1135 2532; x_wconf 90' lang='lat' dir='ltr'>quo</span> <span class='ocrx_word' id='word_1_439' title='bbox 1152 2484 1356 2525; x_wconf 77' lang='lat' dir='ltr'>ducebatur,</span> <span class='ocrx_word' id='word_1_440' title='bbox 1382 2483 1547 2530; x_wconf 88' lang='lat' dir='ltr'>reliquit</span> <span class='ocrx_word' id='word_1_441' title='bbox 1540 2496 1573 2518; x_wconf 80' lang='lat' dir='ltr'>in</span> <span class='ocrx_word' id='word_1_442' title='bbox 1592 2486 1624 2519; x_wconf 81' lang='grc' dir='ltr'>Ἰ</span> <span class='ocrx_word' id='word_1_443' title='bbox 1629 2485 1731 2520; x_wconf 81' lang='lat' dir='ltr'>heffa-</span> 
     </span>
    </p>
   </div>
   <div class='ocr_carea' id='block_1_5' title="bbox 1347 2581 1435 2618">
    <p class='ocr_par' dir='ltr' id='par_1_11' title="bbox 1347 2581 1435 2618">
     <span class='ocr_line' id='line_1_93' title="bbox 1347 2581 1435 2618; baseline 0.023 -2"><span class='ocrx_word' id='word_1_444' title='bbox 1347 2581 1435 2618; x_wconf 88' lang='lat' dir='ltr'>Vv</span> 
     </span>
    </p>
   </div>
  </div>
 </body>
</html>
