2241 2994
731 244 1347 286 HISTORIA.

348 342 553 391 legationem
582 341 707 377 frustra
735 341 809 377 fore
825 341 948 376 Cicero
963 340 1018 375 vi·

347 393 453 434 deret,
481 390 627 427 habuit
619 403 653 425 in
671 389 784 425 senatu
803 390 1018 435 Philippicam

347 441 494 476 X11.in
520 451 591 486 qua
615 439 821 485 legationem
838 438 1018 479 dissuadet,

349 489 450 536 seque
479 489 521 522 ad
546 500 620 522 eam
639 487 837 522 obeundam
856 486 1019 522 idoneum

348 549 418 573 non
468 537 533 572 esse
581 536 800 572 demonstrat.
853 535 1020 570 Meminit

349 584 452 632 hujus
480 585 659 633 legationis
688 585 759 620 Dio
788 595 934 632 quoque
961 584 1018 620 lib.

348 635 486 670 XLVI.

398 683 506 719 Pansa
522 682 645 718 deinde
662 682 760 718 initio
777 681 898 717 mensis
913 681 1019 728 Apri-

348 732 403 775 lis,
428 741 469 767 ut
490 732 650 774 arbitror,
675 732 718 766 ad
737 731 868 766 bellum
887 729 1021 777 profec-

349 790 401 823 to,
443 781 500 816 M.
533 780 700 815 AEmilius
733 779 893 827 Lepidus
927 778 1019 826 (qui,

349 829 489 864 auetore
514 829 698 864 Paterculo
721 829 776 864 lib.
800 829 844 864 ΙΙ.
873 837 940 872 cap.
961 829 1019 873 63.

350 876 510 925 pontifex
539 877 640 913 Max.
673 877 707 912 in
738 878 782 913 C.
800 876 943 912 Caesaris
970 876 1021 911 lo-

350 938 434 962 cum
472 926 569 962 furto
602 937 747 968 creatus,
790 927 925 961 decreta
959 924 1020 960 fibi

350 975 533 1023 Hispania,
560 975 673 1010 adhuc
704 975 737 1010 in
768 974 885 1010 Gallia
910 986 1022 1009 mora-

352 1025 471 1067 batur)
499 1025 650 1059 Romam
680 1025 722 1059 ad
749 1024 900 1059 senatum
919 1023 1022 1064 misit,

352 1073 395 1108 ad
413 1085 533 1120 pacem
552 1085 634 1108 cum
655 1073 814 1109 Antonio
831 1071 1023 1107 faciendam

351 1121 546 1157 cohortans.
598 1121 653 1156 Ea
678 1121 721 1156 de
747 1133 781 1157 re
806 1133 888 1157 cum
915 1120 948 1155 in
977 1121 1022 1155 se-

351 1181 434 1206 natu
466 1180 633 1218 ageretur,
661 1170 762 1206 multi
780 1182 901 1218 pacem
918 1169 1022 1205 suase-

351 1229 446 1261 runt,
485 1220 582 1267 quod
613 1219 762 1254 incertus
791 1220 904 1254 exitus
942 1218 1022 1253 belli

351 1269 443 1310 esset,
468 1279 503 1303 et
529 1269 626 1316 quod
654 1268 813 1322 Lepidus
837 1268 880 1302 ad
903 1279 1023 1314 pacem

351 1318 558 1360 hortaretur,
600 1329 661 1364 qui
707 1328 860 1352 exercitu
903 1327 1026 1363 cogere

351 1366 472 1414 poffet.

401 1415 503 1449 Tum
529 1413 586 1449 M.
605 1414 762 1457 Tullius,
790 1423 931 1461 rogatus
954 1412 1023 1448 sen-

351 1462 507 1506 tentiam,
534 1463 768 1510 Philippicam
789 1463 889 1498 XIII
916 1474 952 1497 in
978 1462 1024 1497 se-

352 1521 436 1549 natu
453 1511 551 1547 dixit.
605 1513 644 1547 In
662 1524 732 1559 qua
757 1511 1025 1546 adversariorum

351 1561 498 1597 rationes
540 1559 738 1604 confutans,
781 1571 900 1608 pacem
942 1571 1025 1595 cum

351 1610 511 1646 Antonio
543 1620 579 1645 et
612 1609 822 1645 Antonianis
849 1609 914 1645 effe
951 1621 1021 1644 non

351 1659 447 1714 posse
473 1659 597 1694 docet:
624 1668 658 1694 et
688 1658 836 1694 Antonii
867 1658 1022 1693 animum

334 1712 396 1744 ‘ex
414 1707 519 1743 literis
542 1707 585 1742 ad
614 1707 774 1743 Hirtium
799 1717 834 1743 et
860 1707 1024 1743 oetavia-

354 1769 440 1793 num
466 1757 569 1792 miffis
593 1757 752 1792 declarat.
803 1756 927 1792 Cicero
948 1766 1024 1791 tum

353 1818 451 1854 quoq
429 1817 499 1853 que
531 1805 574 1841 ad
607 1805 785 1860 Lepidum
818 1805 909 1840 misit
941 1805 1023 1852 epist.

356 1867 414 1910 37.
440 1854 494 1890 lib.
514 1856 562 1890 X.
589 1855 682 1890 Fam.
711 1867 744 1889 in
763 1865 833 1902 qua
851 1854 964 1896 illum
984 1865 1026 1888 ne

355 1910 387 1940 ie
405 1904 438 1939 in
456 1903 552 1938 istam
575 1903 848 1951 pacificationem
874 1902 1025 1951 interpo-

355 1963 425 1996 nat,
452 1953 620 1988 hortatur.

403 2001 486 2037 Post
515 2001 764 2050 profectionem
795 2000 914 2036 Paniae
943 2012 1025 2035 con-

355 2050 434 2086 sulis
450 2051 780 2087 turbulentissimum
795 2060 932 2104 tempus
945 2048 1026 2092 fuit,

358 2111 443 2134 cum
472 2101 520 2135 D.
539 2101 669 2134 Brutus
697 2099 852 2134 Mutinae
881 2111 941 2134 vix
953 2097 1026 2145 jam

359 2148 542 2184 sustineret.
595 2149 715 2196 ltaque
756 2160 838 2183 cum
873 2148 976 2183 tristis
1009 2159 1029 2182 a

357 2196 502 2232 Mutina
529 2196 622 2232 fama
647 2207 811 2239 manaret,
841 2196 1029 2244 omnesque

358 2254 419 2280 aut
435 2244 656 2281 foedistimam
676 2257 835 2288 mortem,
854 2256 914 2281 aut
932 2246 1027 2281 mise-

359 2294 503 2329 rabilem
534 2295 655 2342 fugam
680 2295 883 2342 cogitarent,
921 2293 1027 2330 inflati

360 2343 481 2378 laetitia
499 2352 604 2390 atque
628 2343 828 2379 insolentia*
821 2344 918 2392 impii
937 2343 1029 2378 cives

359 2396 488 2427 tamam
526 2391 784 2438 diffipaverunt,
826 2393 1028 2427 Ciceronem

359 2441 510 2494 pridieV
516 2440 616 2476 inalia
631 2452 712 2476 cum
730 2440 878 2477 fascibus
895 2441 1030 2476 descen-

360 2497 475 2525 turum
493 2490 567 2525 effe.

1658 260 1734 302 339

1119 341 1260 376 Interim
1286 353 1379 376 xvir.
1406 340 1549 376 Kalend.
1571 342 1671 384 Maii,
1698 351 1738 378 ut

1066 388 1183 424 Galba
1211 391 1253 424 ad
1280 390 1482 425 Ciceronem
1512 390 1627 425 scribit
1654 393 1736 437 epist.

1071 449 1127 483 30.
1156 438 1210 472 lib.
1229 440 1275 472 X.
1303 439 1416 473 Famil.
1443 439 1511 481 seu,
1530 450 1569 474 ut
1587 439 1739 474 Ovidius

1069 486 1124 521 lib.
1157 486 1220 521 IV.
1248 487 1332 529 Fast.
1363 499 1445 521 ver.
1478 489 1561 533 627.
1598 487 1738 529 indicat,

1069 546 1182 570 xvrrr.
1226 535 1372 570 Kalend.
1463 536 1518 578 aii,
1561 537 1739 572 Antonius

1068 583 1192 631 praelio
1211 583 1253 618 ad
1273 583 1450 618 Mutinam
1469 584 1644 631 superatus
1661 585 1720 620 est.

1119 632 1262 667 Habuit
1288 632 1407 679 paucis
1424 632 1546 667 diebus
1565 633 1640 679 post
1657 645 1740 668 con-

1070 680 1205 716 cionem
1235 682 1362 716 Romae
1393 681 1433 716 P.
1455 681 1653 728 Appuleius
1681 682 1740 716 tri-

1073 729 1188 765 bunus
1207 730 1255 778 pl.
1276 730 1309 764 in
1328 741 1399 776 qua
1415 741 1496 764 cum
1514 729 1656 764 liberare
1681 730 1742 765 Ci-

1071 790 1229 814 ceronem
1249 778 1436 827 suspicione
1465 777 1607 814 faicium
1626 779 1743 821 vellet,

1072 839 1141 862 una
1158 840 1245 862 voce
1262 828 1386 863 cunCta
1403 828 1524 862 concio
1542 827 1742 870 declaravit,

1073 876 1158 911 nihil
1185 877 1250 911 effe
1272 889 1291 911 a
1309 877 1364 911 M.
1383 877 1509 912 Tullio
1527 888 1684 923 unquam
1701 876 1745 911 de

1073 924 1251 972 republica
1285 925 1346 960 nisi
1375 925 1508 972 optime
1537 925 1742 972 cogitatum.

1072 974 1224 1009 Duabus
1242 973 1394 1009 tribusve
1424 974 1516 1009 horis
1545 974 1622 1021 post
1645 983 1744 1020 opta-

1073 1023 1187 1057 tiffimi
1206 1023 1318 1058 nuntii
1341 1033 1376 1058 et
1403 1023 1510 1058 literae
1535 1024 1578 1058 de
1602 1022 1746 1058 victoria

1073 1071 1266 1107 Mutinensi
1303 1082 1482 1107 venerunt.
1535 1073 1622 1119 Qio
1659 1081 1744 1107 tem-

1073 1132 1157 1168 pore
1181 1131 1287 1156 tantae
1305 1120 1551 1163 multitudinis,
1579 1130 1746 1168 quantam

1074 1170 1157 1204 urbs
1175 1169 1345 1216 capiebat,
1372 1170 1415 1204 ad
1441 1169 1637 1204 Ciceronem
1663 1181 1747 1204 con-

1073 1217 1192 1253 cursus
1209 1218 1256 1252 est
1274 1217 1398 1259 faetus,
1425 1229 1444 1252 a
1461 1230 1531 1264 qua
1562 1218 1619 1253 ille
1636 1219 1746 1253 maxi-

1075 1279 1134 1301 mo
1151 1267 1300 1302 clamore
1317 1277 1421 1314 atque
1438 1266 1558 1314 plausu
1578 1267 1612 1301 in
1638 1266 1746 1314 Capi-

1075 1316 1200 1351 tolium
1218 1316 1388 1350 dedqus
1405 1325 1440 1351 et
1467 1315 1500 1350 in
1525 1315 1658 1350 Rostris
1675 1315 1747 1350 col-

1076 1364 1222 1407 locatus,
1245 1365 1390 1399 domum
1411 1363 1490 1399 inde
1507 1365 1669 1399 reduetus
1686 1364 1746 1400 est.

1074 1413 1169 1448 Haec
1188 1413 1265 1448 sunt
1284 1413 1378 1460 apud
1404 1413 1607 1448 Ciceronem
1624 1413 1746 1458 Philip.

1074 1462 1176 1498 XIV.
1202 1472 1270 1508 cap.
1291 1463 1325 1497 6.
1351 1463 1433 1507 epist.
1465 1474 1498 1497 2.
1527 1461 1560 1497 6.
1588 1469 1621 1496 et
1650 1472 1682 1507 7.
1705 1460 1751 1495 ad

1075 1510 1169 1546 Brut.
1196 1521 1230 1546 et
1247 1511 1331 1557 epist.
1354 1523 1411 1558 30.
1438 1509 1495 1546 lib.
1513 1511 1561 1547 X.
1587 1518 1619 1546 et
1638 1512 1671 1546 6.
1691 1510 1747 1546 lib.

1075 1560 1159 1595 XII.
1188 1561 1303 1595 Famil.

1121 1608 1236 1644 Pridie
1254 1608 1402 1650 Vinalia,
1429 1608 1465 1642 id
1480 1607 1528 1643 est
1543 1620 1578 1644 x.
1598 1608 1746 1644 Kalend.

1074 1657 1177 1700 Maii,
1219 1657 1343 1693 Cicero
1378 1635 1501 1692 habuit
1534 1657 1748 1704 Philippicam

1075 1707 1178 1742 XIV.
1207 1706 1239 1741 in
1266 1718 1337 1754 qua
1362 1705 1648 1753 supplicationem
1675 1706 1746 1741 die-

1076 1767 1154 1790 rum
1171 1754 1437 1802 quinquaginta
1465 1754 1570 1790 trium
1596 1755 1749 1802 Impera·

1075 1814 1191 1839 torum
1223 1803 1354 1845 Pansae,
1382 1803 1507 1846 Hirtii,
1535 1813 1570 1839 et
1604 1803 1749 1839 Caesaris

1076 1853 1215 1888 nomine
1242 1853 1290 1888 ob
1309 1831 1507 1888 Antoniuni
1535 1853 1664 1888 hostem
1693 1852 1746 1887 su-

1075 1911 1233 1949 peratum
1268 1901 1441 1937 decernit:
1483 1912 1587 1949 atque
1614 1902 1657 1936 ad
1689 1913 1748 1936 ex-

1076 1960 1226 1986 tremum
1243 1962 1313 1992 eos,
1339 1951 1401 1998 qui
1424 1950 1457 1986 in
1476 1951 1595 1998 praelio
1618 1950 1747 1986 cecide-

1077 2009 1164 2041 rant,
1192 2000 1323 2042 laudat,
1349 2011 1542 2047 eorumque
1571 2000 1749 2048 proximos

1076 2048 1281 2084 consolatur.
1333 2049 1389 2083 De
1417 2049 1669 2103 supplicatione
1703 2049 1747 2084 L.

1077 2098 1211 2133 dierum
1229 2097 1310 2132 vide
1327 2097 1532 2152 Appianum
1551 2098 1612 2133 lib.
1631 2098 1695 2133 111.

1126 2148 1218 2182 Cum
1260 2146 1400 2182 Hirtius
1436 2159 1469 2181 1n
1504 2146 1628 2194 praelio
1660 2144 1747 2181 ceci-

1077 2196 1186 2238 disset,
1208 2205 1242 2231 et
1261 2195 1366 2231 Pansa
1382 2208 1424 2230 ex
1442 2195 1644 2230 vulneribus
1661 2206 1749 2241 pau·

1078 2246 1127 2280 cis
1144 2245 1266 2280 diebus
1294 2244 1370 2292 post
1396 2244 1562 2278 Bononiae
1587 2254 1748 2278 mortuus

1077 2295 1169 2336 effet,
1210 2305 1328 2328 rumor
1361 2293 1569 2339 percrebuit,
1607 2291 1748 2327 Cicero-

1080 2354 1157 2377 nem
1176 2342 1348 2377 coniulem
1367 2341 1497 2376 taclum
1513 2341 1589 2382 esse,
1607 2340 1693 2386 φξβ.
1714 2343 1748 2376 8.

1079 2391 1123 2426 ad
1138 2392 1232 2427 Brut.
1270 2389 1476 2425 Plutarchus
1501 2400 1536 2424 et
1563 2389 1750 2437 Appianus

1080 2441 1246 2481 scribunt,
1285 2438 1338 2472 M.
1372 2438 1534 2473 Tullium
1565 2439 1608 2472 ab
1642 2439 1749 2474 O&a-

1081 2488 1184 2524 viano
1231 2488 1274 2522 ad
1315 2486 1511 2523 consulatus
1550 2486 1750 2536 petitionem

1304 2585 1446 2624 sz
