2335 3009
511 243 563 289 52
859 231 1550 273 EPISTOLARUM

510 331 668 371 ducere.
701 330 898 370 Veluinus
918 340 1008 370 ante
1028 330 1142 369 suum
1161 329 1335 369 fundum
1354 345 1476 384 prope
1495 330 1713 370 munierat:
1738 329 1910 381 Locusta

511 411 592 437 non
609 398 810 450 attigerat;
834 410 953 449 quem
973 410 1047 449 ego
1063 397 1202 435 Romae
1223 396 1438 449 aggrediar,
1454 406 1508 442 et,
1527 405 1571 435 ut
1591 397 1772 442 arbitror,
1790 410 1905 435 com-

511 462 702 501 movebo:
725 471 765 500 et
784 462 900 500 fimul
920 462 1194 507 M.Taurum‚
1217 475 1337 514 quem
1358 462 1433 500 tibi
1453 462 1570 500 audio
1589 462 1818 515 promififfe,
1835 463 1906 515 qui

512 542 621 567 nunc
643 529 782 567 Romae
802 537 897 574 erat,
928 528 977 566 de
1008 541 1108 580 aqua
1137 541 1206 580 per
1236 526 1409 566 fundum
1441 529 1525 580 ejus
1546 527 1724 566 ducenda
1743 528 1904 581 rogabo.

514 593 794 647 Nicephorum
815 594 998 632 villicum
1020 602 1136 631 tuum
1157 593 1242 631 sane
1274 593 1464 646 probavi5
1496 593 1735 646 quaefivique
1764 607 1814 632 ex
1843 607 1906 639 eo,

511 659 658 712 ecquid
678 659 714 697 ei
735 659 781 697 de
802 659 870 697 illa
885 658 1215 698 aedificatiuncula
1230 659 1393 704 Laterii,
1411 659 1458 697 de
1473 673 1550 711 qua
1570 673 1729 698 mecum
1749 659 1909 698 locutus

511 738 570 770 es,
601 724 868 764 mandaviffes.
915 726 1025 763 Tum
1046 725 1079 762 is
1101 723 1203 762 mihi
1223 724 1447 778 respondit,
1469 724 1505 762 se
1525 725 1653 778 ipsum
1675 725 1758 778 ejus
1779 725 1909 778 operis

516 791 610 828 H-S
645 804 719 828 xvi
744 790 1026 829 conductorem
1046 788 1159 828 fuisse
1177 805 1186 828 :
1219 789 1283 828 sed
1305 799 1342 828 te
1362 789 1491 843 postea
1509 791 1637 829 multa
1655 790 1841 829 addidiffe
1860 789 1909 828 ad

512 868 630 908 opuS,
662 854 765 893 nihil
786 855 832 893 ad
853 855 1054 909 pretium:
1086 855 1220 907 itaque
1251 855 1292 893 id
1323 855 1360 893 se
1392 855 1570 894 omisiffe.
1617 855 1727 894 Mihi
1748 855 1910 894 hercule

514 921 626 959 valde
659 921 803 973 placet,
835 931 873 959 te
905 921 989 966 illa,
1020 929 1065 959 ut
1099 919 1378 966 constituebas,
1408 920 1573 960 addere:
1606 935 1832 974 quanquam
1866 935 1911 959 ea

513 985 623 1030 villa,
655 999 742 1038 quae
774 999 880 1024 nunc
911 985 979 1030 est,
1012 994 1200 1038 tanquam
1233 985 1485 1039 philosophia
1514 986 1670 1024 videtur
1702 986 1789 1031 effe,
1821 999 1909 1038 quae

514 1051 699 1103 objurget
720 1060 946 1089 caeterarum
968 1051 1152 1089 villarum
1173 1051 1361 1089 insaniam
1380 1066 1389 1089 :
1422 1062 1678 1089 veruntamen
1711 1051 1813 1089 illud
1840 1050 1910 1088 ad-

514 1115 647 1154 ditum
667 1115 891 1155 delectabit.
928 1116 1165 1168 Topiarium
1186 1116 1339 1154 laudavi
1358 1131 1367 1154 :
1401 1116 1455 1153 ita
1474 1117 1608 1154 omnia
1627 1115 1818 1154 convestit
1838 1115 1911 1154 he-

513 1181 618 1226 dera,
642 1194 719 1233 qua
740 1181 859 1219 bafim
880 1181 998 1225 villae,
1021 1194 1097 1232 qua
1117 1181 1424 1219 intercolumnia
1443 1181 1753 1226 ambulationis5
1777 1191 1821 1220 ut
1841 1182 1912 1220 de-

516 1246 637 1298 nique
657 1245 718 1284 illi
739 1246 890 1298 palliati
912 1246 1118 1298 topiariam
1141 1245 1267 1284 facere
1286 1246 1506 1291 videantur,
1538 1256 1577 1285 et
1608 1246 1792 1285 hederam
1813 1261 1910 1286 ven-

515 1311 620 1350 dere.
652 1312 742 1362 jam
762 1305 970 1361 ἀποδυτηρίῳ
990 1310 1093 1349 nihil
1114 1311 1243 1357 alfius,
1275 1311 1377 1349 nihil
1399 1312 1627 1350 muscofius.
1675 1313 1810 1351 Habes
1831 1312 1912 1351 fere

514 1376 565 1414 de
586 1375 700 1414 rebus
722 1375 891 1414 rusticis.
935 1376 1140 1415 Urbanam
1160 1377 1447 1429 expolitionem
1468 1388 1582 1430 urget
1602 1378 1670 1416 ille
1691 1378 1854 1431 quidem
1873 1388 1914 1417 et

517 1441 762 1481 Philotimus
783 1450 822 1480 et
844 1441 1010 1480 Cincius
1029 1458 1038 1480 :
1072 1442 1135 1481 sed
1155 1444 1274 1482 etiam
1301 1444 1382 1496 ipse
1402 1444 1540 1483 crebro
1560 1445 1772 1491 interviso;
1805 1444 1913 1498 quod

517 1506 570 1546 est
590 1505 706 1546 facile
726 1506 846 1545 factu.
880 1507 1151 1558 Qamobrem
1173 1522 1216 1546 ea
1237 1518 1274 1546 te
1294 1522 1387 1547 cura
1406 1509 1619 1547 liberatum
1639 1509 1745 1548 volo.

572 1573 651 1611 111.
686 1573 749 1611 De
781 1572 974 1611 Cicerone
1005 1573 1113 1626 quod
1134 1588 1198 1612 me
1219 1574 1368 1628 semper
1388 1589 1515 1628 rogas,
1546 1575 1708 1628 ignosco
1727 1575 1914 1628 equidem

517 1637 609 1684 tibi,
641 1637 704 1676 sed
726 1648 768 1676 tu
790 1651 950 1691 quoque
971 1638 1073 1678 mihi
1094 1639 1213 1678 velim
1236 1641 1426 1693 ignoscas.
1471 1642 1566 1680 Non
1600 1641 1706 1679 enim
1739 1641 1915 1679 concedo

517 1703 611 1749 tibi,
641 1703 732 1756 plus
755 1703 936 1743 utillum
957 1718 1078 1751 ames,
1109 1720 1229 1759 quam
1250 1707 1331 1759 ipse
1352 1721 1455 1745 arno.
1502 1708 1636 1759 Atque
1667 1707 1819 1744 utinam
1852 1706 1915 1745 his

518 1769 658 1808 diebus
688 1770 728 1808 in
751 1770 952 1822 Arpinati,
983 1771 1091 1823 quod
1119 1782 1159 1810 et
1188 1772 1268 1825 ipse
1288 1774 1479 1826 cupierat,
1510 1783 1550 1811 et
1569 1787 1643 1826 ego
1664 1787 1741 1811 non
1765 1773 1914 1817 minus,

519 1848 680 1874 mecum
700 1834 846 1874 fuiffet.
890 1837 1011 1888 Qod
1031 1837 1079 1875 ad
1100 1838 1363 1892 Pomponiam
1381 1857 1392 1884 ;
1425 1839 1451 1877 si
1475 1839 1549 1877 tibi
1570 1838 1738 1883 videtur,
1771 1838 1914 1876 scribas

519 1901 657 1946 velim,
679 1915 772 1939 cum
793 1901 927 1954 aliquo
947 1903 1163 1950 exibimus,
1184 1914 1245 1944 eat
1266 1905 1490 1950 nobiscum,
1512 1918 1759 1958 puerumque
1778 1905 1913 1943 ducat.

521 1966 724 2005 Clamores
759 1967 943 2013 efficiam,
986 1969 1013 2007 fi
1047 1982 1139 2007 eum
1173 1984 1333 2009 mecum
1367 1971 1542 2010 habuero
1576 1971 1746 2009 otiosum
1766 1985 1775 2009 ε
1823 1984 1914 2008 nam

521 2033 660 2071 Romae
681 2032 894 2086 respirandi
916 2048 994 2073 non
1015 2034 1068 2073 est
1095 2035 1222 2075 locus.
1269 2037 1313 2075 Id
1346 2052 1410 2076 me
1441 2037 1513 2076 scis
1545 2046 1656 2075 antea
1687 2037 1807 2089 gratis
1840 2037 1915 2075 tibi

518 2097 593 2137 effe
623 2098 882 2152 pollicitum;
915 2100 1012 2153 quid
1044 2115 1150 2140 nunc
1184 2112 1296 2155 putas
1327 2112 1433 2142 tanta
1463 2103 1531 2142 abs
1556 2113 1594 2141 te
1613 2102 1716 2141 mihi
1737 2104 1917 2142 mercede

520 2165 748 2217 proposita?
782 2166 910 2204 Venio
932 2180 1037 2205 nunc
1058 2167 1104 2206 ad
1127 2177 1211 2206 tuas
1233 2169 1378 2214 literas,
1410 2183 1504 2222 quas
1527 2169 1708 2222 pluribus
1740 2169 1914 2222 epistolis

519 2231 670 2283 accepi,
701 2231 797 2271 dum
820 2232 904 2271 sum
927 2233 968 2272 in
991 2235 1189 2287 Arpinati.
1238 2236 1343 2275 Nam
1378 2235 1478 2274 mihi
1512 2249 1591 2274 uno
1622 2236 1685 2274 dic
1718 2246 1793 2274 tres
1827 2236 1915 2275 sunt

521 2297 696 2344 redditae,
727 2308 766 2338 et
795 2299 973 2353 quidem,
1006 2310 1049 2339 ut
1076 2301 1323 2348 videbantur,
1355 2303 1492 2341 codem
1523 2303 1590 2341 abs
1622 2314 1658 2341 te
1690 2303 1787 2342 datae
1810 2313 1915 2342 tem-

520 2377 643 2416 pore:
677 2378 753 2403 una
784 2366 966 2418 pluribus
999 2368 1142 2413 verbis,
1175 2369 1214 2406 in
1249 2383 1326 2421 qua
1357 2369 1533 2422 primum
1554 2379 1648 2414 erat,
1680 2370 1787 2422 quod
1809 2370 1914 2408 anti-

520 2429 638 2481 quior
658 2429 740 2469 dies
763 2431 802 2469 in
825 2433 904 2471 tuis
924 2431 1055 2472 fuisset
1075 2433 1266 2487 adscripta
1286 2435 1426 2481 literis,
1457 2449 1575 2489 quam
1598 2436 1637 2473 in
1661 2435 1835 2474 Caesaris.
1870 2433 1915 2473 Id

519 2493 619 2535 facit
654 2498 813 2552 Oppius
849 2513 1136 2555 nonnunquam
1172 2501 1402 2548 necessario,
1448 2512 1518 2548 ut,
1564 2516 1658 2542 cum
1693 2501 1915 2542 tabellarios
