2335 3009
766 206 1370 250 FRAGMENTA.
1696 226 1769 266 ¹29

371 312 410 351 Is
432 325 510 352 non
531 319 765 366 perpetuum
787 309 971 348 detexens
993 309 1155 348 conficit
1171 309 1308 349 orbem
1326 326 1336 350 :

372 379 572 430 Qattuor
591 377 686 415 huic
707 376 825 414 fimili
846 377 1015 415 nitentes
1037 376 1143 414 mole
1162 374 1345 414 feruntur
1361 391 1372 415 ε
1680 390 1759 431 495

371 443 445 481 Sed
465 443 589 496 spatio
609 442 784 481 multum
805 441 973 495 superest
991 456 1000 480 z
1032 440 1206 494 praestare
1226 440 1381 479 duobus

371 508 547 554 Dicitur,
578 518 617 547 et
637 508 712 547 late
731 507 818 546 caeli
837 507 998 546 lustrare
1016 519 1211 546 cavernas.

371 575 556 626 Qorum
577 575 673 613 alter
694 584 856 626 tangens
878 573 1092 626 Aquilonis
1113 573 1280 612 vertitur
1300 586 1424 619 auras,

372 641 452 679 Ora
471 651 607 694 petens
630 641 896 679 Geminorum
917 639 1106 678 illustria:
1139 649 1227 678 tum
1247 653 1370 692 genus
1392 638 1528 678 ardens

368 708 415 745 In
438 707 513 746 sese
534 707 703 746 retinens
725 706 885 759 Aurigae
905 715 1036 758 portat
1055 715 1286 759 utrumque.
1683 718 1761 759 500

371 773 496 811 Hunc
517 773 602 811 sura
621 772 715 811 laeva
735 771 893 810 Perseus
914 770 1163 824 humeroque
1182 770 1333 810 sinistro

368 839 520 891 Tangit
539 853 548 877 :
581 847 619 876 at
638 837 902 876 Andromedae
922 836 990 876 hic
1009 837 1147 876 dextra
1165 837 1213 875 de
1232 846 1342 891 parte
1360 845 1529 882 tenetur,

371 905 450 943 Cui
470 917 609 943 manus
630 904 678 942 ad
697 905 876 949 Boream,
908 903 1068 941 cubitus
1089 903 1156 941 cui
1175 902 1319 956 spectat
1339 903 1386 940 ad
1407 903 1611 948 Austrum.

371 971 629 1024 Imponitque
649 969 764 1023 pedes
786 969 964 1022 duplices
986 970 1125 1022 Equus
1144 983 1154 1008 ε
1185 977 1225 1007 et
1241 968 1357 1007 fimul
1376 969 1472 1008 Ales

372 1037 491 1076 Ponit
511 1037 590 1075 avis
610 1045 744 1089 caput,
774 1044 813 1074 et
833 1035 982 1074 clinato
1000 1048 1164 1088 corpore
1185 1044 1356 1088 tergum.
1683 1047 1759 1088 505

371 1103 647 1156 Anguitenens
668 1101 844 1140 humeris
866 1100 1087 1140 connititur
1105 1116 1114 1140 ε
1146 1100 1216 1139 illa
1234 1101 1417 1140 recedens

371 1169 561 1207 Austrum
582 1167 835 1221 consequitur
853 1166 1029 1205 devitans
1050 1180 1214 1219 corpore
1234 1167 1374 1220 Virgo.

371 1235 428 1273 At
447 1247 537 1272 vero
559 1243 690 1272 totum
710 1233 880 1285 spatium
898 1231 1105 1276 convestit,
1136 1241 1175 1269 et
1194 1232 1302 1270 orbis

369 1300 537 1353 Magnu'
559 1300 657 1344 Leo,
686 1306 727 1337 et
745 1298 852 1336 claro
870 1297 1073 1336 collucens
1093 1296 1247 1335 lumine
1268 1298 1434 1343 Cancer,

368 1367 418 1405 In
439 1379 520 1419 quo
540 1364 748 1404 consistens
768 1364 965 1403 convertit
984 1362 1230 1402 curriculum
1251 1363 1307 1401 sol
1680 1377 1760 1420 510

370 1432 559 1478 AEstivus,
590 1431 722 1470 medio
742 1431 985 1483 distinguens
1005 1443 1170 1483 corpore
1189 1429 1340 1468 cursus.

371 1499 455 1538 Hic
476 1507 582 1538 totus
603 1497 756 1536 medius
777 1497 884 1536 circo
904 1497 1149 1550 disjungitur
1168 1495 1267 1550 ipso,

371 1564 514 1603 Subter
533 1563 714 1603 testatum
735 1576 825 1602 cava
845 1563 1035 1616 tegmina,
1065 1571 1105 1601 et
1124 1562 1232 1602 intus
1253 1570 1293 1601 et
1312 1569 1436 1611 extra,

370 1631 528 1670 Lumen
549 1629 696 1669 habens
711 1649 723 1675 ;
755 1629 843 1668 saevi
863 1629 927 1669 sed
946 1630 1004 1669 vis
1025 1628 1219 1668 horrenda
1238 1629 1385 1668 Leonis

372 1696 600 1735 Pectoribus
620 1696 759 1734 validis
780 1705 898 1750 atque
917 1696 1005 1734 alvo
1024 1695 1188 1749 poffidet
1207 1695 1362 1734 orbem.
1681 1707 1760 1749 515

368 1762 495 1801 Hunc
515 1763 604 1800 octo
623 1761 664 1799 in
685 1771 811 1815 partes
833 1761 1002 1800 divisum
1023 1761 1179 1799 noscere
1199 1760 1354 1800 circum

372 1829 411 1866 Si
431 1837 558 1881 potes,
589 1828 764 1867 invenies
786 1827 923 1881 supero
943 1827 1162 1865 convertier
1181 1825 1277 1864 orbe

371 1894 578 1947 Qinque,
609 1893 692 1947 pari
713 1892 837 1945 spatio
857 1902 984 1946 partes
1006 1901 1083 1931 tres
1104 1891 1176 1930 effe
1197 1891 1364 1937 relictas,

370 1961 572 2013 Tempore
592 1961 786 1998 nocturno
806 1971 902 2012 quas
922 1959 980 1997 vis
1001 1957 1155 1997 inferna
1173 1957 1415 2012 frequentet.

370 2025 437 2065 Ille
454 2025 590 2079 quidem
609 2039 633 2064 a
652 2025 781 2064 Borea·
802 2026 955 2064 Cancro
975 2025 1224 2064 connectitur
1243 2023 1358 2068 auris,
1685 2035 1764 2076 520

370 2092 486 2130 Alter
504 2092 553 2130 ab
572 2090 736 2131 infernis
757 2099 886 2131 contra
904 2090 1106 2131 connititur
1123 2090 1259 2129 austris
1278 2105 1287 2129 :

372 2158 621 2198 Distribuens
641 2159 820 2198 medium
839 2158 971 2198 subter
992 2158 1091 2197 secat
1110 2156 1177 2196 hic
1199 2157 1503 2211 Capricornum,

373 2226 507 2277 Atque
528 2225 642 2277 pedes
663 2225 842 2277 gelidum
861 2225 992 2264 rivum
1012 2223 1216 2262 fundentis
1237 2222 1405 2276 Aquari,

375 2289 639 2343 Caeruleaeque
659 2290 783 2330 feram
803 2290 968 2330 caudam
990 2289 1179 2335 Pistricis,
1211 2299 1250 2327 et
1270 2289 1388 2326 illum

375 2356 614 2409 Fulgentem
635 2356 846 2409 Leporem,
878 2356 970 2395 inde
990 2356 1106 2410 pedes
1129 2355 1264 2400 Canis,
1295 2363 1334 2392 et
1355 2350 1470 2391 fimul
1490 2349 1663 2405 amplam
1684 2364 1762 2406 525

374 2422 607 2474 Argolicam
629 2423 772 2461 retinet
791 2423 929 2462 crebro
949 2436 1044 2461 cum
1065 2422 1217 2461 lumine
1238 2420 1392 2459 Navem
1411 2432 1420 2457 :

375 2490 586 2541 Tergaque
609 2489 813 2536 Centauri,
843 2498 962 2544 atque
982 2488 1112 2543 Nepai
1131 2495 1263 2542 portat
1282 2497 1446 2525 acumen
1466 2499 1475 2523 ε

464 2555 504 2594 Τ
518 2567 543 2594 0
557 2566 611 2595 M.
642 2553 721 2596 IX.
1435 2550 1475 2590 R
