2335 3009
485 256 534 293 14
829 237 1522 279 EPISTOLARUM

481 343 627 393 Qare,
659 338 847 394 quoniam
879 339 919 377 in
949 351 1034 377 eam
1059 337 1251 376 rationem
1270 337 1359 376 vitae
1381 351 1451 377 nos
1473 350 1551 376 non
1574 345 1655 376 tam
1675 337 1871 391 cupiditas

482 408 660 461 quaedam
680 406 830 458 glorioe,
861 418 980 457 quam
1001 418 1059 443 res
1080 404 1161 457 ipsa
1180 417 1223 442 ac
1244 403 1418 449 fortuna,
1449 404 1628 450 deduxit,
1660 413 1710 449 ut,
1724 405 1869 458 sempi-

482 482 615 511 ternus
636 471 761 510 sermo
780 469 992 509 hominum
1014 469 1060 507 de
1082 469 1195 507 nobis
1216 468 1374 508 futurus
1395 469 1469 514 fit3
1500 483 1720 515 caveamus,
1742 483 1870 522 quan-

482 547 570 576 tum
590 537 743 576 efficere
762 545 802 575 et
821 536 1007 588 consequi
1029 535 1244 587 poffumus,
1262 544 1306 573 ut
1327 548 1375 573 ne
1395 535 1503 586 quod
1522 535 1563 573 in
1586 535 1701 573 nobis
1721 535 1871 588 infigne

480 604 625 642 vitium
646 601 758 641 fuiss‘e
789 601 956 640 dicatur.
1002 601 1146 653 Neque
1172 613 1245 652 ego
1278 614 1383 638 nunc
1413 600 1491 638 hoe
1520 600 1732 646 contendo,
1764 601 1872 654 quod

481 667 635 707 fortafl’e
657 681 749 706 cum
771 668 811 705 in
833 667 944 705 omni
965 676 1114 711 natura,
1146 674 1232 704 tum
1249 667 1332 717 jam
1354 666 1394 704 in
1416 666 1543 704 nostra
1561 675 1687 711 aetate,
1709 665 1872 705 difficile

481 734 550 780 est,
572 743 723 773 mutare
742 733 936 777 animum,
958 742 997 770 et
1018 732 1043 770 si
1065 731 1161 784 quid
1182 731 1235 769 est
1255 733 1412 784 penitus
1433 732 1595 770 infitum
1616 732 1810 777 moribus,
1831 731 1874 771 id

482 799 614 838 subito
633 799 824 837 evellere:
858 797 921 836 sed
942 807 979 835 te
1000 797 1101 835 illud
1121 797 1327 843 admoneo,
1359 806 1418 843 ut,
1449 797 1475 836 fi
1505 797 1583 836 hoc
1612 798 1728 851 plene
1751 798 1873 836 vitare

481 879 562 904 non
588 875 713 917 poteS‚
745 863 852 916 quod
881 872 970 901 ante
999 872 1216 915 occupatur
1244 865 1398 901 animus
1428 863 1476 901 ab
1509 863 1722 909 iracundia,
1753 877 1873 916 quam

480 930 685 983 providere
706 929 803 967 ratio
824 930 971 981 potuit,
1004 942 1052 966 ne
1078 938 1363 981 occuparetur;
1396 938 1440 967 ut
1470 938 1508 967 te
1535 938 1623 968 ante
1653 942 1872 982 compareS,

480 995 739 1049 quotidieque
759 994 962 1039 meditere,
993 993 1242 1032 resistendum
1264 994 1336 1032 effe
1361 994 1598 1041 iracundiae;
1630 1009 1804 1048 cumque
1831 1007 1875 1034 ea

480 1060 654 1099 maxime
675 1060 854 1097 animum
872 1068 1043 1103 moveat,
1075 1068 1161 1096 tum
1183 1059 1258 1096 tibi
1277 1058 1350 1096 effe
1370 1059 1665 1111 diligentiffime
1694 1060 1874 1112 linguam

480 1125 790 1164 continendam:
823 1137 909 1176 quae
929 1124 1092 1175 quidem
1123 1123 1225 1161 mihi
1245 1125 1370 1161 virtus
1400 1137 1479 1162 non
1510 1125 1712 1162 interdum
1743 1125 1876 1163 minor

481 1191 650 1235 videtur,
681 1203 802 1242 quam
823 1189 988 1226 omnino
1010 1202 1089 1226 non
1109 1189 1236 1227 irasci.
1283 1189 1390 1227 Nam
1421 1189 1524 1228 illud
1553 1203 1634 1228 non
1664 1187 1792 1228 solum
1821 1189 1875 1228 est

479 1256 696 1309 gravitatis,
727 1254 791 1292 sed
811 1267 1100 1306 nonnunquam
1119 1255 1239 1292 etiam
1258 1253 1510 1293 lentitudinis
1528 1269 1538 1293 ι
1569 1256 1763 1294 moderari
1784 1268 1875 1295 vero

479 1331 521 1361 et
539 1322 672 1360 animo
691 1329 731 1358 et
750 1320 934 1364 orationi,
956 1332 1050 1358 curn
1070 1319 1116 1357 fis
1137 1320 1274 1365 iratus,
1295 1329 1362 1358 aut
1382 1320 1500 1359 etiam
1521 1330 1664 1368 tacere,
1684 1331 1723 1360 et
1744 1331 1875 1362 tenere

480 1387 523 1427 in
545 1387 610 1425 sua
630 1386 816 1439 potestate
837 1394 992 1424 motum
1015 1385 1137 1423 animi
1157 1395 1197 1424 et
1217 1385 1410 1432 dolorem,
1441 1387 1508 1426 etsi
1536 1401 1614 1426 non
1645 1387 1698 1426 est
1718 1388 1873 1442 perfec-

481 1461 530 1492 tae
551 1452 762 1506 sapientiae,
794 1460 924 1489 tamen
946 1451 999 1489 est
1020 1465 1099 1489 non
1121 1451 1331 1490 mediocris
1352 1453 1518 1505 ingenii.
1564 1455 1700 1507 Atque
1725 1455 1766 1493 in
1796 1454 1875 1494 hoc

480 1532 623 1572 genere
643 1517 774 1556 multo
800 1526 839 1555 te
867 1517 940 1555 effe
963 1518 1048 1570 jam
1076 1517 1390 1556 commodiorem
1423 1519 1704 1572 mitioremque
1733 1521 1874 1559 nunti-

481 1593 563 1623 ant.
601 1583 736 1622 Nullae
757 1593 832 1622 tuae
852 1583 1164 1622 vehementiores
1185 1584 1307 1622 animi
1328 1585 1628 1631 concitationes,
1660 1587 1769 1625 nulla
1789 1600 1875 1625 ma-

480 1650 623 1689 ledicta
642 1649 689 1688 ad
711 1663 796 1695 nos,
828 1649 947 1688 nullae
967 1650 1235 1696 contumeliae,
1265 1649 1543 1703 perferuntur:
1577 1666 1663 1705 quae
1683 1666 1776 1691 cum
1804 1654 1875 1691 ab·

481 1715 644 1755 horrent
664 1729 684 1754 a
703 1716 844 1761 literis,
875 1716 924 1754 ab
944 1715 1205 1761 humanitate,
1238 1726 1324 1754 tum
1347 1730 1437 1755 vero
1457 1719 1650 1756 contraria
1675 1718 1764 1757 sunt
1794 1719 1874 1757 im-

481 1782 591 1835 perio
610 1795 653 1820 ac
674 1781 874 1834 dignitati.
908 1782 1016 1820 Nam
1038 1782 1064 1820 fi
1085 1782 1355 1835 implacabiles
1377 1783 1586 1822 iracundiae
1608 1784 1696 1830 sint,
1723 1785 1876 1824 summa

482 1847 535 1886 cst
556 1847 765 1886 acerbitas:
791 1847 843 1886 fin
864 1857 995 1886 autem
1016 1848 1249 1894 exorabiles,
1268 1849 1419 1888 summa
1439 1850 1595 1889 levitas:
1619 1865 1706 1904 quae
1728 1861 1873 1897 tamen,

483 1922 527 1952 ut
547 1913 588 1951 in
611 1913 739 1958 malis,
770 1913 973 1951 acerbitati
993 1914 1265 1967 anteponenda
1284 1915 1350 1953 est.

538 1979 653 2018 XIV.
687 1978 760 2016 Sed
781 1980 969 2031 quoniam
991 1980 1143 2033 primus
1163 1994 1287 2019 annus
1309 1980 1449 2020 habuit
1481 1981 1527 2020 de
1557 1982 1630 2021 hac
1663 1982 1874 2036 reprehen-

482 2044 585 2083 stone
607 2043 827 2096 plurimum
850 2044 1053 2091 sermonis,
1071 2045 1187 2084 credo
1204 2056 1421 2099 propterea,
1439 2046 1545 2099 quod
1568 2048 1642 2086 tibi
1663 2047 1876 2088 hominum

482 2109 651 2162 injuriae,
674 2109 780 2162 quod
802 2111 983 2155 avaritiae,
1005 2111 1113 2164 quod
1135 2111 1340 2150 insolentia
1361 2122 1499 2165 praeter
1518 2114 1748 2167 opinionem
1770 2116 1875 2154 acci—

482 2175 613 2221 debat,
630 2184 669 2213 et
690 2175 950 2214 intolerabilis
971 2177 1199 2223 videbatur;
1224 2177 1414 2216 secundus
1435 2188 1565 2217 autem
1583 2180 1714 2219 multo
1734 2181 1873 2226 lenior,

482 2241 588 2293 quod
611 2250 649 2280 et
669 2241 927 2287 consuetudo,
958 2252 997 2280 et
1019 2243 1131 2288 ratio,
1152 2253 1190 2281 et
1215 2246 1277 2296 (ut
1298 2257 1372 2296 ego
1391 2245 1576 2294 arbitror)
1601 2260 1695 2285 meae
1715 2260 1875 2299 quoque

484 2307 604 2346 literae
627 2317 663 2346 te
686 2308 961 2361 patientiorem
983 2309 1254 2363 lenioremque
1274 2309 1452 2350 fecerunt
1471 2331 1480 2357 ς
1514 2313 1652 2352 tertius
1677 2327 1800 2351 annus
1824 2314 1878 2352 ita

483 2373 554 2411 effe
576 2373 691 2412 debet
711 2375 955 2422 emendatus,
988 2386 1031 2414 ut
1052 2389 1100 2415 ne
1121 2377 1330 2416 minimam
1357 2378 1518 2430 quidem
1553 2393 1632 2417 rem
1666 2379 1875 2433 qnisquam

483 2439 597 2493 possit
620 2440 740 2479 ullam
764 2441 1058 2495 reprehendere.
1105 2445 1165 2482 Ac
1190 2445 1273 2497 jam
1304 2443 1380 2483 hoc
1413 2445 1502 2484 loco
1528 2459 1604 2484 non
1635 2446 1872 2491 hortatione,

484 2519 611 2560 neque
631 2508 851 2561 prreccptiS,
883 2509 945 2548 sed
967 2510 1148 2563 precibus
1171 2520 1302 2550 tecum
1324 2510 1521 2559 fraternis,
1546 2525 1647 2566 ago,
1680 2521 1810 2552 totum
1832 2519 1874 2550 ut
