2335 3009
546 212 659 252 66·
889 210 1586 251 ,EPISTOLARUM

547 309 684 349 nostrae
704 310 923 362 dignitatis.
971 309 1089 348 Plura
1106 318 1310 363 ponuntur
1340 310 1381 347 in
1414 309 1493 363 spe,
1523 323 1644 363 quam
1663 311 1703 350 in
1725 313 1933 365 pecuniis:

547 375 698 429 reliqua
718 377 763 413 ad
779 377 972 428 jafturam
991 375 1201 414 struentur.
1240 377 1371 427 Qare
1391 375 1418 414 fi
1439 375 1576 414 crebro
1596 375 1735 416 referes
1756 379 1937 417 animum

548 449 662 479 tuum
697 440 744 479 ad
778 441 969 479 rationem
999 450 1039 479 et
1067 441 1206 479 veteris
1237 440 1390 479 confilii
1418 440 1553 486 nostri,
1583 451 1622 480 et
1652 442 1746 495 spei,
1777 443 1935 482 facilius

548 504 639 543 istos
660 505 814 544 militiae
843 505 1009 550 labores,
1041 514 1270 558 caeteraque,
1301 519 1388 557 quae
1419 514 1457 543 te
1483 504 1706 552 offendunt,
1736 507 1864 553 feres;
1896 518 1936 547 et

548 579 695 616 tamen,
718 583 811 609 cum
831 571 952 616 voles,
974 571 1159 623 depones.
1195 570 1268 608 Sed
1288 571 1371 623 ejus
1392 570 1447 608 rei
1468 571 1670 610 maturitas
1691 585 1820 626 neque
1839 573 1936 612 dum

547 636 670 682 venit,
701 646 740 675 et
759 645 890 675 tamen
905 636 990 689 jam
1012 636 1318 689 appropinquat.
1363 636 1498 674 Etiam
1529 636 1631 674 illud
1661 646 1699 675 te
1727 637 1935 684 admoneo,

548 715 598 740 ne
617 702 715 755 quid
736 703 827 741 ullis
849 702 972 740 literis
992 702 1235 746 committas,
1265 701 1374 754 quod
1404 701 1431 739 fi
1460 702 1659 754 prolatum
1686 703 1745 749 s1t,
1775 703 1937 743 moleste

548 766 734 806 feramus.
767 767 902 806 Multa
921 767 1024 812 sunt,
1041 780 1127 819 quae
1147 779 1221 818 ego
1242 765 1388 804 nescire
1408 766 1527 812 malo,
1549 781 1666 820 quam
1688 781 1781 807 cum
1801 769 1935 822 aliquo

547 832 726 885 periculo
746 832 828 870 fieri
849 832 1006 872 certior.
1052 831 1170 870 Plura
1198 831 1246 869 ad
1275 840 1313 870 te
1332 845 1456 870 vacuo
1474 833 1608 871 animo
1628 833 1808 880 scribam,
1840 849 1936 874 cum

552 899 615 950 (ut
636 897 762 951 spero)
786 897 822 935 se
844 898 986 936 Cicero
1005 910 1116 936 meus
1149 897 1251 935 belle
1282 895 1460 936 habebit.
1505 899 1572 937 Tu
1593 899 1712 938 velim
1731 913 1858 946 cures,
1890 909 1935 940 ut

548 963 681 1008 sciam,
713 963 858 1016 quibus
890 976 961 1001 nos
990 963 1080 1001 dare
1099 963 1276 1016 oporteat
1296 977 1372 1009 eas,
1403 977 1498 1016 quas
1518 964 1566 1002 ad
1585 973 1625 1003 te
1644 964 1785 1004 deinde
1805 966 1934 1005 literas

547 1029 781 1073 mittemus;
816 1027 1022 1087 Caesarisne
1052 1028 1280 1073 tabellariis,
1311 1038 1357 1066 ut
1385 1030 1417 1067 is
1444 1028 1490 1067 ad
1518 1037 1556 1067 te
1582 1031 1763 1082 protinus
1784 1032 1933 1077 mittat,

546 1105 594 1130 an
615 1093 798 1132 Labieni.
844 1093 928 1130 Ubi
956 1093 1063 1131 enim
1094 1092 1155 1131 isti
1176 1093 1250 1131 fint
1271 1093 1427 1139 Nervii,
1456 1102 1496 1132 et
1515 1107 1636 1147 quam
1656 1094 1774 1147 longe
1793 1095 1934 1142 abfint,

546 1157 690 1196 nescio.
737 1157 800 1195 De
828 1157 974 1195 virtute
1002 1166 1041 1195 et
1069 1157 1257 1209 gravitate
1278 1157 1453 1203 Caesaris,
1484 1171 1604 1210 quam
1624 1158 1665 1197 in
1686 1159 1842 1199 summo
1861 1161 1935 1200 do-

546 1222 627 1260 lore
647 1221 896 1267 adhibuisset,
926 1236 1112 1275 magnam
1142 1236 1191 1261 ex
1221 1222 1384 1275 epistola
1413 1233 1479 1261 tua
1507 1225 1640 1277 accepi
1672 1226 1932 1279 voluptatem.

546 1286 667 1339 Qod
687 1301 751 1325 me
771 1287 996 1326 institutum
1016 1287 1064 1324 ad
1083 1287 1200 1325 illum
1221 1301 1361 1340 poema
1373 1288 1492 1340 jubes
1513 1289 1698 1341 perficere
1713 1309 1725 1336 ς
1757 1291 1825 1329 etsi
1852 1292 1934 1331 dis-

546 1362 678 1391 tentus
699 1365 792 1391 curn
811 1365 942 1405 opera,
973 1362 1061 1390 tum
1081 1353 1214 1391 animo
1234 1352 1319 1391 sum
1340 1353 1470 1392 multo
1489 1355 1630 1407 magis,
1661 1357 1849 1408 quoniam
1872 1367 1931 1396 ta-

545 1431 635 1456 men
667 1431 715 1456 ex
747 1416 922 1470 epistola,
953 1431 1072 1471 quam
1106 1417 1154 1455 ad
1187 1427 1226 1456 te
1259 1418 1456 1464 miseram,
1486 1420 1675 1472 cognovit
1709 1421 1835 1460 Caesar
1868 1436 1933 1462 me

545 1483 697 1536 aliquid
716 1483 788 1522 effe
807 1483 1005 1528 exorsum,
1036 1493 1201 1522 revertar
1232 1483 1279 1521 ad
1308 1484 1549 1530 institutum,
1581 1485 1700 1538 idque
1728 1487 1932 1539 perficiam

545 1548 607 1587 his
629 1549 962 1602 supplicationum
981 1549 1112 1601 otiosis
1133 1549 1287 1594 diebus,
1318 1550 1462 1602 quibus
1494 1551 1696 1589 Mess‘alam
1723 1553 1808 1604 jam
1840 1553 1932 1592 nos-

545 1623 651 1651 trum
681 1613 929 1665 reliquosque
958 1613 1134 1651 molestia
1162 1613 1307 1651 levatos
1329 1613 1580 1653 vehementer
1605 1616 1783 1667 gaudeo;
1815 1631 1930 1656 eum-

544 1692 621 1731 que
642 1678 748 1731 quod
768 1687 920 1716 certum
948 1678 1148 1716 consulem
1177 1691 1269 1716 curn
1300 1679 1484 1717 Domitio
1516 1682 1744 1726 numeratis,
1778 1681 1879 1720 nihil
1910 1697 1932 1721 a

544 1743 670 1782 nostra
702 1743 890 1796 opinione
923 1742 1144 1782 diss‘entitis.
1191 1745 1280 1796 Ego
1314 1743 1518 1782 Messalam
1553 1745 1692 1784 Caesari
1727 1746 1926 1799 praestabo.

544 1808 617 1847 Sed
638 1808 859 1847 Memmius
880 1809 921 1846 in
942 1807 1111 1847 adventu
1133 1808 1293 1847 Caesaris
1314 1807 1433 1847 habet
1461 1809 1565 1862 spem
1583 1829 1595 1855 ς
1627 1811 1668 1849 in
1701 1825 1781 1864 quo
1813 1813 1930 1851 illum

544 1883 642 1927 puto
661 1887 811 1912 errare:
843 1873 910 1912 hic
939 1873 1102 1927 quidem
1130 1873 1265 1927 friget.
1311 1875 1501 1913 Scaurum
1532 1885 1663 1914 autem
1689 1864 1930 1930 jampridem

545 1938 756 1992 Pompeius
777 1939 935 1991 abjecit.
982 1940 1060 1978 Res
1082 1940 1256 1992 prolatae.
1302 1940 1366 1978 Ad
1387 1941 1657 1993 interregnum
1677 1942 1839 1981 comitia
1859 1944 1929 1981 ad·-

543 2005 671 2044 ducta.
704 2005 858 2044 Rumor
878 2004 1076 2043 dictatoris
1097 2005 1338 2058 injucundus
1361 2006 1474 2046 bonis
1494 2022 1502 2045 :
1527 2005 1628 2046 mihi
1649 2008 1767 2046 ctiam
1789 2010 1928 2062 magis,

542 2084 629 2123 quae
650 2070 883 2123 loquuntur.
929 2069 1002 2108 Sed
1023 2079 1104 2109 tota
1123 2083 1181 2109 res
1201 2080 1240 2109 et
1262 2071 1439 2116 timetur,
1469 2081 1507 2110 et
1529 2071 1759 2126 refrigescit.
1807 2074 1928 2113 Pom·-

542 2137 652 2189 peius
674 2135 787 2189 plane
808 2135 843 2174 se
865 2145 977 2188 negat
999 2136 1125 2174 velle:
1157 2146 1268 2175 antea
1288 2137 1367 2190 ipse
1387 2136 1488 2175 mihi
1511 2151 1589 2176 non
1611 2139 1790 2190 negabat.
1825 2141 1925 2178 Hir-

542 2215 605 2240 rus
627 2204 759 2240 auctor
780 2201 863 2240 fore
882 2202 1051 2241 videtur.
1099 2203 1135 2240 Ο
1157 2203 1228 2247 dii,
1260 2216 1379 2255 quam
1412 2203 1596 2256 ineptus!
1629 2219 1748 2257 quam
1780 2205 1816 2243 se
1849 2206 1928 2258 ipse

540 2281 672 2306 amans
706 2267 782 2306 slnc
812 2267 948 2306 rivali!
983 2267 1158 2306 Crassum
1182 2269 1414 2319 junianum,
1446 2268 1650 2308 hominem
1684 2270 1785 2309 mihi
1815 2271 1927 2310 dedi-

541 2343 644 2379 tum,
676 2347 742 2386 per
763 2348 823 2372 me
846 2334 1048 2373 deterruit.
1092 2335 1213 2380 Velit,
1247 2335 1362 2380 nolit,
1395 2335 1489 2374 scire
1510 2336 1670 2374 difficile
1692 2338 1759 2375 cst.
1803 2337 1929 2376 Hirro

539 2410 668 2438 tamen
700 2410 851 2452 agente,
886 2401 989 2438 nolle
1023 2400 1058 2438 se
1091 2414 1168 2439 non
1198 2401 1393 2455 probabit.
1443 2402 1565 2440 Aliud
1587 2401 1661 2441 hoc
1684 2413 1858 2456 tempore
1879 2403 1927 2442 dc

538 2465 739 2519 republica
774 2465 874 2504 nihil
911 2466 1187 2519 loquebantur.
1235 2469 1437 2521 Agebatur
1470 2469 1632 2522 quidem
1667 2480 1772 2510 certe
1805 2469 1924 2509 nihil.
