<?xml version="1.0" encoding="UTF-8"?>
<!DOCTYPE html PUBLIC "-//W3C//DTD XHTML 1.0 Transitional//EN"
    "http://www.w3.org/TR/xhtml1/DTD/xhtml1-transitional.dtd">
<html xmlns="http://www.w3.org/1999/xhtml" xml:lang="en" lang="en">
 <head>
  <title>
</title>
<meta http-equiv="Content-Type" content="text/html;charset=utf-8" />
  <meta name='ocr-system' content='tesseract 3.04.00' />
  <meta name='ocr-capabilities' content='ocr_page ocr_carea ocr_par ocr_line ocrx_word'/>
</head>
<body>
  <div class='ocr_page' id='page_1' title='image "./operacumindicibu09ciceuoft_0075.png"; bbox 0 0 2335 3009; ppageno 0'>
   <div class='ocr_carea' id='block_1_1' title="bbox 576 212 1748 271">
    <p class='ocr_par' dir='ltr' id='par_1_1' title="bbox 576 212 1748 271">
     <span class='ocr_line' id='line_1_1' title="bbox 576 212 1748 271; baseline 0.003 -17"><span class='ocrx_word' id='word_1_1' title='bbox 576 216 670 254; x_wconf 94' lang='lat' dir='ltr'>AD</span> <span class='ocrx_word' id='word_1_2' title='bbox 727 215 798 265; x_wconf 77' lang='lat' dir='ltr'>Q</span> <span class='ocrx_word' id='word_1_3' title='bbox 843 212 1207 252; x_wconf 90' lang='lat' dir='ltr'>FRATREM</span> <span class='ocrx_word' id='word_1_4' title='bbox 1266 213 1399 254; x_wconf 90' lang='lat' dir='ltr'>LIB.</span> <span class='ocrx_word' id='word_1_5' title='bbox 1450 218 1528 257; x_wconf 90' lang='lat' dir='ltr'>III.</span> <span class='ocrx_word' id='word_1_6' title='bbox 1695 220 1748 271; x_wconf 90' lang='lat'>67</span> 
     </span>
    </p>
   </div>
   <div class='ocr_carea' id='block_1_2' title="bbox 356 311 1747 1138">
    <p class='ocr_par' dir='ltr' id='par_1_2' title="bbox 356 311 1747 1138">
     <span class='ocr_line' id='line_1_2' title="bbox 361 311 1742 364; baseline 0.001 -12"><span class='ocrx_word' id='word_1_7' title='bbox 361 314 511 352; x_wconf 87' lang='lat' dir='ltr'>Serrani</span> <span class='ocrx_word' id='word_1_8' title='bbox 542 312 761 352; x_wconf 86' lang='lat' dir='ltr'>Domestici</span> <span class='ocrx_word' id='word_1_9' title='bbox 782 311 856 349; x_wconf 90' lang='lat' dir='ltr'>filii</span> <span class='ocrx_word' id='word_1_10' title='bbox 877 311 997 350; x_wconf 85' lang='lat' dir='ltr'>funus</span> <span class='ocrx_word' id='word_1_11' title='bbox 1018 311 1310 364; x_wconf 60' lang='lat' dir='ltr'>perluctuosum</span> <span class='ocrx_word' id='word_1_12' title='bbox 1332 312 1410 351; x_wconf 89' lang='lat' dir='ltr'>fuit</span> <span class='ocrx_word' id='word_1_13' title='bbox 1430 327 1464 353; x_wconf 87' lang='lat' dir='ltr'>a.</span> <span class='ocrx_word' id='word_1_14' title='bbox 1489 314 1527 353; x_wconf 93' lang='lat' dir='ltr'>d.</span> <span class='ocrx_word' id='word_1_15' title='bbox 1553 328 1638 353; x_wconf 79' lang='lat' dir='ltr'>vm</span> <span class='ocrx_word' id='word_1_16' title='bbox 1663 315 1742 354; x_wconf 84' lang='lat' dir='ltr'>kal.</span> 
     </span>
     <span class='ocr_line' id='line_1_3' title="bbox 360 378 1741 431; baseline 0.001 -12"><span class='ocrx_word' id='word_1_17' title='bbox 360 381 554 419; x_wconf 88' lang='lat' dir='ltr'>Decemb.</span> <span class='ocrx_word' id='word_1_18' title='bbox 605 378 798 416; x_wconf 90' lang='lat' dir='ltr'>Laudavit</span> <span class='ocrx_word' id='word_1_19' title='bbox 836 387 944 431; x_wconf 90' lang='lat' dir='ltr'>pater</span> <span class='ocrx_word' id='word_1_20' title='bbox 982 378 1128 431; x_wconf 87' lang='lat' dir='ltr'>scripto</span> <span class='ocrx_word' id='word_1_21' title='bbox 1166 392 1270 418; x_wconf 90' lang='lat' dir='ltr'>meo.</span> <span class='ocrx_word' id='word_1_22' title='bbox 1323 380 1446 418; x_wconf 88' lang='lat' dir='ltr'>Nunc</span> <span class='ocrx_word' id='word_1_23' title='bbox 1485 380 1532 419; x_wconf 90' lang='lat' dir='ltr'>de</span> <span class='ocrx_word' id='word_1_24' title='bbox 1571 381 1741 420; x_wconf 84' lang='lat' dir='ltr'><strong>Milone.</strong></span> 
     </span>
     <span class='ocr_line' id='line_1_4' title="bbox 359 443 1744 499; baseline 0 -15"><span class='ocrx_word' id='word_1_25' title='bbox 359 445 570 497; x_wconf 89' lang='lat' dir='ltr'>Pompeius</span> <span class='ocrx_word' id='word_1_26' title='bbox 592 444 628 482; x_wconf 91' lang='lat' dir='ltr'>ei</span> <span class='ocrx_word' id='word_1_27' title='bbox 648 443 751 482; x_wconf 90' lang='lat' dir='ltr'>nihil</span> <span class='ocrx_word' id='word_1_28' title='bbox 773 443 929 488; x_wconf 84' lang='lat' dir='ltr'>tribuit,</span> <span class='ocrx_word' id='word_1_29' title='bbox 960 453 999 482; x_wconf 89' lang='lat' dir='ltr'>et</span> <span class='ocrx_word' id='word_1_30' title='bbox 1029 444 1164 482; x_wconf 88' lang='lat' dir='ltr'>omnia</span> <span class='ocrx_word' id='word_1_31' title='bbox 1183 445 1347 489; x_wconf 87' lang='lat' dir='ltr'>Guttae;</span> <span class='ocrx_word' id='word_1_32' title='bbox 1379 445 1554 497; x_wconf 81' lang='lat' dir='ltr'>dicitque</span> <span class='ocrx_word' id='word_1_33' title='bbox 1587 447 1622 484; x_wconf 89' lang='lat' dir='ltr'>se</span> <span class='ocrx_word' id='word_1_34' title='bbox 1653 460 1744 499; x_wconf 90' lang='lat' dir='ltr'>per-</span> 
     </span>
     <span class='ocr_line' id='line_1_5' title="bbox 357 507 1744 555; baseline 0 -7"><span class='ocrx_word' id='word_1_35' title='bbox 357 509 568 554; x_wconf 64' lang='lat' dir='ltr'>festarum,</span> <span class='ocrx_word' id='word_1_36' title='bbox 600 517 645 546; x_wconf 91' lang='lat' dir='ltr'>ut</span> <span class='ocrx_word' id='word_1_37' title='bbox 665 509 706 546; x_wconf 91' lang='lat' dir='ltr'>in</span> <span class='ocrx_word' id='word_1_38' title='bbox 727 509 799 547; x_wconf 89' lang='lat' dir='ltr'>illo</span> <span class='ocrx_word' id='word_1_39' title='bbox 829 508 954 547; x_wconf 90' lang='lat' dir='ltr'>Caesar</span> <span class='ocrx_word' id='word_1_40' title='bbox 974 508 1194 548; x_wconf 88' lang='lat' dir='ltr'><strong>incumbat.</strong></span> <span class='ocrx_word' id='word_1_41' title='bbox 1240 509 1333 547; x_wconf 92' lang='lat' dir='ltr'>Hoc</span> <span class='ocrx_word' id='word_1_42' title='bbox 1353 507 1485 547; x_wconf 85' lang='lat' dir='ltr'>horret</span> <span class='ocrx_word' id='word_1_43' title='bbox 1506 510 1641 555; x_wconf 85' lang='lat' dir='ltr'>Milo;</span> <span class='ocrx_word' id='word_1_44' title='bbox 1674 524 1744 549; x_wconf 88' lang='lat' dir='ltr'>nec</span> 
     </span>
     <span class='ocr_line' id='line_1_6' title="bbox 356 572 1744 626; baseline 0.001 -14"><span class='ocrx_word' id='word_1_45' title='bbox 356 574 500 626; x_wconf 88' lang='lat' dir='ltr'>injuria</span> <span class='ocrx_word' id='word_1_46' title='bbox 518 589 526 612; x_wconf 90' lang='lat'>:</span> <span class='ocrx_word' id='word_1_47' title='bbox 559 583 613 618; x_wconf 90' lang='lat' dir='ltr'>et,</span> <span class='ocrx_word' id='word_1_48' title='bbox 644 573 670 611; x_wconf 88' lang='lat' dir='ltr'>fi</span> <span class='ocrx_word' id='word_1_49' title='bbox 691 573 760 611; x_wconf 91' lang='lat' dir='ltr'>ille</span> <span class='ocrx_word' id='word_1_50' title='bbox 780 573 945 611; x_wconf 66' lang='lat' dir='ltr'>dictator</span> <span class='ocrx_word' id='word_1_51' title='bbox 966 572 1088 612; x_wconf 68' lang='lat' dir='ltr'>factus</span> <span class='ocrx_word' id='word_1_52' title='bbox 1111 573 1170 618; x_wconf 78' lang='lat' dir='ltr'>sit,</span> <span class='ocrx_word' id='word_1_53' title='bbox 1202 586 1300 626; x_wconf 90' lang='lat' dir='ltr'>pene</span> <span class='ocrx_word' id='word_1_54' title='bbox 1321 573 1481 612; x_wconf 87' lang='lat' dir='ltr'>diffidit.</span> <span class='ocrx_word' id='word_1_55' title='bbox 1514 575 1744 613; x_wconf 85' lang='lat' dir='ltr'>Interceffo·</span> 
     </span>
     <span class='ocr_line' id='line_1_7' title="bbox 356 639 1745 693; baseline 0.001 -15"><span class='ocrx_word' id='word_1_56' title='bbox 356 653 439 678; x_wconf 88' lang='lat' dir='ltr'>rem</span> <span class='ocrx_word' id='word_1_57' title='bbox 461 641 660 678; x_wconf 63' lang='lat' dir='ltr'>dictatura:</span> <span class='ocrx_word' id='word_1_58' title='bbox 682 640 707 677; x_wconf 87' lang='lat' dir='ltr'>fi</span> <span class='ocrx_word' id='word_1_59' title='bbox 723 640 871 692; x_wconf 88' lang='lat' dir='ltr'>juverit</span> <span class='ocrx_word' id='word_1_60' title='bbox 891 653 1009 678; x_wconf 90' lang='lat' dir='ltr'>manu</span> <span class='ocrx_word' id='word_1_61' title='bbox 1031 649 1070 678; x_wconf 91' lang='lat' dir='ltr'>et</span> <span class='ocrx_word' id='word_1_62' title='bbox 1091 639 1265 692; x_wconf 83' lang='lat' dir='ltr'>praefidio</span> <span class='ocrx_word' id='word_1_63' title='bbox 1286 639 1368 685; x_wconf 92' lang='lat' dir='ltr'>suo,</span> <span class='ocrx_word' id='word_1_64' title='bbox 1401 641 1639 693; x_wconf 89' lang='lat' dir='ltr'>Pompeium</span> <span class='ocrx_word' id='word_1_65' title='bbox 1659 655 1745 680; x_wconf 90' lang='lat' dir='ltr'>me-</span> 
     </span>
     <span class='ocr_line' id='line_1_8' title="bbox 359 704 1744 758; baseline 0.001 -15"><span class='ocrx_word' id='word_1_66' title='bbox 359 706 436 744; x_wconf 88' lang='lat' dir='ltr'>tuit</span> <span class='ocrx_word' id='word_1_67' title='bbox 465 705 705 743; x_wconf 87' lang='lat' dir='ltr'>inimicum:</span> <span class='ocrx_word' id='word_1_68' title='bbox 738 705 765 742; x_wconf 89' lang='lat' dir='ltr'><strong>fi</strong></span> <span class='ocrx_word' id='word_1_69' title='bbox 787 718 865 742; x_wconf 93' lang='lat' dir='ltr'>non</span> <span class='ocrx_word' id='word_1_70' title='bbox 881 706 1044 756; x_wconf 87' lang='lat' dir='ltr'>juverit,</span> <span class='ocrx_word' id='word_1_71' title='bbox 1076 705 1191 743; x_wconf 88' lang='lat' dir='ltr'>timet</span> <span class='ocrx_word' id='word_1_72' title='bbox 1223 719 1271 742; x_wconf 89' lang='lat' dir='ltr'>ne</span> <span class='ocrx_word' id='word_1_73' title='bbox 1302 719 1371 758; x_wconf 90' lang='lat' dir='ltr'>per</span> <span class='ocrx_word' id='word_1_74' title='bbox 1401 705 1483 743; x_wconf 89' lang='lat' dir='ltr'>vim</span> <span class='ocrx_word' id='word_1_75' title='bbox 1516 704 1744 758; x_wconf 83' lang='lat' dir='ltr'>perferatur.</span> 
     </span>
     <span class='ocr_line' id='line_1_9' title="bbox 357 769 1746 823; baseline 0.001 -15"><span class='ocrx_word' id='word_1_76' title='bbox 357 770 492 809; x_wconf 86' lang='lat' dir='ltr'>Ludos</span> <span class='ocrx_word' id='word_1_77' title='bbox 532 779 689 822; x_wconf 86' lang='lat' dir='ltr'>apparat</span> <span class='ocrx_word' id='word_1_78' title='bbox 726 769 1159 822; x_wconf 83' lang='lat' dir='ltr'>magnificentiffimos;</span> <span class='ocrx_word' id='word_1_79' title='bbox 1202 770 1277 816; x_wconf 79' lang='lat' dir='ltr'>sic,</span> <span class='ocrx_word' id='word_1_80' title='bbox 1317 771 1503 823; x_wconf 85' lang='lat' dir='ltr'>inquam,</span> <span class='ocrx_word' id='word_1_81' title='bbox 1546 780 1590 809; x_wconf 93' lang='lat' dir='ltr'>ut</span> <span class='ocrx_word' id='word_1_82' title='bbox 1629 785 1746 809; x_wconf 87' lang='lat' dir='ltr'>nemo</span> 
     </span>
     <span class='ocr_line' id='line_1_10' title="bbox 358 835 1747 889; baseline 0.001 -16"><span class='ocrx_word' id='word_1_83' title='bbox 358 835 675 888; x_wconf 88' lang='lat' dir='ltr'>sumptuofiores.</span> <span class='ocrx_word' id='word_1_84' title='bbox 721 836 849 874; x_wconf 89' lang='lat' dir='ltr'>Stulte</span> <span class='ocrx_word' id='word_1_85' title='bbox 883 835 944 874; x_wconf 90' lang='lat' dir='ltr'>bis</span> <span class='ocrx_word' id='word_1_86' title='bbox 980 844 1130 888; x_wconf 86' lang='lat' dir='ltr'>terque,</span> <span class='ocrx_word' id='word_1_87' title='bbox 1167 849 1247 874; x_wconf 90' lang='lat' dir='ltr'>non</span> <span class='ocrx_word' id='word_1_88' title='bbox 1283 835 1526 888; x_wconf 85' lang='lat' dir='ltr'>postulatus;</span> <span class='ocrx_word' id='word_1_89' title='bbox 1558 836 1618 875; x_wconf 93' lang='lat' dir='ltr'>vel</span> <span class='ocrx_word' id='word_1_90' title='bbox 1653 837 1747 889; x_wconf 86' lang='lat' dir='ltr'>quia</span> 
     </span>
     <span class='ocr_line' id='line_1_11' title="bbox 358 900 1745 955; baseline 0.001 -17"><span class='ocrx_word' id='word_1_91' title='bbox 358 915 504 939; x_wconf 89' lang='lat' dir='ltr'>munus</span> <span class='ocrx_word' id='word_1_92' title='bbox 539 900 798 953; x_wconf 87' lang='lat' dir='ltr'>magnificum</span> <span class='ocrx_word' id='word_1_93' title='bbox 834 900 1013 947; x_wconf 84' lang='lat' dir='ltr'>dederat,</span> <span class='ocrx_word' id='word_1_94' title='bbox 1044 902 1105 940; x_wconf 89' lang='lat' dir='ltr'>vel</span> <span class='ocrx_word' id='word_1_95' title='bbox 1138 902 1232 955; x_wconf 89' lang='lat' dir='ltr'>quia</span> <span class='ocrx_word' id='word_1_96' title='bbox 1264 900 1469 940; x_wconf 84' lang='lat' dir='ltr'>facultates</span> <span class='ocrx_word' id='word_1_97' title='bbox 1505 916 1584 940; x_wconf 91' lang='lat' dir='ltr'>non</span> <span class='ocrx_word' id='word_1_98' title='bbox 1621 912 1745 948; x_wconf 87' lang='lat' dir='ltr'>erant,</span> 
     </span>
     <span class='ocr_line' id='line_1_12' title="bbox 357 967 1745 1020; baseline 0.001 -15"><span class='ocrx_word' id='word_1_99' title='bbox 357 968 420 1005; x_wconf 87' lang='lat' dir='ltr'>vel</span> <span class='ocrx_word' id='word_1_100' title='bbox 440 968 534 1020; x_wconf 88' lang='lat' dir='ltr'>quia</span> <span class='ocrx_word' id='word_1_101' title='bbox 552 967 747 1020; x_wconf 84' lang='lat' dir='ltr'>magister,</span> <span class='ocrx_word' id='word_1_102' title='bbox 779 967 840 1005; x_wconf 92' lang='lat' dir='ltr'>vel</span> <span class='ocrx_word' id='word_1_103' title='bbox 871 967 965 1019; x_wconf 89' lang='lat' dir='ltr'>quia</span> <span class='ocrx_word' id='word_1_104' title='bbox 989 976 1169 1020; x_wconf 86' lang='lat' dir='ltr'>potuerat</span> <span class='ocrx_word' id='word_1_105' title='bbox 1199 967 1430 1020; x_wconf 88' lang='lat' dir='ltr'>magistrum</span> <span class='ocrx_word' id='word_1_106' title='bbox 1459 968 1510 1014; x_wconf 90' lang='lat' dir='ltr'>se,</span> <span class='ocrx_word' id='word_1_107' title='bbox 1542 982 1621 1006; x_wconf 93' lang='lat' dir='ltr'>non</span> <span class='ocrx_word' id='word_1_108' title='bbox 1651 968 1745 1007; x_wconf 86' lang='lat' dir='ltr'>aedi-</span> 
     </span>
     <span class='ocr_line' id='line_1_13' title="bbox 358 1031 1745 1087; baseline 0.001 -16"><span class='ocrx_word' id='word_1_109' title='bbox 358 1032 454 1077; x_wconf 88' lang='lat' dir='ltr'>lem,</span> <span class='ocrx_word' id='word_1_110' title='bbox 485 1042 635 1085; x_wconf 86' lang='lat' dir='ltr'>putare.</span> <span class='ocrx_word' id='word_1_111' title='bbox 683 1033 833 1072; x_wconf 88' lang='lat' dir='ltr'>Omnia</span> <span class='ocrx_word' id='word_1_112' title='bbox 861 1031 944 1072; x_wconf 87' lang='lat' dir='ltr'>fere</span> <span class='ocrx_word' id='word_1_113' title='bbox 974 1033 1120 1087; x_wconf 88' lang='lat' dir='ltr'>scripfi.</span> <span class='ocrx_word' id='word_1_114' title='bbox 1167 1034 1286 1080; x_wconf 90' lang='lat' dir='ltr'>Cura,</span> <span class='ocrx_word' id='word_1_115' title='bbox 1317 1035 1375 1072; x_wconf 91' lang='lat' dir='ltr'>mi</span> <span class='ocrx_word' id='word_1_116' title='bbox 1406 1034 1595 1073; x_wconf 84' lang='lat' dir='ltr'>cariffime</span> <span class='ocrx_word' id='word_1_117' title='bbox 1615 1034 1745 1080; x_wconf 84' lang='lat' dir='ltr'>frater,</span> 
     </span>
     <span class='ocr_line' id='line_1_14' title="bbox 358 1098 567 1138; baseline 0.014 -3"><span class='ocrx_word' id='word_1_118' title='bbox 358 1107 404 1136; x_wconf 90' lang='lat' dir='ltr'>ut</span> <span class='ocrx_word' id='word_1_119' title='bbox 427 1098 567 1138; x_wconf 88' lang='lat' dir='ltr'>valeas.</span> 
     </span>
    </p>
   </div>
   <div class='ocr_carea' id='block_1_3' title="bbox 676 1298 1431 1348">
    <p class='ocr_par' dir='ltr' id='par_1_3' title="bbox 676 1298 1431 1348">
     <span class='ocr_line' id='line_1_15' title="bbox 676 1298 1431 1348; baseline 0.003 -13"><span class='ocrx_word' id='word_1_120' title='bbox 676 1298 945 1336; x_wconf 70' lang='lat' dir='ltr'>MARcus</span> <span class='ocrx_word' id='word_1_121' title='bbox 989 1298 1058 1348; x_wconf 76' lang='lat' dir='ltr'>Q</span> <span class='ocrx_word' id='word_1_122' title='bbox 1091 1298 1345 1338; x_wconf 76' lang='lat' dir='ltr'>FRATR1</span> <span class='ocrx_word' id='word_1_123' title='bbox 1392 1301 1431 1337; x_wconf 92' lang='lat' dir='ltr'>S.</span> 
     </span>
    </p>
   </div>
   <div class='ocr_carea' id='block_1_4' title="bbox 357 1423 1754 2583">
    <p class='ocr_par' dir='ltr' id='par_1_4' title="bbox 361 1423 1746 1498">
     <span class='ocr_line' id='line_1_16' title="bbox 361 1423 1746 1498; baseline 0.003 -34"><span class='ocrx_word' id='word_1_124' title='bbox 361 1426 435 1465; x_wconf 89' lang='lat' dir='ltr'>IX.</span> <span class='ocrx_word' id='word_1_125' title='bbox 460 1423 539 1498; x_wconf 86' lang='lat' dir='ltr'>D</span> <span class='ocrx_word' id='word_1_126' title='bbox 555 1425 589 1464; x_wconf 94' lang='lat' dir='ltr'>E</span> <span class='ocrx_word' id='word_1_127' title='bbox 621 1425 796 1464; x_wconf 87' lang='lat' dir='ltr'>Gabinio</span> <span class='ocrx_word' id='word_1_128' title='bbox 818 1424 920 1464; x_wconf 88' lang='lat' dir='ltr'>nihil</span> <span class='ocrx_word' id='word_1_129' title='bbox 949 1423 1030 1464; x_wconf 88' lang='lat' dir='ltr'>fuit</span> <span class='ocrx_word' id='word_1_130' title='bbox 1048 1424 1275 1465; x_wconf 87' lang='lat' dir='ltr'>faciendum</span> <span class='ocrx_word' id='word_1_131' title='bbox 1295 1426 1474 1472; x_wconf 80' lang='lat' dir='ltr'>istorum,</span> <span class='ocrx_word' id='word_1_132' title='bbox 1505 1441 1591 1480; x_wconf 89' lang='lat' dir='ltr'>quae</span> <span class='ocrx_word' id='word_1_133' title='bbox 1612 1441 1746 1467; x_wconf 87' lang='lat' dir='ltr'>aman-</span> 
     </span>
    </p>

    <p class='ocr_par' dir='ltr' id='par_1_5' title="bbox 357 1488 1754 2531">
     <span class='ocr_line' id='line_1_17' title="bbox 562 1488 1749 1543; baseline 0.003 -14"><span class='ocrx_word' id='word_1_134' title='bbox 562 1490 703 1529; x_wconf 88' lang='lat' dir='ltr'>tiffime</span> <span class='ocrx_word' id='word_1_135' title='bbox 722 1491 893 1543; x_wconf 89' lang='lat' dir='ltr'>cogitata</span> <span class='ocrx_word' id='word_1_136' title='bbox 912 1490 1016 1530; x_wconf 88' lang='lat' dir='ltr'>sunt.</span> <span class='ocrx_word' id='word_1_137' title='bbox 1047 1488 1125 1526; x_wconf 78' lang='grc' dir='ltr'>τότε</span> <span class='ocrx_word' id='word_1_138' title='bbox 1142 1489 1199 1539; x_wconf 75' lang='grc' dir='ltr'>μοὶ</span> <span class='ocrx_word' id='word_1_139' title='bbox 1217 1491 1327 1536; x_wconf 74' lang='grc' dir='ltr'><em>χάνοι.</em></span> <span class='ocrx_word' id='word_1_140' title='bbox 1369 1493 1463 1531; x_wconf 89' lang='lat' dir='ltr'>Feci</span> <span class='ocrx_word' id='word_1_141' title='bbox 1484 1492 1635 1533; x_wconf 88' lang='lat' dir='ltr'>summa</span> <span class='ocrx_word' id='word_1_142' title='bbox 1654 1508 1749 1534; x_wconf 90' lang='lat' dir='ltr'>cum</span> 
     </span>
     <span class='ocr_line' id='line_1_18' title="bbox 359 1555 1748 1614; baseline 0.004 -19"><span class='ocrx_word' id='word_1_143' title='bbox 359 1557 562 1609; x_wconf 83' lang='lat' dir='ltr'>gravitate,</span> <span class='ocrx_word' id='word_1_144' title='bbox 602 1565 647 1595; x_wconf 92' lang='lat' dir='ltr'>ut</span> <span class='ocrx_word' id='word_1_145' title='bbox 677 1570 814 1595; x_wconf 89' lang='lat' dir='ltr'>omnes</span> <span class='ocrx_word' id='word_1_146' title='bbox 845 1555 1034 1601; x_wconf 89' lang='lat' dir='ltr'>sentiunt,</span> <span class='ocrx_word' id='word_1_147' title='bbox 1064 1564 1103 1594; x_wconf 86' lang='lat' dir='ltr'>et</span> <span class='ocrx_word' id='word_1_148' title='bbox 1136 1555 1288 1594; x_wconf 89' lang='lat' dir='ltr'>summa</span> <span class='ocrx_word' id='word_1_149' title='bbox 1321 1571 1415 1597; x_wconf 89' lang='lat' dir='ltr'>cum</span> <span class='ocrx_word' id='word_1_150' title='bbox 1448 1559 1623 1606; x_wconf 86' lang='lat' dir='ltr'>lenitate,</span> <span class='ocrx_word' id='word_1_151' title='bbox 1661 1575 1748 1614; x_wconf 88' lang='lat' dir='ltr'>quae</span> 
     </span>
     <span class='ocr_line' id='line_1_19' title="bbox 359 1621 1745 1675; baseline 0.004 -15"><span class='ocrx_word' id='word_1_152' title='bbox 359 1621 452 1661; x_wconf 84' lang='lat' dir='ltr'>feci.</span> <span class='ocrx_word' id='word_1_153' title='bbox 499 1622 622 1661; x_wconf 91' lang='lat' dir='ltr'>Illum</span> <span class='ocrx_word' id='word_1_154' title='bbox 654 1636 781 1675; x_wconf 88' lang='lat' dir='ltr'>neque</span> <span class='ocrx_word' id='word_1_155' title='bbox 813 1621 903 1667; x_wconf 86' lang='lat' dir='ltr'>urfi,</span> <span class='ocrx_word' id='word_1_156' title='bbox 935 1635 1060 1674; x_wconf 88' lang='lat' dir='ltr'>neque</span> <span class='ocrx_word' id='word_1_157' title='bbox 1092 1621 1230 1661; x_wconf 91' lang='lat' dir='ltr'>levavi.</span> <span class='ocrx_word' id='word_1_158' title='bbox 1276 1624 1405 1662; x_wconf 88' lang='lat' dir='ltr'>Testis</span> <span class='ocrx_word' id='word_1_159' title='bbox 1426 1623 1636 1665; x_wconf 89' lang='lat' dir='ltr'>vehemens</span> <span class='ocrx_word' id='word_1_160' title='bbox 1657 1625 1745 1666; x_wconf 85' lang='lat' dir='ltr'>fui:</span> 
     </span>
     <span class='ocr_line' id='line_1_20' title="bbox 360 1686 1747 1742; baseline 0.004 -16"><span class='ocrx_word' id='word_1_161' title='bbox 360 1697 541 1741; x_wconf 87' lang='lat' dir='ltr'>praeterea</span> <span class='ocrx_word' id='word_1_162' title='bbox 570 1688 720 1740; x_wconf 89' lang='lat' dir='ltr'>quievi.</span> <span class='ocrx_word' id='word_1_163' title='bbox 766 1687 934 1726; x_wconf 84' lang='lat' dir='ltr'>Exitum</span> <span class='ocrx_word' id='word_1_164' title='bbox 950 1687 1094 1740; x_wconf 89' lang='lat' dir='ltr'>judicii</span> <span class='ocrx_word' id='word_1_165' title='bbox 1113 1686 1267 1727; x_wconf 88' lang='lat' dir='ltr'>foedum</span> <span class='ocrx_word' id='word_1_166' title='bbox 1287 1698 1326 1728; x_wconf 90' lang='lat' dir='ltr'>et</span> <span class='ocrx_word' id='word_1_167' title='bbox 1346 1691 1610 1742; x_wconf 88' lang='lat' dir='ltr'>perniciosum</span> <span class='ocrx_word' id='word_1_168' title='bbox 1631 1692 1747 1731; x_wconf 88' lang='lat' dir='ltr'>levis-</span> 
     </span>
     <span class='ocr_line' id='line_1_21' title="bbox 360 1752 1746 1808; baseline 0.003 -16"><span class='ocrx_word' id='word_1_169' title='bbox 360 1754 452 1792; x_wconf 76' lang='lat' dir='ltr'>sime</span> <span class='ocrx_word' id='word_1_170' title='bbox 473 1754 563 1792; x_wconf 91' lang='lat' dir='ltr'>tuli.</span> <span class='ocrx_word' id='word_1_171' title='bbox 607 1753 727 1805; x_wconf 86' lang='lat' dir='ltr'>Qod</span> <span class='ocrx_word' id='word_1_172' title='bbox 746 1753 909 1806; x_wconf 90' lang='lat' dir='ltr'>quidem</span> <span class='ocrx_word' id='word_1_173' title='bbox 929 1753 1082 1792; x_wconf 91' lang='lat' dir='ltr'>bonum</span> <span class='ocrx_word' id='word_1_174' title='bbox 1101 1752 1204 1792; x_wconf 82' lang='lat' dir='ltr'>mihi</span> <span class='ocrx_word' id='word_1_175' title='bbox 1225 1768 1331 1792; x_wconf 91' lang='lat' dir='ltr'>nunc</span> <span class='ocrx_word' id='word_1_176' title='bbox 1351 1755 1521 1808; x_wconf 89' lang='lat' dir='ltr'>denique</span> <span class='ocrx_word' id='word_1_177' title='bbox 1541 1757 1746 1804; x_wconf 85' lang='lat' dir='ltr'>redundat,</span> 
     </span>
     <span class='ocr_line' id='line_1_22' title="bbox 358 1819 1746 1874; baseline 0.003 -16"><span class='ocrx_word' id='word_1_178' title='bbox 358 1830 403 1859; x_wconf 90' lang='lat' dir='ltr'>ut</span> <span class='ocrx_word' id='word_1_179' title='bbox 421 1819 484 1859; x_wconf 90' lang='lat' dir='ltr'>his</span> <span class='ocrx_word' id='word_1_180' title='bbox 505 1820 619 1858; x_wconf 89' lang='lat' dir='ltr'>malis</span> <span class='ocrx_word' id='word_1_181' title='bbox 640 1819 881 1873; x_wconf 85' lang='lat' dir='ltr'>reipublicae,</span> <span class='ocrx_word' id='word_1_182' title='bbox 912 1820 1151 1872; x_wconf 88' lang='lat' dir='ltr'>licentiaque</span> <span class='ocrx_word' id='word_1_183' title='bbox 1170 1820 1392 1866; x_wconf 86' lang='lat' dir='ltr'>audacium,</span> <span class='ocrx_word' id='word_1_184' title='bbox 1424 1835 1502 1874; x_wconf 88' lang='lat' dir='ltr'>qua</span> <span class='ocrx_word' id='word_1_185' title='bbox 1525 1832 1613 1861; x_wconf 87' lang='lat' dir='ltr'>aute</span> <span class='ocrx_word' id='word_1_186' title='bbox 1634 1837 1746 1862; x_wconf 87' lang='lat' dir='ltr'>rum-</span> 
     </span>
     <span class='ocr_line' id='line_1_23' title="bbox 357 1884 1745 1939; baseline 0.004 -16"><span class='ocrx_word' id='word_1_187' title='bbox 357 1885 489 1938; x_wconf 86' lang='lat' dir='ltr'>pebar,</span> <span class='ocrx_word' id='word_1_188' title='bbox 521 1899 627 1923; x_wconf 90' lang='lat' dir='ltr'>nunc</span> <span class='ocrx_word' id='word_1_189' title='bbox 649 1898 697 1923; x_wconf 90' lang='lat' dir='ltr'>ne</span> <span class='ocrx_word' id='word_1_190' title='bbox 718 1898 874 1923; x_wconf 85' lang='lat' dir='ltr'>movear</span> <span class='ocrx_word' id='word_1_191' title='bbox 893 1885 1071 1937; x_wconf 88' lang='lat' dir='ltr'>quidem.</span> <span class='ocrx_word' id='word_1_192' title='bbox 1117 1884 1238 1923; x_wconf 86' lang='lat' dir='ltr'>Nihil</span> <span class='ocrx_word' id='word_1_193' title='bbox 1266 1886 1320 1924; x_wconf 88' lang='lat' dir='ltr'>est</span> <span class='ocrx_word' id='word_1_194' title='bbox 1343 1887 1450 1924; x_wconf 88' lang='lat' dir='ltr'>enim</span> <span class='ocrx_word' id='word_1_195' title='bbox 1472 1888 1662 1939; x_wconf 86' lang='lat' dir='ltr'>perditius</span> <span class='ocrx_word' id='word_1_196' title='bbox 1684 1888 1745 1928; x_wconf 85' lang='lat' dir='ltr'>his</span> 
     </span>
     <span class='ocr_line' id='line_1_24' title="bbox 357 1950 1747 2006; baseline 0.002 -16"><span class='ocrx_word' id='word_1_197' title='bbox 357 1950 605 1996; x_wconf 89' lang='lat' dir='ltr'>hominibus,</span> <span class='ocrx_word' id='word_1_198' title='bbox 636 1950 699 1989; x_wconf 88' lang='lat' dir='ltr'>his</span> <span class='ocrx_word' id='word_1_199' title='bbox 721 1950 982 2004; x_wconf 75' lang='lat' dir='ltr'>temporibuS.</span> <span class='ocrx_word' id='word_1_200' title='bbox 1024 1951 1161 2003; x_wconf 88' lang='lat' dir='ltr'>Itaque</span> <span class='ocrx_word' id='word_1_201' title='bbox 1181 1964 1230 1990; x_wconf 80' lang='lat' dir='ltr'>ex</span> <span class='ocrx_word' id='word_1_202' title='bbox 1250 1952 1453 2005; x_wconf 89' lang='lat' dir='ltr'>republica</span> <span class='ocrx_word' id='word_1_203' title='bbox 1472 1955 1661 2006; x_wconf 89' lang='lat' dir='ltr'>quoniam</span> <span class='ocrx_word' id='word_1_204' title='bbox 1682 1956 1747 1993; x_wconf 92' lang='lat' dir='ltr'>ni-</span> 
     </span>
     <span class='ocr_line' id='line_1_25' title="bbox 358 2015 1748 2070; baseline 0.004 -16"><span class='ocrx_word' id='word_1_205' title='bbox 358 2015 418 2055; x_wconf 90' lang='lat' dir='ltr'>hil</span> <span class='ocrx_word' id='word_1_206' title='bbox 433 2018 516 2070; x_wconf 87' lang='lat' dir='ltr'>jam</span> <span class='ocrx_word' id='word_1_207' title='bbox 537 2017 750 2070; x_wconf 89' lang='lat' dir='ltr'>voluptatis</span> <span class='ocrx_word' id='word_1_208' title='bbox 772 2017 859 2070; x_wconf 87' lang='lat' dir='ltr'>capi</span> <span class='ocrx_word' id='word_1_209' title='bbox 878 2016 1030 2070; x_wconf 77' lang='lat' dir='ltr'>potest3</span> <span class='ocrx_word' id='word_1_210' title='bbox 1063 2030 1134 2054; x_wconf 91' lang='lat' dir='ltr'>cur</span> <span class='ocrx_word' id='word_1_211' title='bbox 1153 2017 1386 2063; x_wconf 88' lang='lat' dir='ltr'>stomacher,</span> <span class='ocrx_word' id='word_1_212' title='bbox 1418 2019 1562 2059; x_wconf 88' lang='lat' dir='ltr'>nescio.</span> <span class='ocrx_word' id='word_1_213' title='bbox 1606 2021 1748 2060; x_wconf 87' lang='lat' dir='ltr'>Literae</span> 
     </span>
     <span class='ocr_line' id='line_1_26' title="bbox 359 2081 1750 2140; baseline 0.004 -20"><span class='ocrx_word' id='word_1_214' title='bbox 359 2095 437 2127; x_wconf 88' lang='lat' dir='ltr'>me,</span> <span class='ocrx_word' id='word_1_215' title='bbox 467 2092 506 2121; x_wconf 88' lang='lat' dir='ltr'>ct</span> <span class='ocrx_word' id='word_1_216' title='bbox 526 2081 650 2120; x_wconf 92' lang='lat' dir='ltr'>studia</span> <span class='ocrx_word' id='word_1_217' title='bbox 671 2082 810 2129; x_wconf 87' lang='lat' dir='ltr'>nostra,</span> <span class='ocrx_word' id='word_1_218' title='bbox 841 2092 879 2121; x_wconf 91' lang='lat' dir='ltr'>et</span> <span class='ocrx_word' id='word_1_219' title='bbox 899 2083 1043 2127; x_wconf 90' lang='lat' dir='ltr'>otium,</span> <span class='ocrx_word' id='word_1_220' title='bbox 1064 2082 1248 2135; x_wconf 84' lang='lat' dir='ltr'>villaeque</span> <span class='ocrx_word' id='word_1_221' title='bbox 1267 2083 1474 2130; x_wconf 75' lang='lat' dir='ltr'>delectant,</span> <span class='ocrx_word' id='word_1_222' title='bbox 1497 2087 1750 2140; x_wconf 83' lang='lat' dir='ltr'>maximeque</span> 
     </span>
     <span class='ocr_line' id='line_1_27' title="bbox 359 2148 1748 2201; baseline 0.004 -16"><span class='ocrx_word' id='word_1_223' title='bbox 359 2149 470 2199; x_wconf 88' lang='lat' dir='ltr'>pueri</span> <span class='ocrx_word' id='word_1_224' title='bbox 501 2148 635 2187; x_wconf 88' lang='lat' dir='ltr'>nostri.</span> <span class='ocrx_word' id='word_1_225' title='bbox 682 2149 810 2201; x_wconf 87' lang='lat' dir='ltr'>Angit</span> <span class='ocrx_word' id='word_1_226' title='bbox 840 2162 941 2187; x_wconf 91' lang='lat' dir='ltr'>unus</span> <span class='ocrx_word' id='word_1_227' title='bbox 963 2149 1070 2187; x_wconf 89' lang='lat' dir='ltr'>Milo</span> <span class='ocrx_word' id='word_1_228' title='bbox 1089 2163 1098 2187; x_wconf 91' lang='lat'><strong>:</strong></span> <span class='ocrx_word' id='word_1_229' title='bbox 1131 2148 1195 2186; x_wconf 88' lang='lat' dir='ltr'>sed</span> <span class='ocrx_word' id='word_1_230' title='bbox 1216 2149 1334 2187; x_wconf 90' lang='lat' dir='ltr'>velim</span> <span class='ocrx_word' id='word_1_231' title='bbox 1356 2150 1476 2188; x_wconf 87' lang='lat' dir='ltr'>finem</span> <span class='ocrx_word' id='word_1_232' title='bbox 1497 2151 1629 2189; x_wconf 86' lang='lat' dir='ltr'>afferat</span> <span class='ocrx_word' id='word_1_233' title='bbox 1650 2166 1748 2190; x_wconf 89' lang='lat' dir='ltr'>con-</span> 
     </span>
     <span class='ocr_line' id='line_1_28' title="bbox 361 2212 1746 2267; baseline 0.003 -16"><span class='ocrx_word' id='word_1_234' title='bbox 361 2212 534 2259; x_wconf 85' lang='lat' dir='ltr'>sulatus;</span> <span class='ocrx_word' id='word_1_235' title='bbox 557 2214 598 2252; x_wconf 89' lang='lat' dir='ltr'>in</span> <span class='ocrx_word' id='word_1_236' title='bbox 619 2228 699 2267; x_wconf 90' lang='lat' dir='ltr'>quo</span> <span class='ocrx_word' id='word_1_237' title='bbox 719 2215 843 2253; x_wconf 88' lang='lat' dir='ltr'>enitar</span> <span class='ocrx_word' id='word_1_238' title='bbox 862 2228 942 2253; x_wconf 89' lang='lat' dir='ltr'>non</span> <span class='ocrx_word' id='word_1_239' title='bbox 963 2215 1112 2259; x_wconf 87' lang='lat' dir='ltr'>minus,</span> <span class='ocrx_word' id='word_1_240' title='bbox 1134 2228 1253 2266; x_wconf 86' lang='lat' dir='ltr'>quam</span> <span class='ocrx_word' id='word_1_241' title='bbox 1274 2215 1360 2254; x_wconf 84' lang='lat' dir='ltr'>sum</span> <span class='ocrx_word' id='word_1_242' title='bbox 1381 2216 1507 2254; x_wconf 84' lang='lat' dir='ltr'>enisus</span> <span class='ocrx_word' id='word_1_243' title='bbox 1530 2218 1570 2254; x_wconf 91' lang='lat' dir='ltr'>in</span> <span class='ocrx_word' id='word_1_244' title='bbox 1591 2217 1746 2263; x_wconf 77' lang='lat' dir='ltr'>nostro3</span> 
     </span>
     <span class='ocr_line' id='line_1_29' title="bbox 361 2279 1751 2335; baseline 0.003 -18"><span class='ocrx_word' id='word_1_245' title='bbox 361 2287 482 2331; x_wconf 88' lang='lat' dir='ltr'>tuque</span> <span class='ocrx_word' id='word_1_246' title='bbox 503 2279 630 2325; x_wconf 87' lang='lat' dir='ltr'>istinc,</span> <span class='ocrx_word' id='word_1_247' title='bbox 662 2281 768 2333; x_wconf 91' lang='lat' dir='ltr'>quod</span> <span class='ocrx_word' id='word_1_248' title='bbox 789 2280 901 2327; x_wconf 91' lang='lat' dir='ltr'>facis,</span> <span class='ocrx_word' id='word_1_249' title='bbox 932 2281 1148 2333; x_wconf 89' lang='lat' dir='ltr'>adjuvabis.</span> <span class='ocrx_word' id='word_1_250' title='bbox 1185 2282 1246 2319; x_wconf 90' lang='lat' dir='ltr'>De</span> <span class='ocrx_word' id='word_1_251' title='bbox 1267 2283 1347 2333; x_wconf 78' lang='lat' dir='ltr'>quo</span> <span class='ocrx_word' id='word_1_252' title='bbox 1368 2291 1503 2320; x_wconf 86' lang='lat' dir='ltr'>caetera</span> <span class='ocrx_word' id='word_1_253' title='bbox 1525 2283 1614 2334; x_wconf 85' lang='lat' dir='ltr'>(nifi</span> <span class='ocrx_word' id='word_1_254' title='bbox 1635 2283 1751 2335; x_wconf 89' lang='lat' dir='ltr'>plane</span> 
     </span>
     <span class='ocr_line' id='line_1_30' title="bbox 361 2340 1751 2398; baseline 0.002 -15"><span class='ocrx_word' id='word_1_255' title='bbox 361 2347 419 2384; x_wconf 81' lang='lat' dir='ltr'>vis</span> <span class='ocrx_word' id='word_1_256' title='bbox 440 2345 645 2398; x_wconf 87' lang='lat' dir='ltr'>eripuerit)</span> <span class='ocrx_word' id='word_1_257' title='bbox 668 2350 767 2385; x_wconf 56' lang='lat' dir='ltr'>reete</span> <span class='ocrx_word' id='word_1_258' title='bbox 789 2347 877 2386; x_wconf 90' lang='lat' dir='ltr'>sunt</span> <span class='ocrx_word' id='word_1_259' title='bbox 895 2367 906 2393; x_wconf 68' lang='grc' dir='ltr'><strong><em>ς</em></strong></span> <span class='ocrx_word' id='word_1_260' title='bbox 929 2347 976 2385; x_wconf 90' lang='lat' dir='ltr'>de</span> <span class='ocrx_word' id='word_1_261' title='bbox 997 2361 1036 2385; x_wconf 90' lang='lat' dir='ltr'>re</span> <span class='ocrx_word' id='word_1_262' title='bbox 1057 2346 1242 2386; x_wconf 87' lang='lat' dir='ltr'>familiari</span> <span class='ocrx_word' id='word_1_263' title='bbox 1264 2348 1400 2385; x_wconf 88' lang='lat' dir='ltr'>timeo.</span> <span class='ocrx_word' id='word_1_264' title='bbox 1432 2345 1466 2382; x_wconf 82' lang='lat' dir='ltr'>‘o</span> <span class='ocrx_word' id='word_1_265' title='bbox 1483 2340 1516 2383; x_wconf 53' lang='grc' dir='ltr'>δῖ</span> <span class='ocrx_word' id='word_1_266' title='bbox 1534 2345 1688 2394; x_wconf 67' lang='grc' dir='ltr'>μαίνεται</span> <span class='ocrx_word' id='word_1_267' title='bbox 1706 2347 1751 2386; x_wconf 72' lang='grc' dir='ltr'>ἐκ</span> 
     </span>
     <span class='ocr_line' id='line_1_31' title="bbox 361 2406 1752 2464; baseline 0.007 -21"><span class='ocrx_word' id='word_1_268' title='bbox 361 2406 403 2445; x_wconf 77' lang='grc' dir='ltr'>ἔτ’</span> <span class='ocrx_word' id='word_1_269' title='bbox 424 2406 577 2455; x_wconf 63' lang='grc' dir='ltr'>ἀνεκτῶς,</span> <span class='ocrx_word' id='word_1_270' title='bbox 608 2411 678 2462; x_wconf 86' lang='lat' dir='ltr'>qui</span> <span class='ocrx_word' id='word_1_271' title='bbox 709 2412 823 2450; x_wconf 91' lang='lat' dir='ltr'>ludos</span> <span class='ocrx_word' id='word_1_272' title='bbox 856 2414 949 2451; x_wconf 91' lang='lat' dir='ltr'>H-S</span> <span class='ocrx_word' id='word_1_273' title='bbox 985 2425 1066 2451; x_wconf 89' lang='lat' dir='ltr'>ccc</span> <span class='ocrx_word' id='word_1_274' title='bbox 1101 2422 1315 2464; x_wconf 85' lang='lat' dir='ltr'>comparet.</span> <span class='ocrx_word' id='word_1_275' title='bbox 1365 2413 1491 2464; x_wconf 84' lang='lat' dir='ltr'>Cujus</span> <span class='ocrx_word' id='word_1_276' title='bbox 1512 2412 1551 2450; x_wconf 88' lang='lat' dir='ltr'>in</span> <span class='ocrx_word' id='word_1_277' title='bbox 1574 2411 1650 2450; x_wconf 93' lang='lat' dir='ltr'>hoc</span> <span class='ocrx_word' id='word_1_278' title='bbox 1672 2426 1752 2453; x_wconf 93' lang='lat' dir='ltr'>uno</span> 
     </span>
     <span class='ocr_line' id='line_1_32' title="bbox 360 2474 1754 2531; baseline 0.004 -19"><span class='ocrx_word' id='word_1_279' title='bbox 360 2474 684 2514; x_wconf 73' lang='lat' dir='ltr'>considerantiam</span> <span class='ocrx_word' id='word_1_280' title='bbox 706 2486 745 2515; x_wconf 89' lang='lat' dir='ltr'>et</span> <span class='ocrx_word' id='word_1_281' title='bbox 764 2491 837 2531; x_wconf 86' lang='lat' dir='ltr'>ego</span> <span class='ocrx_word' id='word_1_282' title='bbox 858 2477 1069 2523; x_wconf 90' lang='lat' dir='ltr'>sustinebo,</span> <span class='ocrx_word' id='word_1_283' title='bbox 1101 2487 1144 2516; x_wconf 93' lang='lat' dir='ltr'>ut</span> <span class='ocrx_word' id='word_1_284' title='bbox 1164 2487 1316 2531; x_wconf 87' lang='lat' dir='ltr'>potero,</span> <span class='ocrx_word' id='word_1_285' title='bbox 1338 2489 1391 2523; x_wconf 89' lang='lat' dir='ltr'>et,</span> <span class='ocrx_word' id='word_1_286' title='bbox 1415 2488 1458 2516; x_wconf 88' lang='lat' dir='ltr'>tu</span> <span class='ocrx_word' id='word_1_287' title='bbox 1480 2487 1523 2515; x_wconf 90' lang='lat' dir='ltr'>ut</span> <span class='ocrx_word' id='word_1_288' title='bbox 1543 2478 1673 2531; x_wconf 68' lang='lat' dir='ltr'>possm,</span> <span class='ocrx_word' id='word_1_289' title='bbox 1699 2480 1754 2518; x_wconf 87' lang='lat' dir='ltr'>est</span> 
     </span>
    </p>

    <p class='ocr_par' dir='ltr' id='par_1_6' title="bbox 1382 2545 1453 2583">
     <span class='ocr_line' id='line_1_33' title="bbox 1382 2545 1453 2583; baseline -0.014 0"><span class='ocrx_word' id='word_1_290' title='bbox 1382 2545 1399 2583; x_wconf 94' lang='lat' dir='ltr'>I</span> <span class='ocrx_word' id='word_1_291' title='bbox 1432 2557 1453 2582; x_wconf 86' lang='lat'><strong>2</strong></span> 
     </span>
    </p>
   </div>
  </div>
 </body>
</html>
