2335 3009
513 209 593 248 104
965 193 1453 234 EPISTOLAE

511 293 581 332 nisi
604 292 746 332 Caesari
768 290 986 329 octaviano
1005 290 1100 328 deus
1122 290 1286 343 quidam
1314 290 1424 328 illam
1455 298 1631 329 mentem
1658 289 1833 338 dediffet‚
1864 292 1908 331 in

510 359 742 412 potestatem
763 356 1011 411 perditiffimi
1037 355 1212 394 hominis
1234 365 1272 394 et
1294 356 1519 409 turpissimi,
1551 357 1600 395 M
1621 358 1806 404 Antonii,
1837 371 1906 396 ve-

511 425 703 464 niendum
726 423 874 468 fuerit3
906 435 1122 476 quo-cum,
1153 422 1276 467 vides,
1307 421 1385 460 hoc
1415 431 1591 476 tempore
1612 423 1696 477 ipso
1716 424 1823 477 quod
1844 424 1906 470 fit,

511 501 787 545 quantumque
820 499 1034 528 certamen.
1080 488 1126 527 Id
1161 487 1338 541 profecto
1372 489 1531 528 nullum
1565 489 1671 536 effer,
1713 491 1784 529 nisi
1819 500 1909 530 tum

511 557 759 596 conservatus
779 555 870 594 esset
891 555 1108 593 Antonius.
1155 554 1228 592 Sed
1259 553 1341 592 haec
1371 555 1531 593 omitto.
1577 556 1658 594 Res
1687 557 1794 594 enim
1825 570 1846 594 a
1870 566 1908 595 te

511 623 616 676 gesta
635 621 904 661 memorabilis
925 629 964 658 et
984 633 1083 673 pene
1104 619 1263 657 caelestis
1285 619 1442 672 repellit
1471 633 1608 658 omnes
1638 611 1906 674 reprehensio-

511 702 609 734 nes3
642 689 790 741 quippe
821 700 909 739 quae
940 699 990 724 ne
1021 685 1135 723 laude
1166 685 1329 738 quidem
1362 685 1451 724 satis
1478 685 1618 724 idonea
1646 687 1749 725 affici
1775 687 1905 740 poffit.

513 753 694 793 Extitisti
715 766 840 806 nuper
861 752 974 791 vultu
997 751 1125 790 severo
1143 765 1153 789 ι
1185 752 1420 797 exercitum,
1442 752 1591 804 copias,
1623 751 1796 805 legiones
1817 752 1907 791 ido—

514 832 618 864 neas,
650 833 718 872 per
739 828 776 857 te
799 818 905 856 brevi
935 827 1111 870 tempore
1137 816 1383 871 comparasti.
1430 817 1502 856 Dii
1534 817 1806 856 immortales!
1838 819 1910 871 qui

512 885 584 924 ille
603 886 783 930 nuntius,
814 898 902 937 quae
928 884 1006 922 illae
1026 883 1163 929 literae,
1194 897 1281 936 quae
1301 882 1440 922 laetitia
1458 883 1628 929 senatus,
1659 897 1746 937 quae
1765 884 1907 922 alacri-

512 960 570 989 tas
592 951 764 989 civitatis
783 960 863 989 erat
880 950 887 988 !
913 948 1032 989 Nihil
1053 957 1230 1002 unquam
1250 949 1332 987 vidi
1353 958 1434 988 tam
1454 950 1638 987 omnium
1659 949 1910 988 consenfione

512 1016 732 1055 laudatum.
765 1017 860 1054 Erat
879 1015 1099 1068 expectatio
1119 1015 1376 1067 reliquiarum
1395 1014 1580 1060 Antonii,
1612 1027 1732 1067 quem
1752 1015 1909 1068 equita·-

514 1091 557 1120 tu
579 1082 881 1134 legionibusque
902 1094 1045 1133 magna
1062 1093 1112 1118 ex
1132 1089 1241 1133 parte
1267 1080 1477 1133 spoliaras:
1510 1086 1553 1118 ea
1583 1093 1744 1134 quoque
1769 1079 1912 1120 habuit

512 1148 668 1186 exitum
695 1147 928 1199 optabilem.
975 1147 1084 1185 Nam
1116 1155 1193 1184 tuae
1225 1145 1362 1191 literae,
1393 1159 1480 1198 quae
1510 1146 1679 1185 recitatae
1705 1147 1747 1185 in
1777 1147 1911 1186 senatu

513 1213 618 1259 sunt,
649 1222 688 1251 et
709 1212 956 1265 imperatoris
977 1211 1202 1256 confilium,
1228 1221 1267 1249 et
1286 1212 1466 1250 militum
1487 1211 1691 1258 virtutem,
1713 1222 1752 1251 et
1772 1213 1910 1251 indus-

514 1280 631 1318 triam
651 1289 828 1324 tuorum‚
860 1279 902 1316 in
934 1277 1081 1331 quibus
1109 1278 1315 1316 Ciceronis
1347 1278 1442 1323 mei,
1474 1277 1687 1318 declarant.
1731 1279 1852 1331 Qod
1882 1279 1911 1318 fi

514 1346 593 1383 tuis
615 1343 817 1397 placuiffet
837 1342 884 1381 de
904 1341 967 1381 his
987 1342 1113 1381 literis
1134 1341 1284 1388 referri,
1305 1351 1344 1381 et
1365 1343 1436 1381 nifi
1456 1343 1498 1381 in
1520 1352 1677 1397 tempus
1699 1345 1911 1383 turbulen-

514 1410 708 1449 tissimum
741 1408 827 1462 post
860 1407 1065 1447 discessum
1105 1407 1236 1446 Pansae
1275 1408 1447 1447 consulis
1487 1409 1738 1456 incidissent,
1783 1409 1912 1450 honos

514 1489 674 1529 quoque
707 1474 836 1528 justus
874 1483 914 1514 et
952 1474 1109 1513 debitus
1147 1474 1222 1513 diis
1262 1475 1556 1514 immortalibus
1591 1475 1770 1515 decretus
1805 1477 1912 1516 effer.

515 1543 622 1581 Ecce
650 1541 726 1580 tibi
756 1540 817 1579 Id.
847 1540 979 1593 April.
1008 1539 1164 1578 advolat
1195 1553 1309 1578 mane
1340 1540 1443 1579 celer
1475 1540 1602 1586 Pilus,
1633 1542 1704 1594 qui
1736 1542 1822 1580 vir!
1855 1543 1913 1581 dii

516 1608 628 1654 boni,
659 1621 779 1660 quam
813 1607 967 1660 gravis!
1001 1620 1121 1660 quam
1154 1606 1361 1645 constans!
1394 1620 1514 1660 quam
1546 1608 1741 1646 bonarum
1773 1609 1813 1646 in
1850 1622 1912 1647 re-

516 1673 678 1727 publica
698 1673 871 1726 partium
891 1673 898 1710 !
934 1673 1017 1711 Hic
1038 1672 1218 1725 epistolas
1238 1672 1351 1711 affert
1371 1673 1480 1718 duas,
1503 1686 1623 1711 unam
1645 1683 1713 1712 tuo
1734 1675 1913 1721 nomine,

516 1740 678 1778 alteram
700 1739 898 1777 Antonii:
931 1739 996 1777 dat
1022 1739 1187 1777 Servi-lio
1217 1739 1379 1778 tribuno
1411 1739 1568 1792 plebis;
1601 1739 1669 1778 ille
1702 1741 1883 1780 Cornuto
1901 1756 1913 1780 :

518 1807 733 1845 recitantur
753 1805 793 1843 in
816 1805 963 1844 senatu.
1008 1806 1256 1844 Amomus
1292 1805 1484 1844 Pnocos.
1519 1819 1660 1858 magna
1690 1806 1912 1853 admiratio,

517 1882 562 1911 ut
583 1873 609 1910 fi
629 1872 720 1911 esset
742 1871 965 1918 recitatum,
999 1873 1294 1911 DOLABELLA
1322 1873 1627 1919 IMPERATOR,
1658 1886 1678 1911 a
1709 1887 1790 1927 quo
1819 1875 1912 1927 qui-

516 1938 608 1977 dem
629 1947 814 1976 venerant
836 1938 1053 1977 tabellarii:
1078 1938 1140 1976 sed
1163 1952 1279 1977 nemo
1301 1939 1379 1977 Pili
1400 1938 1552 1984 similis,
1575 1939 1644 1992 qui
1667 1938 1840 1992 proferre
1862 1941 1913 1978 li-

517 2014 617 2043 teras
637 2004 809 2050 auderet,
842 2014 908 2042 aut
930 2003 1218 2057 magistratibus
1241 2004 1413 2044 reddere.
1445 2006 1545 2043 Tuae
1567 2006 1795 2051 recitantur,
1824 2006 1914 2044 bre-

517 2085 582 2110 ves
603 2071 680 2110 illa:
701 2072 878 2124 quidem,
903 2071 965 2109 sed
986 2071 1026 2110 in
1051 2071 1274 2110 Antonium
1296 2071 1511 2110 admodum
1533 2072 1654 2111 lenes.
1686 2071 1914 2111 Vehemen-

518 2147 577 2177 ter
597 2138 809 2176 admiratus
833 2137 999 2176 senatus.
1042 2137 1151 2176 Mihi
1173 2148 1303 2177 autem
1326 2153 1403 2177 non
1425 2149 1505 2177 erat
1526 2139 1784 2192 explicatum,
1816 2139 1914 2192 quid

519 2219 688 2257 agerem.
723 2204 849 2243 Falsas
871 2204 1041 2243 dicerem
1062 2206 1074 2242 ?
1106 2205 1218 2258 quid,
1252 2205 1276 2243 si
1300 2215 1342 2243 tu
1362 2219 1422 2243 cas
1444 2205 1686 2259 approball'cs
1706 2207 1718 2243 ?
1752 2206 1913 2245 Confir-

521 2273 700 2309 marcm?
746 2285 823 2309 non
858 2281 938 2309 crat
972 2271 1176 2324 dignitatis
1213 2281 1302 2310 tuae.
1353 2273 1489 2325 Itaque
1525 2272 1591 2310 illc
1626 2273 1707 2310 dics
1744 2273 1913 2312 mentio.

521 2337 709 2374 Postridie
731 2347 861 2374 autern
884 2351 977 2375 cum
1000 2338 1123 2375 sermo
1145 2337 1428 2383 increbruissct,
1464 2338 1649 2390 Pilusque
1676 2339 1812 2377 oculos
1846 2353 1913 2377 ve·

520 2402 746 2441 hemcntius
769 2402 979 2441 hominum
1001 2402 1235 2449 offendisset,
1255 2413 1388 2442 natum
1411 2405 1576 2442 omnino
1596 2405 1647 2443 est
1672 2405 1915 2458 principium

521 2482 542 2507 a
576 2483 654 2508 me.
707 2470 768 2507 De
803 2470 1036 2522 proconsule
1071 2472 1250 2510 Antonio
1284 2471 1438 2511 multa:
1486 2472 1640 2511 Sextius
1680 2471 1800 2511 causae
1836 2484 1914 2510 non
