2335 3009
630 187 743 235 A15
787 192 1307 234 11E1QEIQPJItJN1
1364 193 1500 235 LIB.
1551 196 1584 235 L

404 301 487 325 cum
518 289 732 326 narratione:
772 299 806 325 et
837 289 934 337 quod
968 300 1080 336 neque

405 339 626 380 benevolum,
655 350 765 385 neque
781 339 942 381 docilem,
968 350 1079 385 neque

404 397 589 428 attentum,
606 386 690 421 facit
707 387 909 422 auditorem.
948 387 1003 421 De
1019 399 1077 421 ex-

402 435 502 470 ordio
517 435 593 470 satis
610 435 743 470 dietum
760 435 829 470 est:
855 435 1015 482 deinceps
1034 435 1077 470 ad

403 483 629 518 narrationem
648 484 864 519 transeamus.

453 532 552 566 VIII.
575 532 827 568 Narrationum
842 532 906 567 tria
924 531 1002 567 sunt
1018 544 1075 579 ge-

400 592 490 615 nera.
532 581 670 623 Unum,
689 593 761 628 quo
778 582 985 629 exponimus
1004 593 1074 616 rem

400 629 541 676 gestam,
559 640 593 664 et
611 630 891 677 unumquodque
907 629 1075 664 trahimus

400 677 443 712 ad
483 678 666 713 utilitatem
707 679 866 720 nostram,
913 678 1074 713 vincendi

400 726 518 761 causa:
539 728 635 774 quod
654 728 800 774 pertinet
814 727 856 762 ad
873 739 927 761 eas
946 727 1073 769 causas,

398 775 442 809 de
467 775 597 822 quibus
619 774 794 822 judicium
824 775 985 810 futurum
1012 776 1070 811 est.

399 824 561 859 Alterum
607 836 714 871 genus
761 824 961 859 narrationis
1011 825 1071 868 est,

398 873 497 918 quod
523 873 717 908 intercurrit
743 885 994 920 nonnunquam
1013 883 1073 908 aut

399 921 490 964 fidei,
518 933 576 956 aut
593 922 853 964 criminationis,
877 932 936 956 aut
952 923 1070 957 transi-

398 969 514 1012 tionis,
555 981 613 1005 aut
646 970 791 1018 alicujus
825 971 1069 1018 apparationis,

400 1019 456 1053 vel
486 1019 707 1062 laudationis,
742 1019 850 1055 causa.
908 1020 1070 1054 Tertium

398 1079 507 1114 genus
531 1068 579 1103 est
606 1069 652 1110 id,
679 1069 776 1115 quod
803 1080 822 1102 a
850 1068 949 1103 causa
977 1067 1071 1103 civili

400 1126 571 1151 remotum
589 1117 636 1151 est
653 1131 660 1151 :
690 1118 723 1152 in
750 1129 824 1164 quo
848 1128 960 1152 tamen
977 1129 1071 1151 exer-

398 1165 465 1199 ceri
485 1166 656 1207 convenit,
669 1178 743 1212 quo
760 1166 978 1200 commodius
998 1166 1070 1201 illas

399 1213 586 1261 superiores
632 1215 838 1249 narrationes
875 1215 918 1248 in
963 1215 1070 1249 causis

399 1263 541 1298 tranare
557 1264 732 1310 possimus.
764 1262 852 1309 Ejus
870 1263 1070 1297 narrationis

397 1311 469 1346 duo
486 1311 562 1346 sunt
587 1323 734 1358 genera:
763 1323 885 1353 unum,
912 1312 1009 1358 quod
1037 1311 1071 1345 in

397 1360 567 1407 negotiis,
596 1361 754 1401 alterum,
781 1360 879 1408 quod
906 1373 940 1395 in
958 1359 1069 1406 perso-

398 1409 463 1451 nis,
483 1410 633 1457 positum
656 1409 714 1444 est.
759 1409 811 1452 Id,
839 1409 963 1456 quod
956 1421 990 1444 in
1011 1421 1068 1443 ne-

396 1458 574 1505 gotiorum
598 1458 810 1512 expositione
833 1458 983 1506 positum
1009 1457 1068 1501 est,

398 1517 464 1542 tres
488 1506 591 1542 habet
617 1517 742 1555 partes,
768 1506 938 1550 fabulam,
966 1506 1068 1542 histo-

398 1555 505 1598 riam,
536 1567 788 1603 argumentum.
831 1556 967 1591 Fabula
1000 1555 1069 1598 est,

396 1616 479 1652 quae
506 1617 617 1659 neque
642 1617 751 1648 veras,
777 1616 889 1652 neque
907 1604 1062 1640 verisimi

396 1654 457 1696 les,
492 1654 646 1689 continet
680 1666 742 1696 res,
787 1665 826 1688 ut
865 1654 943 1696 hae,
988 1665 1070 1701 quae

396 1703 574 1750 tragoediis
611 1703 746 1738 traditae
772 1703 860 1738 sunt.
913 1703 1070 1738 Historia

394 1751 443 1786 est
461 1764 511 1787 res
529 1751 633 1799 gesta,
659 1751 714 1787 sed
740 1752 784 1787 ab
811 1751 922 1787 aetatis
945 1751 1069 1787 nostrae

395 1801 560 1836 memoria
589 1811 728 1836 remota.
781 1802 1066 1847 Argumentum,

393 1849 441 1885 est
459 1849 538 1885 ficta
562 1862 626 1892 res,
652 1862 735 1897 quae
761 1859 875 1885 tamen
900 1849 972 1884 fieri
1000 1861 1068 1897 po-

395 1899 475 1941 tuit,
510 1899 609 1934 velut
642 1908 843 1946 argumenta
875 1898 1066 1933 comoedia-

392 1959 481 1983 rum.
549 1948 641 1983 Illud
688 1960 796 1994 genus
841 1947 1064 1990 narrationis,

392 1997 489 2043 quod
515 1997 548 2032 in
567 1997 716 2045 personis
744 1996 895 2044 possum
920 1997 980 2039 est,
1007 1996 1066 2031 de-

394 2045 452 2080 bet
481 2045 605 2081 habere
642 2045 803 2081 sermonis
834 2044 1065 2100 festivitatem,

390 2094 586 2130 animorum
604 2094 926 2137 diffimilitudinem,
952 2094 1066 2141 gravi-

394 2152 511 2185 tatem,
549 2143 735 2186 lenitatem,
776 2144 880 2191 spem,
920 2154 1066 2186 metum,

393 2191 641 2238 suspicionem,
697 2193 900 2228 desiderium
916 2219 926 2234 ,
975 2192 1065 2227 diffi-

395 2240 646 2284 mulationern‚
686 2242 976 2284 misericordiam,
1017 2253 1066 2276 re—

397 2301 475 2324 rum
504 2289 693 2332 varietates,
727 2289 878 2326 fortunae
908 2302 1065 2326 commu-

394 2337 579 2379 tationem,
624 2338 829 2385 insperatum
870 2339 1064 2374 incommo-

394 2387 493 2429 dum,
537 2386 684 2421 subitam
729 2387 899 2429 laetitiam,
937 2387 1066 2434 jucun-

394 2435 480 2471 dum
502 2435 635 2470 exitum
660 2447 784 2472 rerum.
829 2437 961 2472 Verum
990 2436 1066 2472 haec

481 2533 615 2572 Tem.
650 2532 725 2572 IX.

1733 210 1805 251 153

1129 288 1163 324 in
1194 289 1383 324 exercendo
1412 290 1649 338 transigentur.
1693 291 1800 333 Illud,

1128 339 1226 385 quod
1250 339 1295 373 ad
1322 338 1499 374 veritatem
1527 340 1684 386 pertinet,
1712 352 1800 394 quo-

1128 387 1233 421 modo
1268 387 1402 422 tractari
1437 388 1631 432 conveniat,
1674 401 1801 436 aperie-

1128 447 1218 470 mus.

1176 485 1241 519 IX.
1281 484 1371 519 Tres
1400 486 1563 520 convenit
1596 497 1645 520 res
1676 484 1799 521 habere

1127 533 1366 574 narrationem,
1394 542 1433 567 ut
1460 533 1585 576 brevis,
1613 544 1652 568 ut
1673 534 1798 568 diluci-

1125 582 1180 624 da,
1208 592 1247 616 ut
1267 581 1454 616 verisimilis
1473 582 1536 616 sit:
1565 594 1647 629 quae
1672 583 1798 629 quoni-

1125 642 1179 664 am
1199 630 1269 665 fieri
1288 640 1446 677 oportere
1469 630 1604 673 scimus,
1631 632 1798 677 quemad-

1125 679 1269 714 modum
1300 678 1480 721 faciamus,
1519 679 1798 726 cognoscendum

1123 728 1181 762 est.
1226 729 1316 762 Rem
1343 727 1491 762 breviter
1513 740 1645 762 narrare
1671 727 1798 775 poteri-

1122 789 1214 818 mus,
1253 776 1277 811 fi
1308 776 1386 811 inde
1417 776 1620 824 incipiemus
1651 788 1796 818 narrare,

1122 825 1214 860 unde
1248 825 1374 860 neceffe
1407 825 1493 866 erit;
1530 835 1564 860 et
1597 826 1621 860 si
1652 837 1721 860 non
1751 826 1796 860 ab

1122 873 1248 908 ultimo
1267 873 1364 908 initio
1388 884 1536 921 repetere
1552 874 1735 915 volemum
1762 884 1797 909 et

1121 923 1145 958 fi
1180 922 1400 964 summatim,
1437 935 1506 957 non
1547 922 1795 970 particulatim,

1122 972 1361 1013 narrabimus·,
1397 981 1431 1006 et
1460 971 1484 1006 fi
1516 984 1584 1006 non
1612 971 1654 1006 ad
1684 981 1795 1007 extre-

1122 1033 1238 1062 mum,
1277 1020 1331 1055 sed
1366 1019 1474 1067 usque
1507 1033 1564 1063 eo,
1605 1032 1677 1067 quo
1707 1032 1797 1067 opus

1120 1069 1196 1111 erit,
1225 1069 1495 1116 prosequemur3
1522 1079 1557 1104 et
1585 1069 1609 1104 s1
1628 1069 1796 1104 transitio-

1122 1118 1225 1152 nibus
1261 1118 1363 1152 nullis
1398 1127 1560 1160 utemur·‚
1599 1127 1634 1152 et
1666 1117 1688 1152 si
1725 1129 1796 1153 non

1120 1166 1352 1201 deerrabimus
1377 1166 1420 1201 ab
1442 1178 1496 1204 eo,
1522 1166 1619 1213 quod
1647 1166 1795 1213 coeperi-

1121 1227 1198 1249 mus
1215 1227 1410 1262 exponere·,
1436 1225 1470 1249 et
1496 1214 1519 1249 sl
1545 1215 1657 1250 exitus
1681 1227 1795 1250 rerum

1121 1263 1168 1297 ita
1199 1275 1426 1310 exponemus,
1467 1273 1506 1298 ut
1541 1274 1618 1298 ante
1651 1276 1796 1310 quoque

1120 1324 1203 1358 quae
1222 1311 1312 1345 faeta
1335 1311 1424 1353 sunt,
1451 1311 1525 1346 sciri
1543 1313 1679 1359 possint,
1707 1322 1795 1347 tain-

1119 1360 1178 1395 etsi
1198 1372 1259 1395 nos
1278 1359 1523 1395 reticuerimus.
1544 1360 1654 1405 Quod
1673 1373 1795 1408 genus,

1120 1409 1145 1444 fi
1164 1409 1290 1451 dicam,
1318 1420 1372 1444 me
1388 1420 1430 1444 ex
1449 1408 1628 1464 provincia
1652 1410 1794 1452 rediisse,

1120 1457 1317 1506 profectum
1346 1470 1490 1506 quoque
1519 1457 1553 1493 in
1577 1458 1795 1506 provinciam

1120 1507 1341 1554 intelligatur.
1376 1507 1424 1542 Et
1440 1506 1584 1542 omnino
1601 1519 1670 1542 non
1688 1508 1796 1543 modo

1121 1556 1168 1599 id,
1183 1556 1280 1603 quod
1299 1556 1417 1598 obest,
1436 1555 1490 1591 sed
1507 1556 1611 1591 etiam
1630 1555 1677 1599 id,
1695 1557 1794 1603 quod

1121 1617 1232 1652 neque
1248 1605 1355 1647 obest,
1382 1617 1494 1652 neque
1510 1604 1664 1652 adjuvat,
1691 1605 1794 1641 satius

1120 1654 1167 1689 est
1197 1654 1381 1702 praeterire.
1423 1655 1472 1689 Et
1497 1666 1539 1689 ne
1568 1653 1620 1689 bis
1646 1663 1706 1689 aut
1728 1654 1791 1689 sae-

1119 1703 1198 1751 pius
1218 1703 1308 1737 idem
1325 1703 1493 1744 dicamus,
1508 1702 1703 1737 cavendum
1719 1703 1789 1737 est:

1118 1752 1221 1787 etiam
1236 1763 1277 1786 ne
1296 1751 1341 1793 id,
1357 1751 1454 1798 quod
1472 1751 1572 1786 semel
1590 1751 1690 1798 supra
1701 1751 1791 1786 dixi-

1116 1813 1208 1843 mus,
1222 1799 1382 1847 deinceps
1397 1799 1566 1842 dicamus,
1583 1799 1646 1835 hoc
1661 1800 1787 1835 modo:

1165 1849 1300 1886 Athenis
1316 1851 1491 1896 Megaram
1517 1848 1636 1895 vesperi
1658 1848 1791 1884 advenit

1216 1900 1320 1933 Simo:

1165 1947 1226 1983 Ubi
1243 1946 1374 1982 advenit
1389 1948 1576 1995 Iidegaram,
1599 1945 1724 1990 irfidias
1733 1945 1789 1992 fe-

1215 1997 1258 2030 cit
1275 1997 1399 2043 virgini
1413 2009 1425 2031 .·

1165 2044 1296 2090 Infidias
1310 2046 1466 2093 postquam
1474 2045 1567 2091 fecit,
1596 2046 1663 2080 vim
1680 2046 1712 2080 in
1729 2045 1789 2080 loco

1215 2095 1335 2130 attulit.

1117 2144 1208 2179 Rem
1239 2143 1390 2178 dilucide
1419 2142 1646 2185 narrabimus,
1680 2141 1716 2183 si,
1749 2150 1790 2176 ut

1115 2193 1273 2240 quidque
1302 2192 1455 2240 primum
1481 2191 1613 2238 gestum
1640 2190 1715 2232 erit,
1743 2190 1790 2225 ita

1116 2253 1270 2289 primum
1299 2252 1524 2288 exponemus,
1551 2249 1584 2273 et
1611 2250 1723 2273 rerum
1750 2250 1789 2274 ac

1117 2300 1315 2337 temporum
1328 2289 1483 2325 ordinem
1498 2287 1789 2328 coniervabimus.

1116 2349 1155 2374 ut
1173 2338 1275 2386 gestae
1294 2350 1344 2373 res
1361 2346 1474 2378 erunt,
1501 2346 1561 2371 aut
1588 2345 1627 2372 ut
1643 2336 1791 2384 potuiss‘e

1116 2388 1188 2435 geri
1208 2387 1431 2422 videbuntur.
1467 2385 1539 2420 Hic
1557 2385 1621 2420 erit
1638 2385 1790 2420 conside-

1118 2436 1278 2478 randum,
1317 2447 1359 2472 ne
1386 2433 1473 2483 quid
1502 2434 1712 2482 perturbate,
1752 2446 1792 2470 ne

1455 2531 1491 2569 V
