2241 2994
505 235 532 275 3
539 232 589 272 42

511 314 754 353 conscensurus
772 314 1054 363 proficisceretur.
1078 314 1186 350 Unde

512 364 695 412 aliquoties
739 365 773 399 in
825 364 934 398 altum
977 364 1183 410 provectum

510 425 592 449 cum
623 413 730 448 modo
761 412 856 447 venti
893 411 1022 447 adversi
1055 411 1185 447 retulis-

510 463 594 503 sent,
623 462 729 496 modo
758 461 826 508 ipse
846 459 1068 508 jactationem
1088 460 1185 496 navis

510 523 612 546 coeco
654 510 818 545 volvente
852 509 962 544 fluctu
1002 510 1074 556 pati
1114 521 1182 545 non

509 559 632 607 posset,
675 559 822 594 taedium
856 558 995 593 tandem
1036 570 1117 593 eum
1149 567 1183 592 et

509 607 609 655 fugae
631 618 666 643 et
694 608 778 643 vitae
808 608 923 655 cepit:
951 606 1184 654 regressusque

509 658 552 692 ad
575 657 781 704 superiorem
811 656 942 697 villam,
968 667 1050 702 quae
1077 655 1184 702 paulo

508 706 591 753 plus
621 706 716 740 mille
741 706 892 753 passibus
922 716 942 738 a
963 705 1047 738 mari
1078 703 1183 745 abest,

509 756 658 795 Moriar,
687 754 813 801 inquit,
839 755 873 787 in
901 755 1012 799 patria
1021 752 1106 799 saepe
1115 752 1184 798 ser-

508 811 604 838 vata.
633 803 815 838 Haerenus
833 801 918 837 Liv.

572 851 781 886 Plutarchus
815 862 898 886 vero
931 850 1002 886 ita:
1046 853 1071 870 “
1097 849 1184 884 Erat

512 904 538 921 “
556 900 680 936 Cicero
699 900 731 934 in
747 899 952 935 Tusculano
968 910 1051 934 cum
1066 898 1183 946 Qin-

510 953 536 970 “
557 958 594 984 to
637 948 750 984 fratre.
802 949 955 995 Cognita
987 959 1071 982 vero
1103 959 1184 995 pro-

509 1002 536 1018 “
553 997 748 1046 scriptione,
787 997 952 1032 Asturam
986 996 1021 1031 in
1056 995 1185 1031 mariti-

511 1051 536 1068 “
555 1059 653 1082 mum
680 1045 858 1081 Ciceronis
890 1045 1043 1081 fundum
1076 1044 1183 1092 profi-

508 1101 535 1117 “
553 1096 644 1138 cisci,
668 1104 771 1141 atque
788 1094 866 1129 inde
883 1095 919 1129 in
937 1092 1183 1129 Macedoniam

509 1149 535 1165 “
553 1145 596 1179 ad
622 1144 679 1179 M.
698 1144 860 1185 Brutum,
885 1143 930 1178 de
952 1141 1052 1189 cujus
1072 1141 1183 1177 vic’to-

510 1198 535 1214 “
555 1193 604 1228 ria
642 1192 711 1228 laeti
751 1204 906 1227 rumores
939 1191 1183 1234 afferebantur,

511 1247 536 1263 “
556 1241 695 1278 transire
713 1241 975 1277 constituerunt.
1014 1240 1184 1276 Fereban·

511 1296 537 1312 “
557 1301 614 1326 tur
632 1290 761 1326 lecticis
778 1289 927 1326 confecti
947 1301 1109 1332 maerore,
1135 1298 1186 1324 at-

511 1344 537 1361 “
555 1352 626 1387 que
654 1339 689 1374 in
713 1339 831 1374 itinere
855 1338 1069 1374 subsistentes
1081 1337 1185 1385 junc-

511 1394 538 1409 “
557 1389 601 1425 tis
619 1387 748 1424 lecticis
773 1388 860 1423 inter
887 1387 919 1423 se
944 1387 1060 1422 casum
1087 1386 1185 1422 suum

512 1442 537 1458 “
553 1437 792 1486 deplorabant.
832 1436 993 1485 Qintus
1010 1447 1094 1471 vero
1112 1447 1184 1470 ma-

512 1491 538 1507 “
555 1487 609 1534 gis
660 1486 851 1533 angebatur
901 1485 1030 1527 animo,
1082 1494 1186 1531 atque

511 1541 539 1557 “
558 1534 685 1582 inopiae
705 1535 754 1570 illi
777 1535 811 1569 in
832 1544 979 1570 mentem
999 1533 1156 1569 veniebat
1174 1547 1182 1568 :

512 1589 537 1606 ‘⁴
556 1584 643 1619 nihil
659 1583 751 1619 enim
777 1583 891 1619 secum
914 1583 944 1618 se
961 1583 1068 1618 domo
1084 1592 1184 1618 extu-

511 1638 537 1655 “
556 1633 626 1668 liffe
642 1633 802 1668 dicebat:
833 1633 959 1667 Marco
982 1631 1085 1667 etiarn
1111 1643 1185 1679 per-

511 1687 536 1704 “
554 1682 723 1729 exiguum
752 1680 920 1716 viaticum
949 1690 1044 1716 erat:
1084 1679 1186 1715 satius

511 1731 663 1778 “igitur
691 1730 756 1766 effe
785 1729 991 1771 affirmabat,
1019 1729 1185 1764 Marcum

511 1785 537 1802 “
554 1780 642 1827 fuga
666 1779 874 1821 antecedere,
901 1778 932 1815 se
961 1777 1186 1814 convasatum

511 1834 537 1851 “
555 1829 702 1864 domum
728 1839 907 1864 recurrere.
960 1828 1046 1863 Hoc
1074 1826 1185 1863 consi-

512 1879 603 1914 “lio
637 1877 799 1925 probato,
832 1877 1008 1925 complexi
1041 1876 1127 1912 inter
1155 1875 1186 1911 se

511 1932 537 1948 “
557 1926 744 1973 multisque
773 1926 934 1972 lacrymis
962 1924 1113 1974 profusis
1133 1925 1186 1960 di-

512 1977 654 2024 “grelli
690 1975 777 2011 sunt.
829 1974 990 2023 Qintus
1033 1987 1103 2010 non
1140 1974 1188 2009 ita

511 2030 538 2046 “
557 2024 676 2060 multis
693 2023 817 2059 diebus
834 2023 909 2070 post
937 2035 957 2057 a
979 2022 1081 2058 servis
1106 2035 1187 2071 pro-

512 2079 537 2094 ⁸‘
555 2073 649 2108 ditus
677 2071 939 2120 inquisitoribus
960 2083 1029 2107 una
1045 2083 1127 2107 cum
1147 2071 1187 2106 fi-

511 2129 537 2144 “
556 2123 605 2158 lio
621 2122 684 2158 suo
702 2119 900 2157 interfectus
916 2120 1001 2156 est.”
1035 2121 1087 2156 lta
1103 2120 1183 2168 qui·

511 2173 592 2209 dem
608 2171 652 2207 de
669 2172 725 2219 Q
739 2170 906 2206 Cicerone
923 2170 1144 2206 Plutarchus.

562 2219 752 2269 Appianus
779 2219 814 2255 in
842 2219 930 2255 hanc
960 2218 1184 2255 sententiam:

512 2275 538 2294 ‘⁴
558 2272 612 2318 Q
639 2269 764 2305 Cicero
798 2279 881 2304 cum
914 2267 989 2304 filio
1029 2279 1186 2316 compre-

514 2324 539 2341 “
558 2317 679 2355 hensus
699 2317 908 2365 percussores
923 2317 1058 2360 orabat,
1086 2327 1125 2352 ut
1157 2316 1187 2351 se

514 2375 538 2391 ·‘
558 2378 635 2403 ante
653 2367 766 2402 filium
785 2376 954 2402 necarent.
975 2366 1087 2415 Qod
1105 2378 1187 2401 cuni

514 2423 539 2438 ‘⁴
559 2417 650 2452 filius
674 2426 793 2451 contra
812 2415 884 2451 fieri
909 2414 1111 2457 obsecraret,
1138 2414 1187 2450 illi

512 2471 539 2490 ‘⁶
558 2466 590 2503 se
605 2477 726 2503 corum
751 2465 1019 2503 controversiam
1044 2476 1187 2517 compo-

826 219 892 258 M.
952 215 1007 258 T.
1068 216 1599 258 CICERONIS

1234 317 1259 334 “
1278 313 1402 349 fituros
1451 312 1625 347 dixerunt.
1685 310 1810 358 Itaque
1846 309 1905 347 alii

1234 367 1259 383 “
1279 363 1383 405 hunc,
1411 361 1468 396 alii
1497 362 1598 396 illum
1623 359 1821 406 arripientes
1847 371 1906 395 eo-

1235 415 1260 431 “
1278 411 1357 446 dem
1392 411 1489 457 signo
1523 409 1643 445 ambos
1678 409 1779 444 fimul
1812 409 1905 444 occi-

1233 464 1259 480 “
1276 459 1436 494 derunt.''

1282 508 1355 543 Dio
1373 508 1432 543 lib.
1452 507 1610 542 XLVII.
1637 506 1707 541 ita:
1736 510 1760 526 “
1779 505 1905 554 QCi-

1234 561 1259 577 “
1278 568 1435 591 ceronem
1470 556 1526 590 M.
1561 554 1700 590 fratrem
1737 555 1828 590 filius
1862 555 1908 590 de

1234 609 1258 625 “
1277 605 1391 639 medio
1421 603 1580 644 removit,
1605 613 1639 638 et
1668 613 1840 650 quantum
1870 604 1907 639 in

1234 659 1258 674 “
1278 653 1350 701 ipso
1366 652 1435 688 fuit
1453 653 1608 688 servavit.
1660 653 1756 687 Nam
1781 661 1816 686 et
1846 663 1906 698 pap

1234 707 1258 723 “
1277 712 1363 738 trern
1381 701 1585 743 occultavit,
1613 711 1652 736 ut
1674 700 1817 736 inveniri
1836 712 1908 736 non

1233 756 1259 772 “
1278 751 1398 799 poffet,
1423 761 1459 786 et
1480 763 1520 785 ea
1541 751 1584 785 de
1600 749 1699 784 causa
1726 750 1908 785 tormentis

1235 804 1260 821 “
1278 800 1442 835 omnibus
1475 799 1694 835 excruciatus
1737 798 1908 833 indicium

1234 853 1259 870 “¹
1278 849 1418 884 nullum
1434 847 1526 884 fecit.
1579 848 1646 884 Sed
1665 858 1773 895 pater,
1800 859 1834 882 re
1855 847 1908 882 in-

1234 903 1259 920 “
1278 898 1425 939 telle&a‚
1463 909 1543 932 cum
1575 896 1799 931 admiratione
1828 895 1907 938 filii,

1235 951 1260 967 “
1279 956 1355 982 tum
1373 946 1602 981 misericordia
1621 945 1791 980 adductus
1812 945 1908 980 ultro

1234 1000 1260 1016 “
1277 995 1420 1043 prodiit,
1447 994 1547 1042 seque
1568 993 1635 1042 ipse
1651 993 1908 1041 percussoribus

1233 1048 1258 1064 “
1277 1043 1456 1078 tradidit.”

1282 1092 1480 1127 Redeamus
1497 1103 1589 1126 nunc
1603 1091 1645 1126 ad
1665 1089 1906 1126 Plutarchum.

1233 1145 1260 1162 “
1276 1141 1412 1184 Cicero,
1437 1139 1553 1188 inquit
1570 1140 1638 1183 ille,
1665 1140 1830 1175 Asturam
1848 1141 1906 1176 de-

1234 1194 1259 1210 “
1277 1190 1380 1233 latus,
1408 1201 1542 1230 navem,
1561 1201 1668 1236 quam
1687 1189 1807 1224 nactus
1824 1188 1908 1232 fuit,

1236 1243 1261 1260 “
1279 1239 1394 1274 subito
1427 1238 1636 1281 conscendit,
1672 1247 1708 1273 et
1735 1249 1831 1274 oram
1859 1239 1907 1274 le-

1237 1293 1262 1309 “
1279 1299 1362 1335 gens
1388 1288 1564 1323 Circaeum
1582 1287 1690 1335 usque
1709 1297 1813 1322 vento
1830 1299 1907 1335 per-

1236 1341 1262 1357 “
1282 1336 1385 1373 venit.
1438 1336 1520 1372 Inde
1546 1335 1674 1371 solvere
1699 1335 1909 1383 gubernato-

1237 1390 1262 1407 “
1281 1397 1332 1421 res
1374 1397 1457 1421 cum
1494 1395 1663 1432 pararent,
1705 1385 1762 1419 vel
1803 1385 1909 1421 maris

1234 1438 1260 1456 “
1279 1445 1372 1470 metu
1400 1444 1593 1482 permotus,
1619 1434 1674 1469 vel
1698 1433 1841 1468 Caesaris
1866 1434 1909 1469 fi-

1236 1488 1261 1504 “
1277 1483 1356 1518 dem
1376 1496 1444 1518 non
1463 1483 1564 1529 plane
1582 1482 1774 1530 desperans,
1789 1482 1822 1517 in
1842 1492 1910 1518 tei·-

1234 1537 1259 1553 “
1279 1544 1350 1567 ram
1372 1532 1519 1580 egreffus
1546 1532 1594 1567 est
1613 1545 1620 1566 :
1647 1541 1682 1567 et
1703 1530 1811 1566 millia
1834 1531 1908 1579 pas-

1235 1585 1260 1602 “
1279 1584 1378 1617 (uum
1396 1593 1467 1617 xiii
1488 1579 1556 1616 fere
1581 1581 1727 1628 pedibus
1756 1581 1910 1616 Romam

1237 1635 1262 1651 “
1281 1630 1396 1666 versus
1414 1630 1620 1677 progressus,
1647 1629 1751 1664 animi
1780 1630 1909 1677 pende-

1237 1683 1263 1700 “
1282 1692 1316 1715 re
1347 1679 1472 1726 coepir,
1511 1678 1742 1725 sententiaque
1775 1689 1910 1714 mutata

1236 1733 1261 1749 “
1282 1728 1396 1764 rursus
1413 1728 1456 1762 ad
1474 1739 1566 1763 mare
1583 1727 1766 1768 descendit,
1788 1727 1910 1774 ibique

1236 1782 1261 1798 “
1281 1779 1417 1813 noctem
1447 1777 1613 1824 gravibus
1641 1787 1675 1811 et
1695 1775 1829 1811 incertis
1847 1788 1908 1811 co-

1236 1831 1260 1847 “
1279 1826 1507 1875 gitationibus
1537 1825 1714 1861 traduxit:
1744 1825 1840 1867 adeo,
1868 1835 1908 1861 ut

1237 1880 1262 1896 “
1282 1877 1317 1911 in
1351 1875 1467 1910 animo
1496 1875 1637 1910 haberet
1669 1873 1812 1909 Caesaris
1844 1874 1908 1908 do-

1236 1929 1262 1945 “
1279 1936 1378 1960 mum
1396 1925 1485 1959 clam
1509 1923 1654 1972 ingredi,
1681 1923 1813 1971 sibique
1830 1933 1908 1958 ante

1236 1974 1366 2010 “lares
1389 1973 1463 2020 ejus
1493 1985 1615 2008 manus
1643 1971 1777 2014 inferre,
1803 1982 1909 2019 atque

1236 2027 1261 2044 “
1282 2023 1328 2058 ita
1354 2022 1493 2058 furiales
1519 2021 1735 2069 intemperias
1766 2021 1815 2056 illi
1846 2022 1910 2056 ini-

1237 2075 1263 2092 “
1282 2072 1432 2119 pingere.
1482 2071 1550 2106 Sed
1567 2070 1612 2105 ab
1628 2082 1667 2105 ea
1685 2070 1814 2105 ratione
1831 2081 1909 2105 cru-

1236 2126 1261 2141 “
1280 2121 1391 2156 ciatus
1409 2130 1503 2156 metu
1523 2119 1698 2167 depulsus,
1712 2119 1777 2154 alia
1796 2119 1911 2155 rursus

1235 2174 1260 2190 ‘⁶
1279 2169 1494 2205 tumultuosa
1510 2168 1649 2204 consilia
1668 2169 1701 2203 in
1720 2168 1840 2216 pectus
1859 2168 1909 2204 in·

1236 2223 1261 2239 “
1281 2218 1400 2253 stituit.
1453 2217 1502 2253 Et
1520 2217 1620 2252 servis
1644 2217 1674 2252 se
1692 2217 1733 2252 ad
1753 2218 1909 2253 Caietam

1238 2272 1263 2288 ‘⁴
1281 2267 1537 2316 deportandum
1581 2267 1720 2315 navigio
1762 2266 1910 2301 commi-

1237 2320 1262 2337 “
1282 2316 1345 2352 fit:
1390 2316 1452 2351 ubi
1497 2316 1627 2363 przedia
1673 2316 1832 2358 habebar,
1874 2325 1910 2351 et

1238 2370 1263 2387 “
1284 2365 1451 2401 blandum
1478 2364 1591 2400 aestate
1622 2364 1813 2400 Etesiarum
1837 2364 1909 2399 die-

1238 2420 1263 2435 “
1283 2415 1349 2450 bus
1398 2413 1612 2463 perfugium.
1668 2413 1729 2449 Est
1782 2413 1908 2448 ibidem

1238 2468 1264 2486 “
1281 2463 1383 2513 supra
1409 2475 1502 2500 mare
1523 2462 1685 2500 sacellum
1706 2462 1906 2512 Apollinis:
