2335 3009
730 239 1001 279 HIST

342 335 416 372 Dio
456 335 509 372 lib.
553 336 728 371 XXXVI.
796 335 880 370 Hoc
924 346 1013 370 anno

343 385 462 419 rnuItis
492 384 659 432 prodigiis
688 384 820 419 bellum
853 382 1011 418 Italicum

343 433 572 480 fignificatum
606 432 709 467 fuit:
755 443 838 479 quae
874 432 1011 467 Sisenna

343 482 442 516 initio
468 482 548 516 belli
567 481 708 516 Marsici
731 480 901 528 exposuit,
929 492 1010 515 auc-

342 540 416 565 tore
442 530 619 572 Cicerone,
645 529 700 565 lib.
733 530 760 564 1.
789 529 825 564 de
852 531 1007 565 Dic-inat.

342 587 410 624 cop.
430 593 488 622 44.
510 579 640 614 Eadem
659 577 853 613 referuntur
872 579 915 613 ab
933 579 1009 613 Ob-

342 627 501 674 sequente
525 638 560 662 et
578 628 701 663 Orosio
718 627 771 662 lib'.
788 627 830 661 V.
863 636 929 673 cop.
955 631 1008 662 18.

342 677 441 711 Tum
466 676 676 723 Haruspices
707 675 814 711 Italici
847 676 926 710 belli
954 674 1009 710 fu-

342 725 434 759 nesta
460 725 518 759 illa
555 725 725 772 principia
763 736 831 759 non
868 723 1012 759 obscure

340 773 588 820 praedixerunt.
639 775 747 809 Cicero
788 773 826 807 de
865 773 1007 820 Harusp.

341 823 432 868 Rcsp.
453 831 520 868 cap.
542 835 576 870 9.
730 851 734 853 .

339 948 451 1011 Asino
471 972 579 1012 Urbis
599 972 694 1026 663.
740 971 920 1012 Ciceronis
944 985 1006 1026 17.

483 1045 673 1084 Consules
704 1044 867 1084 fuerunt

341 1107 391 1145 L.
423 1108 588 1158 JULius
621 1107 810 1151 CAESAR‚
843 1107 888 1144 P.
914 1106 1008 1144 Ru-

497 1180 659 1206 ‘rimus
691 1168 860 1206 Lupus.

390 1265 535 1300 Horum
552 1264 745 1300 Consulum
763 1264 885 1299 Cicero
906 1263 962 1299 lib.
983 1264 1009 1299 1.

339 1313 378 1349 de
401 1315 553 1350 Divinat.
584 1322 654 1359 cap.
675 1323 708 1348 2.
735 1312 786 1348 his
805 1312 918 1348 verbis
937 1325 1007 1347 rne-

340 1362 464 1398 minit:
493 1362 583 1409 Qin
607 1363 703 1396 etiam
732 1364 878 1396 memoria
903 1361 1007 1405 nostra

338 1411 484 1458 templum
510 1412 649 1459 Junonis
679 1411 804 1457 Sospitae
820 1411 863 1446 L.
888 1411 1008 1454 Julius,

338 1463 391 1508 qui
419 1473 485 1495 cum
517 1460 558 1496 P.
585 1459 710 1494 Rutilio
735 1459 848 1506 Consul
861 1460 947 1505 fuit,
973 1459 1010 1494 de

329 1516 460 1556 senatus
484 1508 644 1554 sententia
677 1509 787 1552 refecit
814 1521 850 1543 ex
876 1508 1010 1543 Caeciliae

339 1558 502 1593 Balearici
532 1557 612 1600 filia·
637 1559 768 1602 somnio.
820 1558 869 1592 Et
902 1557 1008 1605 paulo

339 1607 429 1655 post,
456 1606 587 1643 Caeciliae
612 1605 658 1653 ἐξ.
669 1606 750 1650 filiae
767 1606 885 1653 somnio
911 1606 1009 1648 modo,

339 1657 482 1701 Marstco
510 1655 599 1697 bello,
626 1655 772 1701 templum
799 1656 839 1699 est
866 1667 887 1689 a
895 1655 1011 1700 senatu

339 1707 461 1753 Junoni
475 1705 600 1752 Sospitae
616 1704 802 1749 restitutum.
846 1704 938 1739 Nam
957 1704 1008 1740 his

341 1754 553 1796 consulibus,
579 1763 618 1788 ut
648 1753 850 1789 Paterculus
880 1753 1008 1796 scribit,

339 1814 456 1838 ortum
486 1802 534 1837 est
565 1803 710 1844 bellum,
742 1802 852 1849 quod,
878 1802 961 1850 quia
990 1814 1009 1836 a

340 1852 464 1887 Marsis
496 1852 647 1899 primum
679 1861 896 1886 commotum
926 1850 1007 1891 fuit,

340 1902 515 1946 Matsscum
551 1900 599 1934 est
632 1901 778 1941 dictum,
815 1910 855 1935 ut
884 1899 1009 1934 Strabo

342 1950 430 1985 libro
450 1951 492 1985 V.
512 1949 626 1985 scribit
643 1963 649 1984 :
679 1959 783 1995 atque
802 1949 847 1983 ita
864 1959 1010 1983 vocatur

341 2011 360 2034 a
377 1999 543 2035 Cicerone
559 1998 661 2033 etiam
684 1998 809 2045 Philip.
821 1997 918 2032 VIII.
933 2009 1008 2044 cap.

346 2060 399 2083 io.
430 2057 465 2083 et
499 2056 583 2083 orat.
629 2047 676 2082 11.
706 2057 826 2081 contra
860 2046 1010 2080 Rullum

341 2108 417 2144 cap.
437 2109 494 2143 33.
514 2096 575 2132 ubi
595 2095 697 2137 idem,
716 2096 800 2130 sicut
817 2105 851 2130 et
868 2095 1012 2129 Verrina

342 2145 404 2180 IV.
423 2156 499 2192 cap.
531 2156 564 2180 2.
592 2157 657 2193 pro
675 2144 852 2186 Cluentio,
879 2155 954 2191 cap.
977 2156 1008 2190 7.

340 2206 405 2241 pro
424 2193 565 2235 Archia,
593 2205 669 2241 cap.
688 2207 721 2236 4.
744 2203 778 2228 et
795 2193 838 2227 de
855 2193 1009 2240 Harusp.

341 2241 445 2288 Resp.
465 2253 540 2289 cap.
562 2254 595 2289 9.
639 2242 783 2277 Italicum
802 2241 1010 2276 nominatur.

341 2291 436 2326 Idem
456 2301 475 2324 a
491 2290 657 2325 Cicerone
674 2303 738 2338 pro
764 2291 911 2326 Fonteio
935 2302 1010 2337 cap.

346 2352 400 2382 14.
417 2338 562 2380 Sociale3
582 2350 601 2372 a
618 2338 788 2380 Diodoro,
808 2339 1011 2380 Plutarcho,

303 2396 307 2399 “
340 2399 375 2423 et
395 2387 574 2435 Appiano,
609 2388 747 2432 Μαςσικὲς
774 2397 808 2422 et
836 2389 1014 2435 συμμαχικὰ

342 2438 459 2481 πόλεμος
472 2436 608 2470 dicitur.
639 2434 849 2471 Defecerunt
863 2448 905 2471 eo
923 2437 1015 2470 bello

342 2485 482 2521 finitimi
497 2496 535 2519 ac
550 2484 667 2527 vicini,
679 2494 719 2519 ut
732 2485 855 2520 Cicero
865 2494 924 2532 pro
935 2485 1016 2531 Sylla

427 2583 570 2621 ΤοΜ.
603 2581 680 2621 ΙΧ.

1051 239 1345 279 oRiA.
1615 216 1731 294 '249

1063 334 1110 369 ait
1123 345 1190 380 cop.
1214 346 1270 371 20.
1309 336 1369 370 Tu
1384 335 1462 371 vide
1475 336 1636 371 Orofium
1656 336 1729 371 nos-

1062 393 1154 418 trum
1173 394 1240 429 cap.
1266 385 1317 419 18.
1345 384 1399 419 lib.
1420 386 1462 419 V.
1516 384 1660 420 Gestum
1679 385 1726 419 est

1061 432 1126 467 hoc
1146 444 1234 467 anno
1252 443 1285 466 et
1309 433 1471 479 proximo
1497 432 1655 480 sequente
1684 434 1727 468 ab

1061 481 1139 528 ipsis
1158 480 1378 516 Consulibus.
1407 483 1504 517 Hinc
1523 482 1645 517 Cicero
1663 495 1727 530 pro

1060 529 1206 564 Fonteio
1223 541 1300 576 cap.
1328 540 1381 573 15.
1421 530 1640 565 Recordamini
1655 544 1728 578 quos

1059 579 1174 625 legatos
1192 588 1289 624 nuper
1304 581 1336 613 in
1353 578 1429 612 bello
1447 581 1487 614 L.
1508 579 1630 624 Julius,
1656 593 1728 628 quos

1060 629 1101 663 P.
1122 628 1272 669 Rutilius,
1298 639 1369 675 quos
1399 628 1441 662 L.
1461 629 1553 669 Coto,
1579 640 1650 675 quos
1669 630 1726 664 Cn.

1061 677 1238 722 Pompeius,
1265 676 1419 711 habuerit.
1477 678 1593 723 Atque
1612 678 1653 712 de
1677 677 1727 711 hi5

1060 725 1200 760 duobus
1218 725 1313 760 annis
1332 724 1605 772 intelligendum,
1631 727 1728 773 quod

1059 774 1182 809 Cicero
1211 776 1245 808 in
1273 775 1372 810 Bruto
1401 785 1469 820 cap.
1504 777 1559 822 89.
1588 774 1723 810 scribit:

1058 824 1146 858 Erat
1163 824 1344 868 Hortensius
1359 825 1393 857 in
1420 823 1497 858 bello
1520 827 1623 869 primo
1648 836 1728 858 anno

1058 872 1155 915 miles,
1181 873 1280 907 altero
1294 872 1440 907 tribunus
1456 872 1598 907 militum.
1644 873 1727 907 Hoc

1059 930 1225 967 tempore,
1269 932 1309 956 ut
1349 921 1477 956 ibidem
1515 921 1638 956 Cicero
1667 921 1725 964 ait,

1053 968 1228 1017 judicium
1245 969 1467 1005 exercebatur
1485 982 1552 1004 una
1570 971 1643 1017 lege
1655 971 1728 1004 Va-

1060 1019 1118 1054 ria.
1162 1019 1309 1054 TuIerat
1335 1031 1410 1054 eam
1440 1020 1495 1068 Q
1517 1019 1638 1054 Varius
1668 1020 1727 1054 ad-

1058 1067 1173 1103 versus
1211 1068 1476 1103 intercessionem
1515 1069 1726 1115 collegarum

1060 1116 1292 1152 annitentibus
1311 1117 1499 1164 equitibus,
1527 1128 1566 1152 ut
1592 1129 1725 1165 quaew-

1061 1175 1154 1200 retur
1169 1166 1212 1200 de
1230 1165 1282 1208 iis,
1310 1178 1462 1213 quorum
1489 1177 1592 1212 opera
1619 1167 1728 1200 consi-

1060 1214 1152 1249 liove
1195 1214 1273 1249 socii
1315 1225 1434 1250 contra
1475 1215 1648 1261 populum
1680 1216 1724 1250 R.

1061 1275 1153 1297 arma
1170 1263 1392 1311 sumpsifl‘ent.
1433 1264 1577 1309 assi-onius
1593 1266 1626 1297 in
1642 1272 1724 1299 orat.

1055 1321 1115 1357 pro
1133 1314 1260 1354 Scauro,
1287 1314 1433 1346 l'alerius
1460 1312 1514 1347 lib.
1530 1313 1627 1347 VIII.
1656 1323 1724 1358 cap.

1060 1362 1092 1395 6.
1144 1362 1312 1406 Appianas
1338 1361 1392 1395 lib.
1426 1362 1454 1396 Ι.
1508 1361 1619 1408 Cujus
1647 1361 1727 1396 libri

1060 1409 1218 1444 mendose
1260 1415 1365 1446 Κοίντον
1399 1411 1536 1455 Οὖαλὲςιον
1579 1422 1642 1457 pro
1681 1410 1726 1458 Q

1058 1460 1156 1493 Vario
1173 1459 1291 1493 edunt.
1344 1458 1411 1493 Sed
1434 1470 1516 1493 cum
1535 1458 1637 1493 multi
1656 1459 1726 1492 Va-

1060 1507 1107 1541 ria
1125 1508 1197 1554 lege
1227 1508 1345 1555 inique
1373 1508 1628 1549 damnarentur,
1656 1519 1724 1543 cre-

1060 1556 1203 1603 braeque
1212 1556 1418 1591 defectiones
1428 1557 1626 1592 Italicorum
1641 1569 1728 1592 nun-

1059 1605 1236 1648 tiarentur,
1275 1615 1359 1640 tunc
1389 1606 1436 1640 ob
1473 1604 1546 1652 ejus
1582 1605 1728 1641 tristitiae.

1059 1654 1271 1690 occasionem
1288 1654 1420 1689 senatus
1437 1654 1601 1696 decrevit,
1616 1667 1656 1690 ne
1667 1653 1727 1701 ju·

1057 1703 1159 1745 dicia,
1183 1703 1269 1738 dum
1286 1704 1459 1738 tumultus
1478 1703 1616 1738 Italicus
1634 1704 1726 1744 effer,

1057 1762 1304 1795 exercerentur,
1330 1752 1444 1799 inquit
1471 1751 1642 1787 Asconius
1668 1762 1728 1799 pro

1058 1801 1208 1837 Cornelio.

1107 1850 1206 1884 Tum
1233 1849 1370 1892 Cicero,
1397 1859 1437 1885 ut
1467 1848 1536 1897 ipse
1563 1851 1597 1884 in
1623 1849 1728 1885 Bruto

1058 1907 1127 1944 cap.
1149 1901 1205 1946 89.
1235 1899 1294 1940 ait,
1321 1898 1480 1946 quotidie
1507 1908 1542 1934 et
1565 1898 1726 1941 scribens,

1058 1957 1091 1982 et
1110 1948 1236 1995 legens,
1254 1958 1288 1982 et
1305 1957 1553 1991 commentans,
1569 1947 1727 1983 oratoriis

1061 2007 1174 2031 tamen
1211 1996 1513 2032 exercitationibus
1545 2006 1728 2032 contentus

1062 2057 1129 2080 non
1146 2056 1228 2080 erat.
1271 2047 1403 2092 Qaoe,
1426 2056 1507 2079 cum
1527 2046 1629 2088 idem,
1648 2048 1731 2080 auc-‘

1061 2105 1134 2129 tore
1152 2094 1374 2140 Qiintiliano
1390 2094 1444 2129 lib.
1470 2094 1519 2129 X.
1546 2105 1611 2140 cap.
1634 2106 1666 2139 3.
1694 2095 1728 2130 in

1060 2143 1351 2190 disputationibus
1383 2143 1425 2177 de
1455 2143 1602 2178 Oratore
1632 2142 1728 2190 judi-

1061 2192 1154 2226 cium
1172 2192 1270 2227 suum
1289 2203 1370 2227 cum
1399 2192 1504 2226 Crassi
1528 2191 1729 2227 auctoritate

1061 2240 1290 2288 conjunxerit,
1309 2253 1377 2276 non
1395 2240 1544 2275 dubium
1561 2239 1621 2280 est,
1642 2241 1729 2287 quin

1063 2289 1131 2338 ipse
1148 2290 1292 2324 Tullius
1310 2289 1383 2324 suas
1400 2288 1656 2324 exercitationes
1673 2289 1730 2325 lib.

1063 2340 1088 2374 1.
1120 2338 1157 2373 de
1187 2339 1325 2373 Oratore
1354 2347 1422 2384 cap.
1456 2348 1513 2382 34.
1545 2337 1607 2371 sub
1625 2338 1730 2373 Craffi

1065 2387 1204 2434 persona
1221 2387 1267 2421 ita
1285 2385 1524 2434 significaverit
1541 2399 1548 2418 :
1578 2385 1615 2419 In
1631 2390 1731 2434 quoti-

1064 2437 1166 2470 dianis
1204 2435 1441 2481 cogitationibus
1481 2433 1615 2482 equidem
1656 2437 1734 2471 mihi

1065 2484 1301 2531 adolescentulus
1314 2493 1481 2530 proponere
1489 2483 1626 2530 solebam
1643 2485 1732 2520 illam

1376 2581 1436 2619 Ii
