2241 2994
743 230 1357 271 HlSTORIA.

409 323 572 359 Succeffit
589 323 645 359 M.
665 322 807 358 Tullius
828 323 900 370 Ap.
920 322 1025 357 Clau-

359 371 431 414 dio,
468 384 572 420 quem
603 372 645 406 de
675 371 876 406 successione
903 370 1025 406 certio-

359 432 430 455 rem
455 419 538 455 facit
561 420 643 466 epist.
675 431 707 455 2.
734 419 788 454 lib.
820 419 882 454 111.
912 419 1024 454 Famil.

358 479 440 503 cum
469 468 620 514 epistolam
638 469 777 514 primam
800 467 895 514 prius
913 467 954 502 ad
975 468 1025 515 ip-

314 512 322 516 ”
356 515 431 551 sum
450 515 484 551 in
502 516 661 551 Ciliciam
679 516 824 551 mififfet.
872 516 1024 563 Legatos

356 563 479 600 habuit
515 565 638 600 Cicero
672 566 727 613 Q
753 565 917 600 Tullium
955 563 1024 599 fra·

356 621 456 656 trem,
494 614 536 649 C.
566 613 820 661 Pomptinium,
857 614 901 649 L.
933 613 1023 648 Tul-

355 661 454 705 lium,
484 672 520 698 et
553 662 610 697 M.
641 663 842 697 Anneium:
874 662 1024 709 quaesto-

354 722 425 745 rem
448 711 493 746 L.
516 711 729 755 Meslinium‚
756 711 812 746 cui
829 711 870 747 C.
891 711 1023 746 Caelius

352 759 472 806 postea
489 759 651 795 succeffit.

403 806 585 843 Profectus
612 808 734 844 Cicero
750 820 791 843 ex
810 809 896 843 urbe
915 809 1024 844 mense

352 855 466 898 Maio,
493 857 608 892 Nonis
637 869 718 892 curn
738 856 861 892 Attico
879 858 912 892 in
929 857 1020 892 Tus-

351 905 478 940 culano
509 904 590 947 fuit,
627 905 704 940 inde
733 906 884 954 Arpino‚
912 908 1021 941 Arca-

352 965 412 997 no,
440 954 597 1001 Aquino,
625 955 799 997 Cumano,
838 955 1020 1003 Pompeia·

352 1014 410 1043 no,
441 1014 474 1038 et
502 1004 706 1038 Trebulano
730 1005 931 1050 peragratis,
958 1005 1020 1039 Be-

350 1062 537 1086 neventum
556 1052 650 1087 venit
675 1064 700 1086 v
729 1052 781 1087 Id.
807 1052 908 1088 Maii.
948 1054 1020 1087 Ta-

349 1109 486 1135 rentum
518 1113 564 1135 xv
597 1100 743 1135 Kalend.
773 1102 858 1146 Jun.
888 1111 922 1137 et
958 1101 1018 1136 tri-

347 1148 458 1184 duum
499 1160 580 1184 curn
623 1149 793 1197 Pompeio
841 1159 876 1185 et
925 1151 1020 1198 apud

348 1197 558 1245 Pompeium
588 1197 669 1241 fuit,
694 1199 776 1244 episi.
811 1211 839 1233 1.
869 1210 901 1234 2.
932 1213 964 1246 3.
983 1212 1018 1243 4.

349 1258 383 1291 5.
411 1246 443 1281 6.
474 1257 508 1282 et
537 1261 568 1292 7.
596 1247 650 1282 lib.
671 1248 714 1282 V.
741 1246 785 1281 ad
803 1247 878 1282 An.
907 1248 1019 1283 Brun-

347 1294 485 1330 dusium
515 1295 609 1330 venit
638 1307 668 1330 a.
699 1295 733 1330 d.
765 1307 802 1330 xi
832 1295 910 1331 Kal.
929 1297 1014 1341 Jun.

345 1343 429 1387 epist.
451 1357 482 1391 3.
509 1343 565 1379 lib.
585 1343 650 1378 III.
676 1344 793 1379 Famil.
822 1343 870 1378 ibi
901 1346 1015 1392 plures

346 1391 418 1426 dies
436 1393 567 1428 manfit.
619 1392 735 1428 Pridie
760 1393 856 1428 Non.
876 1394 961 1438 Jun.
986 1393 1018 1428 se

345 1439 449 1476 etiam
470 1451 546 1476 turn
567 1441 751 1477 Brundusii
779 1441 878 1477 fuisse
900 1442 1016 1477 scribit

346 1489 389 1524 ad
420 1490 582 1539 Appium
609 1491 691 1536 epist.
718 1504 752 1534 4.
783 1490 838 1526 lib.
857 1492 920 1527 111.
949 1493 1014 1527 Fa-

344 1538 410 1573 mil.

395 1587 535 1622 Interim
564 1588 619 1624 M.
639 1588 771 1623 Caelius
794 1587 837 1622 ad
853 1599 934 1622 eum
953 1587 1016 1623 mi-

346 1635 387 1671 sit
415 1638 463 1682 epi
490 1664 497 1671 .
527 1649 557 1672 1.
583 1637 638 1673 lib.
657 1638 754 1672 VIII.
782 1637 838 1672 cui
868 1636 1017 1672 Athenis

345 1685 510 1732 rescripsit
539 1687 620 1731 epist.
660 1687 691 1720 8.
731 1686 784 1721 lib.
816 1686 860 1721 Il.
899 1686 1013 1721 Famil.

344 1733 539 1769 Brundusio
556 1733 733 1782 profestus
756 1734 902 1769 Affium
920 1735 1015 1770 venit

343 1794 438 1818 xvn.
470 1783 616 1818 Kalend.
648 1783 804 1818 Athenas
840 1796 909 1818 vri.
944 1784 1013 1817 Ka-

344 1831 434 1866 lend.
453 1832 579 1878 Qint.
599 1833 680 1878 eprst.
701 1844 734 1879 9.
761 1840 791 1867 et
814 1843 867 1866 10.
894 1832 947 1866 lib.
968 1833 1011 1866 V.

343 1879 389 1914 ad
401 1881 474 1916 Au.
515 1881 690 1916 Exulabat
709 1890 784 1915 tum
804 1880 950 1914 Athenis
969 1881 1010 1916 C.

342 1929 536 1965 Memmius
566 1930 609 1965 de
641 1929 774 1964 ambitu
806 1929 1011 1963 condemna-

342 1986 410 2019 tus,
438 1979 518 2024 eprst.
553 1990 585 2014 2.
611 1979 664 2014 lib.
696 1980 757 2013 111.
785 1979 830 2012 ad
855 1979 947 2013 frat.
979 1989 1013 2014 et

341 2027 420 2073 epist.
445 2039 497 2075 19.
526 2028 579 2063 Iib.
598 2028 699 2062 XIII.
728 2028 818 2062 Fam.
837 2036 871 2060 et
889 2028 1011 2073 Appia-

341 2087 398 2110 nus
414 2075 466 2111 lib.
487 2077 532 2112 ΙΙ.
575 2078 606 2111 ls
624 2076 745 2124 pridie,
765 2088 870 2123 quarn
890 2076 1013 2111 Cicero

342 2124 497 2160 Athenas
519 2126 626 2168 venit,
653 2125 842 2171 Mitylenas
875 2124 1009 2172 profec-

343 2183 399 2207 tus
427 2183 509 2215 erat,
535 2176 615 2220 epist.
639 2186 692 2209 ιι.
723 2174 777 2209 lzb.
798 2174 842 2208 V.
873 2173 918 2208 ad
935 2176 1007 2210 Aet.

343 2231 419 2256 turn
454 2222 577 2258 Cicero
610 2223 652 2257 ad
685 2235 766 2258 eum
800 2222 891 2258 misit
925 2223 1009 2269 epist.

346 2283 375 2305 i.
413 2278 443 2304 et
463 2270 527 2318 seq.
565 2281 605 2306 ut
633 2271 783 2314 videtur,
819 2271 872 2307 lib.
905 2272 1007 2307 XIII.

341 2319 457 2354 I‘kzmil.

390 2368 484 2402 Cum
515 2367 661 2404 Athenis
689 2369 807 2404 decem
830 2369 918 2416 ipsos
936 2369 1007 2404 dies

340 2415 466 2459 fuiffet,
493 2417 602 2463 pridie
627 2418 722 2452 Non.
751 2418 904 2466 Qintil.
929 2418 1007 2452 inde

1667 244 1744 286 317

1077 322 1156 357 Kal.
1185 321 1339 370 Qintil.
1366 322 1449 369 epist.
1474 334 1527 358 11.
1551 333 1604 359 12.
1630 334 1664 358 et
1687 336 1742 371 ¹3·

1075 370 1130 405 lib.
1150 370 1195 405 V.
1225 370 1270 405 ad
1292 372 1366 407 Au.
1402 382 1437 406 et
1465 382 1511 418 ep.
1541 373 1572 407 8.
1609 372 1664 407 lib.
1696 374 1742 409 11.

1075 418 1192 453 Famil.
1219 419 1356 454 Tralles
1381 420 1476 456 venit
1491 432 1519 456 a.
1538 420 1572 456 d.
1590 433 1643 456 vi.
1663 422 1742 457 Kal.

1076 466 1196 502 Sextil.
1238 476 1343 513 atque
1380 469 1423 503 ad
1451 470 1615 516 Appium
1653 470 1744 505 misit

1075 515 1159 561 epist.
1189 528 1222 560 5.
1266 514 1320 550 lib.
1348 516 1410 552 Ill.
1446 518 1560 553 Famil.
1615 518 1743 553 Laodi-

1074 576 1170 599 ceam
1198 564 1232 598 in
1265 564 1481 611 provinciam
1510 567 1605 601 venit
1634 568 1744 614 pridie

1075 613 1258 648 Kalendar.
1289 613 1408 648 Sextil.
1435 615 1516 660 epist.
1542 627 1595 660 15.
1625 627 1682 652 20.
1709 628 1745 653 et

1075 662 1132 696 ult.
1160 662 1214 696 lib.
1240 661 1285 697 V.
1312 661 1356 696 ad
1370 664 1444 698 Att.
1469 663 1554 708 φξβ.
1590 675 1619 699 2.
1647 674 1681 700 et
1706 681 1742 710 4.

1072 711 1124 746 lib.
1142 711 1223 748 XV,
1252 711 1345 746 Fam.
1385 711 1439 746 M.
1459 711 1591 747 Caelius
1610 713 1744 750 interim

1073 760 1116 794 ad
1165 759 1368 794 Ciceronem
1420 759 1534 806 plures
1584 761 1744 808 epistolas

1074 808 1214 856 scripsit,
1241 820 1323 856 quae
1341 808 1394 843 lib.
1414 809 1512 844 VIII.
1540 810 1656 846 Famil.
1683 823 1742 847 ex-

1072 867 1156 892 tant.
1203 858 1243 892 In
1261 867 1395 904 quarta,
1411 857 1490 893 Kal.
1511 857 1630 894 Sextil.
1649 860 1741 903 data,

1072 906 1229 940 meminit
1255 907 1297 941 C.
1324 905 1485 940 Marcelli
1503 906 1570 942 cos.
1588 907 1740 955 defigna-

1072 954 1121 990 ti:
1150 954 1267 989 habita
1283 966 1366 1001 ergo
1390 955 1530 990 comitia
1553 957 1744 993 consularia>

1070 1003 1213 1038 fuerunt
1250 1014 1328 1038 ante
1369 1003 1543 1040 Sextilem.
1595 1006 1743 1054 Qiibus

1071 1053 1173 1087 creati
1203 1052 1357 1087 consules
1385 1052 1463 1088 sunt
1488 1053 1534 1088 L.
1554 1054 1685 1090 Paulus
1705 1066 1741 1091 et

1069 1102 1110 1136 C.
1138 1101 1329 1136 Marcellus
1346 1115 1354 1136 :
1383 1113 1454 1148 qua
1471 1114 1506 1136 re
1522 1103 1660 1150 cognita
1679 1105 1740 1140 Ci-

1068 1161 1146 1185 cero
1168 1162 1236 1184 non
1254 1149 1364 1184 solum
1383 1149 1473 1197 ipfis,
1498 1163 1619 1187 verum
1636 1152 1741 1189 etiam

1068 1198 1110 1234 C.
1131 1198 1302 1233 Marcello
1320 1199 1407 1244 patri
1430 1208 1464 1233 et
1490 1199 1545 1234 M.
1565 1201 1743 1237 Marcello

1067 1246 1164 1282 fratri
1182 1247 1327 1294 patrueli
1346 1248 1386 1282 C.
1406 1248 1566 1283 Marcelli
1585 1250 1650 1285 cos.
1670 1250 1736 1286 des.

1066 1296 1258 1342 gratulatus
1275 1296 1334 1338 est,
1361 1297 1442 1342 φξβ.
1464 1309 1496 1343 7.
1518 1300 1549 1333 8.
1570 1311 1604 1346 9.
1629 1307 1658 1334 et
1680 1311 1736 1335 12.

1065 1345 1117 1379 lib.
1138 1345 1220 1379 XV.
1248 1346 1359 1380 Famil.

1116 1393 1294 1427 Triduum
1335 1404 1490 1429 moratus
1536 1393 1735 1439 Laodiceae,

1065 1440 1220 1476 triduum
1259 1444 1441 1489 Apameae,
1480 1441 1624 1478 totidem
1663 1445 1735 1482 dies

1065 1491 1236 1537 Synnade,
1273 1503 1344 1526 vii.
1378 1491 1455 1526 Kal.
1494 1492 1669 1539 Septemb.
1701 1495 1735 1531 in

1065 1539 1280 1586 Lycaoniam
1307 1540 1349 1574 ad
1379 1540 1540 1575 Iconium
1571 1541 1605 1575 in
1629 1542 1736 1579 castra

1066 1588 1184 1671 {yenit}
1198 1589 1277 1672 Ἓβ.
1302 1589 1354 1624 16.
1382 1598 1416 1623 et
1421 1589 1732 1680 yll‘equentibbusxlss.

1103 1649 1159 1671 .a
1242 1645 1619 1681 tt.ete1.4.1.
1723 1669 1731 1676 .

1064 1685 1157 1720 Fam.
1198 1687 1239 1720 C.
1258 1648 1417 1727 camus?
1429 1685 1491 1733 qui
1509 1687 1660 1733 quaestor
1676 1689 1732 1726 M.

1065 1735 1169 1769 Crasti
1188 1733 1311 1776 fuerat,
1337 1744 1440 1782 atque
1455 1747 1497 1769 ex
1515 1736 1622 1778 clade,
1649 1750 1733 1784 quae

1064 1783 1106 1817 ad
1149 1783 1295 1817 Carrhas
1339 1793 1480 1830 accepta
1519 1794 1602 1828 erat,
1649 1798 1732 1822 cum

1063 1841 1158 1878 parte
1175 1832 1343 1866 exercitus
1370 1831 1400 1866 se
1427 1833 1460 1866 in
1490 1833 1623 1879 Syriam
1643 1847 1729 1877 rece-

1062 1891 1169 1927 perat,
1195 1892 1235 1915 eo
1254 1890 1419 1927 tempore,
1446 1893 1519 1927 quo
1548 1883 1670 1919 Cicero
1696 1885 1730 1919 in

1062 1929 1219 1964 Ciliciam
1243 1930 1348 1971 venit,
1375 1930 1564 1965 Antiochia
1593 1933 1729 1968 teneba-

1062 1988 1141 2013 tur:
1170 1978 1382 2025 Parthosque
1411 1979 1566 2014 cedentes
1593 1982 1636 2016 ab
1666 1994 1728 2029 op-

1062 2028 1145 2074 pido
1188 2026 1356 2061 insecutus
1392 2039 1462 2062 rem
1507 2028 1591 2063 bene
1622 2033 1729 2077 gessit,

1062 2075 1170 2111 Osace
1186 2076 1274 2110 duce
1291 2075 1416 2118 occiso,
1443 2077 1549 2111 Cicero
1566 2080 1649 2123 epist.
1674 2091 1728 2116 10.

1061 2124 1115 2160 hb.
1139 2125 1182 2160 ll.
1209 2124 1322 2160 Famil.
1348 2134 1382 2158 et
1407 2125 1489 2171 epist.
1524 2137 1580 2161 20.
1608 2128 1660 2161 lib.
1682 2129 1724 2164 V.

1059 2174 1103 2208 ad
1118 2176 1268 2214 Atticum,
1295 2174 1362 2208 Dio
1387 2174 1440 2208 lib.
1460 2174 1542 2209 XL.
1582 2177 1727 2220 Justinus

1060 2222 1182 2258 XLII.
1209 2233 1275 2269 cap.
1296 2235 1329 2265 4.
1374 2222 1480 2256 Unde
1506 2223 1628 2258 Cicero
1647 2225 1725 2259 Phi-

1060 2272 1145 2319 lipp.
1190 2272 1255 2306 XI.
1300 2281 1365 2316 cap.
1407 2283 1459 2313 14.
1505 2271 1546 2305 de
1589 2274 1723 2309 Cassio:

1057 2322 1202 2366 Magnas
1236 2319 1287 2354 ille
1321 2331 1368 2353 res
1396 2319 1479 2364 geffit
1513 2327 1588 2354 ante
1621 2321 1728 2357 Bibuli

1047 2369 1162 2414 summi
1187 2371 1255 2402 viri
1282 2367 1462 2407 adventum,
1489 2380 1553 2401 cum
1582 2369 1724 2404 Partho-

1056 2430 1123 2451 rum
1140 2416 1325 2460 nobiltffimos
1342 2416 1428 2453 duces
1446 2419 1651 2466 tna.i¹i721aspue
1676 2432 1723 2455 co·

337 2464 512 2515 prosc-&us
536 2465 710 2514 Ephesum
735 2467 827 2503 venit
851 2478 880 2503 a.
898 2466 1004 2502 d.x1.
1050 2468 1122 2512 pias
1130 2465 1234 2512 fudit,
1259 2465 1327 2501 &a
