2335 3009
599 222 698 262 AD
757 218 1269 260 HERENNIUM
1316 220 1453 260 LIB.
1498 221 1573 261 IV.

393 319 488 362 dam,
511 327 547 353 et
563 318 605 353 ad
626 312 764 352 laudem
781 314 1062 363 comparandam,

393 367 472 404 satis
488 367 621 402 dietum
639 365 698 401 est.
743 367 842 407 Item,
868 364 985 399 Utrum
1003 365 1063 409 igi-

394 425 450 452 tur
465 417 620 450 avaritiae
635 414 740 460 causa,
765 426 808 449 an
832 413 984 459 egestatis,
1010 423 1064 446 ac-

395 464 472 509 cefflt
502 463 547 499 ad
572 462 781 506 maleficium?
807 463 971 499 Avaritiae
987 463 1004 496 ?
1029 468 1065 495 at

394 512 578 559 largiffimus
595 511 666 557 fuit
690 513 724 546 in
752 513 878 553 amicos,
903 509 984 557 quod
997 509 1065 555 fig-

396 574 468 598 num
497 561 702 596 liberalitatis
730 560 782 604 cst,
807 572 876 607 quae
903 561 1066 594 contraria

396 612 552 646 avaritiae
567 609 617 654 est.
656 610 811 655 Egestatis
824 610 842 644 ?
867 616 902 642 at
915 608 984 642 huic
1000 609 1066 656 qui-

396 659 462 695 dem
471 666 579 706 pater,
605 658 691 704 (nolo
714 659 841 693 nimium
866 655 982 700 dicere)
1010 668 1068 691 non

398 707 599 752 tenusffimum
653 707 877 753 patrimonium
927 705 1066 752 reliquit.

398 757 473 793 Hic
490 768 633 804 quoque
649 755 798 790 vitatum
823 754 883 797 est,
911 766 953 789 ne
978 765 1066 800 mag-

398 818 470 842 num
487 816 547 840 aut
563 806 729 840 maximum
751 804 932 838 diceretur.
984 803 1068 837 Hoc

401 854 508 902 igitur
525 854 559 889 in
584 854 718 896 nostris,
744 862 804 887 aut
820 864 952 889 eorum.
980 863 1069 898 quos

399 902 637 944 defendemus,
682 901 826 949 egregiis
876 899 1069 936 commodis

401 951 612 1000 proferendis
655 950 925 986 observabimus.
977 950 1071 984 Nam

400 1000 568 1048 ejusmodi
595 1012 645 1035 res
673 1009 707 1035 et
742 999 908 1034 invidiam
937 1008 1072 1033 contra-

402 1050 492 1084 hunt
510 1049 543 1084 in
560 1049 643 1090 vita,
665 1057 699 1083 et
715 1048 836 1083 odium
855 1047 889 1082 in
905 1047 1071 1088 oratione,

404 1099 429 1134 si
472 1097 716 1132 inconfiderate
755 1097 886 1131 traetes.
939 1096 1072 1144 Qare,

404 1146 702 1194 quemadmodum
758 1145 887 1180 ratione
932 1143 1074 1179 vivendi

404 1195 542 1242 fugitur
572 1195 712 1236 invidia,
753 1194 795 1228 sic
838 1194 872 1228 in
914 1192 1073 1235 dicendo,

405 1244 548 1280 consilio
567 1243 694 1278 vitatur
708 1243 841 1278 odium.

453 1292 633 1328 ΧΧΧΙΧ.
653 1291 848 1338 Descriptio
865 1289 1077 1332 nominatur,

405 1353 489 1389 quae
514 1352 627 1376 rerum
657 1339 940 1387 consequentium
966 1338 1076 1372 conti-

407 1399 464 1425 net
487 1389 701 1437 perspicuam
726 1399 759 1423 ει
783 1387 974 1423 dilucidam
994 1398 1076 1421 cum

407 1438 575 1486 gravitate
602 1437 864 1485 expositionem,
904 1435 969 1471 hoc
1000 1446 1076 1470 mo-

408 1488 477 1522 do:
507 1486 605 1534 Qod
614 1487 651 1530 fi
674 1487 774 1530 istum,
801 1485 943 1531 Judices,
968 1485 1079 1529 vestris

400 1537 562 1583 sententiis
586 1536 808 1577 liberaveritis,
825 1535 937 1578 statim
955 1534 1040 1578 ficut
1064 1545 1079 1568 e

407 1597 506 1621 cavea
523 1585 568 1619 leo
585 1583 698 1630 missus,
723 1592 780 1619 aut
801 1583 907 1630 aliqua
937 1584 1076 1617 taeterri-

410 1646 462 1670 ma
478 1633 580 1669 bellua
589 1633 696 1679 soluta
714 1646 751 1668 ex
767 1635 895 1674 catenis,
915 1631 1076 1674 volitabit,

410 1691 441 1718 et
470 1683 644 1729 vagabitur
666 1685 700 1717 in
719 1681 808 1726 foro,
844 1693 954 1716 acuens
979 1680 1082 1715 dentes

410 1734 521 1767 mustos
547 1734 580 1766 in
595 1732 734 1778 cujusque
743 1731 905 1777 fortunas,
931 1732 965 1764 iu
981 1740 1083 1764 omnes

411 1783 523 1816 amicos
538 1788 631 1828 atque
643 1781 794 1821 inimicos,
819 1787 904 1814 notos
930 1787 1019 1826 atque
1035 1781 1082 1825 ig-

413 1838 499 1865 notos
513 1830 698 1876 incursans3
722 1829 855 1863 aliorum
877 1828 1005 1875 faniam
1029 1827 1081 1862 de-

408 1880 564 1926 peculans,
593 1879 725 1913 aliorum
761 1886 854 1924 caput
889 1886 1082 1924 oppugnans,

413 1927 547 1963 aliorum
578 1926 697 1962 domum
724 1935 817 1974 atque
844 1938 959 1961 omnem
979 1926 1083 1970 fami-

415 1977 491 2012 liam
506 1975 720 2024 perfringens,
746 1975 959 2021 rempublicam
972 1973 1083 2017 fundi-

415 2033 468 2061 tus
483 2026 686 2072 labefac‘tans.
731 2023 857 2070 Qum,
875 2023 1014 2070 Judices,
1029 2024 1085 2069 eji-

416 2077 476 2110 cite
500 2087 566 2110 eum
594 2074 630 2110 de
659 2076 801 2115 civitate,
828 2073 960 2107 liberate
987 2083 1086 2107 omnes

408 2123 600 2169 formidine3
625 2123 715 2158 vobis
746 2123 871 2170 denique
895 2121 966 2167 ipfis
984 2122 1086 2166 consu-

417 2173 484 2207 lite.
535 2173 625 2208 Nam
639 2173 673 2215 st
692 2173 778 2217 istum
794 2173 980 2218 impunitum
997 2169 1087 2205 dimi-

410 2220 531 2268 seritis,
556 2223 589 2255 in
616 2221 823 2267 vosmetipsos,
857 2221 934 2255 mihi
961 2219 1087 2261 credite,

411 2270 522 2314 seram
548 2277 578 2303 et
607 2271 815 2305 truculentam
830 2269 965 2315 bestiam,
991 2267 1088 2314 Judi-

421 2330 479 2360 ces,
503 2317 698 2362 immiseritis.
751 2319 851 2360 Item,
888 2317 978 2353 Nam
995 2316 1031 2361 st
1055 2316 1091 2351 de

420 2369 489 2409 hoc,
516 2367 658 2412 Juaices‚
679 2378 812 2412 gravem
827 2367 1019 2413 seutentiam
1037 2374 1088 2400 tu-

421 2416 534 2457 leritis,
561 2427 621 2450 uno
625 2415 749 2460 judicio
758 2415 857 2460 fimul
871 2415 1088 2461 multosjugu-

421 2465 578 2501 laveritis.
630 2463 770 2500 Grandis
791 2471 872 2500 natu
882 2473 1013 2511 parens,
1039 2475 1090 2499 cu-

1703 234 1783 277 2¹5

1101 314 1163 359 jus
1172 314 1241 361 spes
1249 314 1414 361 senetiutis
1430 316 1527 351 omnis
1542 317 1576 351 in
1601 314 1694 362 hujus
1710 315 1785 352 ado-

1113 363 1254 410 lescentia
1266 363 1366 409 posita
1383 364 1434 408 est,
1451 375 1549 411 quare
1567 364 1645 399 velit
1661 366 1695 398 in
1712 368 1786 400 vita

1113 423 1248 453 manere,
1266 423 1323 446 non
1341 411 1466 447 habebit
1479 426 1491 447 .·
1509 411 1576 455 filii
1589 415 1701 459 parvi,
1714 416 1785 460 pri-

1114 463 1186 495 vati
1209 464 1318 505 patris
1347 460 1478 502 auxilio,
1504 460 1639 496 ludibrio
1666 471 1697 497 et
1731 462 1786 498 de-

1106 509 1228 556 spet‘tui
1239 509 1385 555 paternis
1402 510 1535 544 inimicis
1552 518 1643 544 erunt
1672 511 1787 557 oppost-

1116 560 1143 592 ti
1156 570 1180 591 .·-
1195 565 1263 592 tota
1280 556 1386 592 domus
1401 557 1492 603 hujus
1508 557 1637 604 indigna
1654 559 1788 594 concidet

1115 606 1299 641 calamitate
1312 619 1323 640 .-
1350 614 1387 641 at
1413 607 1530 642 inimici
1535 607 1648 651 statim
1655 607 1789 654 sangui-

1117 655 1240 690 nolenta
1261 654 1384 701 palma,
1411 654 1606 699 crudeliffima
1635 657 1788 698 viHoria,

1113 705 1221 750 potiti,
1247 704 1444 750 insultabunt
1460 706 1494 739 in
1514 704 1622 738 horum
1639 704 1789 749 miserias,

1118 761 1149 787 et
1165 753 1298 800 superbi
1324 764 1359 787 re
1362 752 1464 797 fimul
1476 760 1505 787 et
1521 753 1627 787 verbis
1643 754 1790 788 invehen-

1119 810 1185 837 tur.
1237 802 1338 842 Item,
1363 801 1454 837 Nam
1481 802 1630 836 neminem
1659 802 1792 848 nostrum

1111 850 1217 896 fugit,
1243 849 1402 896 Quirites,
1427 857 1522 896 capta
1540 849 1628 893 urbe,
1649 862 1717 897 quae
1733 853 1792 885 mi-

1111 900 1206 945 seriae
1223 899 1356 947 consequi
1366 899 1489 944 soleant
1503 913 1514 935 .·
1539 911 1634 934 arma
1649 901 1702 946 qui
1719 911 1792 934 con·

1120 956 1175 983 tra
1202 947 1344 990 tulerint,
1362 948 1474 992 statim
1500 947 1694 992 crudeliffime
1720 955 1792 983 tru-

1121 996 1267 1032 cidantur
1281 1010 1292 1031 :
1334 999 1452 1039 aeteri,
1498 998 1550 1044 qui
1584 996 1701 1044 poffitnt
1731 1006 1794 1043 per

1121 1054 1244 1081 aetatem
1267 1053 1299 1080 et
1325 1048 1412 1081 vires
1428 1045 1565 1080 laborem
1573 1047 1679 1091 ferre,
1705 1048 1795 1092 rapi-

1122 1104 1220 1130 untur
1237 1096 1270 1128 in
1279 1094 1471 1139 servitutem
1482 1108 1492 1128 :
1519 1097 1570 1141 qui
1587 1106 1647 1129 non
1660 1094 1794 1141 poſjunt,
1846 1110 1850 1112 *

1123 1146 1198 1178 vita
1216 1145 1422 1189 privantur:
1457 1155 1518 1178 uno
1547 1143 1674 1191 denique
1701 1151 1796 1190 atque

1123 1192 1223 1227 eodem
1241 1200 1375 1237 tempore
1390 1190 1495 1227 domus
1521 1191 1621 1236 hastili
1634 1192 1797 1237 flagrabit

1124 1241 1269 1282 incendio,
1295 1249 1326 1275 et
1343 1253 1414 1288 quos
1430 1248 1549 1275 natura
1567 1249 1623 1275 aut
1646 1241 1797 1276 voluntas

1127 1288 1333 1333 neceffitudine
1366 1297 1425 1323 aut
1464 1289 1679 1324 bene-volentia
1725 1302 1796 1325 con-

1115 1340 1243 1385 junxit,
1269 1338 1483 1382 distrahuntur
1497 1351 1507 1371 .·
1535 1338 1627 1372 liberi
1642 1341 1765 1384 partim
1782 1349 1799 1373 e

1119 1388 1249 1434 gremiis
1264 1394 1430 1432 parentum
1446 1386 1654 1432 diripiuntur,
1672 1389 1800 1433 partim

1126 1438 1159 1471 in
1164 1435 1240 1480 stnu
1245 1435 1458 1482 jugulantur,
1481 1437 1602 1481 partim
1624 1435 1800 1482 antepedes

1128 1486 1374 1531 constuprantur.
1426 1484 1539 1527 Nemo,
1574 1484 1716 1530 Judises,
1746 1484 1800 1528 est,

1127 1537 1178 1582 qui
1202 1534 1287 1580 pcffit
1309 1534 1394 1579 satis
1424 1545 1489 1568 rem
1516 1534 1652 1580 consequi
1679 1533 1801 1576 verbis,

1127 1596 1180 1618 nec
1195 1587 1316 1628 referre
1333 1584 1475 1617 oratione
1489 1581 1730 1628 magnitudinem
1747 1593 1801 1617 ca·-

1126 1631 1293 1667 lamitatis.
1346 1632 1430 1666 Hoc
1458 1643 1580 1678 genere
1606 1631 1801 1666 exornatio-

1132 1681 1196 1723 nis,
1225 1681 1279 1716 vel
1307 1680 1510 1727 indignatio,
1535 1679 1592 1714 vel
1615 1679 1802 1715 misericor-

1131 1731 1199 1772 dia,
1238 1729 1348 1777 potest
1377 1730 1602 1771 commoveri,
1639 1741 1721 1763 cum
1751 1740 1803 1763 res

1132 1778 1374 1825 consequentes
1417 1777 1670 1824 comprehensae
1725 1776 1801 1813 uni-

1133 1827 1237 1862 versae
1273 1825 1451 1874 perspicua
1497 1826 1645 1861 breviter
1685 1826 1799 1874 expri-

1133 1886 1278 1911 muntur
1293 1886 1458 1911 oratione.

1183 1925 1267 1960 XL.
1294 1924 1430 1959 Divisio
1459 1923 1520 1967 est,
1547 1936 1629 1971 quae
1656 1935 1727 1958 rem
1757 1922 1803 1958 se-

1135 1986 1278 2009 movens
1309 1985 1328 2006 a
1356 1984 1402 2013 re,
1430 1983 1615 2020 utramque
1644 1971 1807 2015 absolvit,

1136 2023 1265 2058 ratione
1283 2020 1456 2068 subjecta;
1483 2021 1548 2057 hoc
1579 2022 1707 2056 modo·
1738 2022 1806 2056 Cur

1135 2083 1188 2118 ego
1205 2083 1286 2107 nunc
1314 2071 1375 2105 tibi
1400 2073 1559 2118 quicquam
1585 2071 1727 2117 objiciam
1740 2071 1757 2104 ‚⁹
1771 2070 1807 2112 st

1130 2120 1248 2166 probus
1274 2132 1318 2163 es,
1344 2132 1402 2154 non
1431 2120 1591 2165 meruisti.-
1607 2119 1662 2162 fin
1691 2122 1803 2164 impro-

1136 2170 1202 2212 bus,
1237 2182 1297 2205 non
1330 2170 1532 2204 commoveris.
1586 2169 1684 2208 Item,
1719 2165 1809 2214 Q‘id

1137 2231 1217 2253 nunc
1234 2231 1287 2266 ego
1299 2217 1336 2253 de
1352 2222 1424 2253 meis
1436 2219 1574 2263 propriis
1590 2218 1706 2251 meritis
1718 2224 1805 2260 prae-

1138 2268 1233 2303 dicem
1247 2270 1264 2303 ,Ρ
1278 2267 1315 2311 st
1332 2267 1519 2310 meministis,
1546 2264 1735 2300 obtundam:
1752 2265 1808 2307 fin

1140 2317 1229 2352 obliti
1245 2316 1321 2362 estis,
1348 2328 1413 2350 cum
1435 2327 1470 2349 re
1487 2314 1567 2349 nihil
1582 2316 1708 2359 egerim,
1734 2313 1811 2360 quid

1138 2367 1198 2411 est,
1237 2364 1319 2413 quod
1353 2364 1458 2399 verbis
1492 2362 1641 2408 proficere
1670 2362 1807 2408 poffim?

1140 2415 1239 2456 Item,
1266 2415 1352 2449 Duae
1368 2424 1416 2447 res
1425 2413 1513 2459 sunt,
1533 2424 1602 2459 quae
1616 2410 1734 2458 poſjunt
1751 2411 1807 2446 ho·

1139 2466 1234 2500 mines
1262 2462 1307 2498 ad
1331 2470 1424 2508 turpe
1446 2461 1651 2508 compendium
1677 2472 1807 2497 comma-
