2335 3009
534 198 606 239 118
962 196 1482 236 POEMATUM

526 294 694 335 Moribus
713 302 755 333 at
774 292 882 344 verfis
894 293 1002 346 prior
1020 291 1065 343 est
1083 306 1215 346 quoque
1233 293 1339 344 verstz
1357 293 1538 337 voluntas,

527 364 701 414 Raraque
712 360 830 413 pejori
833 359 964 411 junxit
967 359 1044 411 fica
1063 358 1210 397 numina
1223 359 1331 411 genti
1342 374 1356 397 .·

526 427 609 467 Sola
613 426 686 479 sed
702 441 745 464 ex
764 425 884 464 raucis
901 423 1100 478 descendens
1119 423 1293 462 montibus
1312 424 1404 468 ibat,

527 492 602 532 Sub
621 493 766 537 nouem,
796 490 889 529 nulli
903 489 1034 528 teneris
1057 488 1219 527 blandita
1238 488 1392 541 loquelis,

526 557 600 599 Sed
599 558 754 610 stmulac
773 569 928 609 magnas·
942 555 1118 594 hominum
1136 553 1281 606 venff’t
1300 554 1351 593 ad
1367 553 1484 599 urbes,

527 623 694 677 Improba
713 621 944 674 terrificisstc
962 621 1041 659 ulta
1059 619 1105 672 est
1123 619 1274 658 crimina
1296 619 1417 658 verbis
1432 635 1446 658 :

525 691 612 728 Non
631 702 692 741 ego
711 701 764 726 me
782 686 909 738 dignor
922 685 1067 738 posthac
1085 684 1278 736 monstrare
1296 683 1499 729 videndam,

525 757 696 806 Degener
718 755 752 792 Ο
765 751 898 805 primae
909 750 1028 804 proles
1046 763 1140 789 nunc
1157 749 1278 789 altera
1289 750 1417 803 prolis,

525 820 732 871 Degeneres
751 817 948 869 iterumque
964 815 1162 868 iterumque
1180 813 1354 854 habitura
1372 824 1510 868 nepotes
1525 831 1538 853 :

526 882 629 924 Tunc
633 884 729 937 fera
748 883 837 922 bella
856 881 1032 920 hominum
1046 880 1186 933 generi,
1216 880 1388 934 caedesque
1411 880 1589 932 nefanda,

524 949 747 1003 Impendent,
778 949 983 1002 culpamque
1001 960 1108 985 comes
1113 947 1190 998 sua
1202 954 1314 999 paena
1317 947 1507 998 sequetur.

526 1016 588 1054 Sic
605 1015 674 1059 ait,
705 1023 739 1053 et
753 1013 899 1067 populos
918 1013 1061 1051 intenta
1080 1011 1187 1050 etiam
1206 1025 1270 1049 ora
1289 1019 1448 1050 tenentes

525 1080 696 1133 Linquit,
727 1088 762 1118 et
781 1078 832 1117 ad
846 1087 977 1116 montes
981 1077 1243 1129 sylvarumque
1262 1076 1351 1114 avia
1370 1075 1498 1114 tendit.

526 1145 621 1183 Haec
638 1152 731 1182 aetas
751 1141 868 1180 vitam
886 1141 1006 1193 liquit,
1021 1139 1243 1192 sobolemque
1260 1139 1419 1193 reliquit.

526 1211 666 1249 Ferrea
685 1218 773 1247 tum
793 1220 884 1245 vero
903 1206 1031 1260 proles
1052 1215 1186 1244 exorta
1205 1214 1364 1258 repente
1382 1205 1450 1251 est,

526 1275 709 1327 Ausaque
729 1272 928 1312 funestum
947 1271 1076 1325 prima
1094 1270 1149 1309 est
1167 1269 1392 1309 fabricarier
1411 1270 1558 1317 ensem,

525 1342 581 1379 Et
601 1339 750 1392 gustare
771 1351 889 1376 manu
909 1337 1059 1376 victum
1079 1335 1357 1388 domitumque
1371 1338 1605 1389 juvencum.

527 1403 630 1445 Tunc
649 1403 799 1443 mortale
817 1403 917 1454 exosa
931 1415 1044 1454 genus
1062 1401 1150 1440 Dea
1170 1401 1207 1440 in
1226 1401 1306 1439 alta
1325 1401 1481 1447 volavit,

526 1472 582 1510 Et
602 1470 711 1522 Jovis
732 1470 773 1507 in
795 1481 930 1520 regno,
961 1467 1126 1518 caelique
1145 1467 1185 1504 in
1207 1477 1329 1519 parte,
1359 1477 1513 1520 recepta
1532 1467 1601 1513 est,

525 1533 848 1588 Illustremſsrtita
868 1533 993 1577 locum,
1024 1546 1094 1585 qua
1114 1533 1350 1584 nottestrena

527 1603 640 1654 Virgo
668 1601 845 1653 cotypicuo
858 1599 990 1652 fulget
1017 1597 1139 1637 vicina
1159 1599 1297 1638 Bootae.

526 1668 639 1711 Huic,
671 1667 830 1705 humeros
836 1666 976 1718 supera
993 1663 1144 1717 duplices
1164 1664 1393 1703 convertitur
1411 1665 1506 1704 alam

524 1732 595 1773 Ad
609 1732 788 1777 dextram,
821 1730 936 1770 Graio
955 1731 1199 1782 Protrygeter
1218 1730 1354 1769 nomine
1371 1729 1482 1776 dieta,

527 1797 641 1838 Stella
669 1797 816 1841 micans,
847 1795 919 1834 tali
929 1794 1063 1847 specie,
1094 1795 1229 1848 talique
1256 1795 1387 1841 nitore,

526 1863 654 1915 Qalis
673 1871 708 1900 et
728 1861 980 1912 immensaesub
999 1859 1114 1900 cauda
1135 1860 1302 1899 volvitur
1321 1861 1448 1900 Arcti.

527 1928 597 1967 Illa
617 1927 752 1981 quidem
758 1927 932 1979 flagrans
946 1941 960 1964 ,·
977 1925 1049 1979 st'd
1063 1935 1098 1964 et
1117 1926 1200 1965 huic
1205 1926 1418 1979 flagrantia
1430 1925 1544 1979 plura

527 1993 668 2038 Sidera,
699 2007 779 2046 quae
791 2000 914 2044 parvo
927 1991 1063 2043 poteris
1083 1993 1242 2044 reperire
1263 1991 1395 2031 labore.

527 2060 626 2112 Qtin
645 2059 752 2097 etiam
772 2066 857 2096 ante
871 2056 975 2110 pedes
995 2071 1121 2109 magno
1126 2058 1279 2111 fulgore
1298 2067 1427 2097 notata

529 2125 642 2165 Stella
661 2125 752 2163 nitet
768 2139 781 2161 .·
812 2123 936 2161 dehinc
950 2123 1077 2175 prima
1092 2123 1378 2173 humerossttbit,
1407 2124 1527 2163 altera
1546 2123 1690 2170 lumbos,

527 2191 665 2232 Tertia
686 2191 756 2229 sub
776 2189 938 2228 caudam
959 2189 1005 2227 ad
1026 2203 1149 2242 genus
1171 2191 1298 2242 ipsum
1320 2191 1471 2229 lumina
1491 2191 1640 2243 pandit.

530 2255 754 2311 Caeterafi‘d
768 2265 864 2294 certo
878 2255 1086 2308 ptff'msine
1105 2256 1410 2307 nominejulgcnt.

532 2326 582 2362 Et
606 2333 713 2361 natos
737 2322 930 2360 Geminos
954 2322 1091 2359 invises
1115 2321 1184 2360 sub
1205 2332 1322 2374 caput
1344 2322 1452 2360 Arai
1473 2341 1482 2366 ς

530 2390 734 2442 Subjcd'tus
757 2389 893 2427 mediae
915 2389 967 2426 est
990 2391 1167 2434 Cancer,
1201 2389 1441 2441 pcahbusquc
1465 2398 1618 2427 tenetur

527 2457 694 2509 Magnu'
719 2458 799 2494 Lm
820 2464 868 2493 tn
881 2456 1027 2494 mulam
1050 2456 1228 2508 quatiens
1249 2470 1268 2495 e
1289 2469 1451 2509 corpore
1475 2457 1688 2497 flammam.

1837 306 1910 333 120

1838 633 1911 674 125

1835 962 1910 1002 ¹30

1839 1289 1912 1330 ¹35

1839 1615 1914 1653 ¹4⁰

1840 1943 1912 1984 ¹45

1842 2272 1916 2313 ¹50
