2241 2994
717 249 1329 291 HISTORIA.

333 346 404 381 Ait.
443 347 513 392 qua
550 344 583 379 in
616 343 783 390 Apuliam
822 354 999 387 evocatur,

332 405 407 427 eam
426 393 456 427 se
473 405 530 428 xv.
550 392 626 427 Kal.
646 393 752 426 Mart.
779 393 926 427 Formiis
945 405 999 427 ac-

334 442 455 488 cepiffe
473 440 638 486 Pompeio
657 439 837 475 rescribens
855 441 901 475 ait
914 441 996 485 epist.

339 501 393 534 13.
432 489 487 523 lib.
519 489 617 523 VllI.
660 488 705 522 ad
731 490 805 525 Att.
844 489 1000 524 meminit

334 537 416 583 ‘Pist-
440 550 468 572 ι.
487 535 634 583 ejusdem
653 537 742 572 libri.

384 584 564 620 Profectus
582 585 704 620 deinde
726 585 768 620 ad
797 585 1001 633 Pompeium

335 646 416 668 cum
434 634 619 668 Theanum
637 634 828 669 Sidicinum
850 635 1000 677 venisset,

334 695 376 717 ex
394 683 436 717 C.
457 683 580 717 Meffio
605 682 744 728 aliisque
761 684 1001 730 compluribus

335 731 512 778 cognovit,
531 732 564 765 in
584 730 622 765 iis
641 731 724 765 locis
741 732 804 765 effe
819 732 1002 774 Caesarem,

336 790 376 814 ut
395 789 470 814 tuto
487 780 529 814 ad
555 779 762 826 Pompeium
789 779 903 814 venire
934 792 1003 815 non

337 828 454 874 poffet.
507 829 628 874 Itaque
670 827 769 862 Cales
810 829 1003 875 progressus

339 875 386 910 ibi
404 876 565 911 constitit.
619 876 665 911 Et
687 888 768 911 cum
794 877 872 911 esset
897 877 1002 911 incer-

337 934 414 960 tum
463 925 524 960 iter
564 924 719 966 Caesaris,
769 925 919 972 Leptam
961 926 1004 960 ad

337 973 544 1020 Pompeium
574 973 664 1008 misit
692 983 725 1008 et
755 973 878 1009 literas.
932 974 1005 1020 Ipse

336 1022 492 1057 Formias
522 1022 670 1062 revertit,
705 1022 787 1067 epist.
822 1034 854 1068 3.
885 1032 919 1057 et
949 1035 1003 1067 ¹5·

337 1070 390 1105 lib.
411 1070 509 1106 VIII.
536 1070 580 1105 ad
594 1072 693 1106 Attic.
733 1070 784 1105 Ibi
803 1071 1003 1117 aliquandiu

339 1131 478 1153 manens
510 1119 617 1165 plures
655 1120 735 1164 epist.
778 1118 822 1153 ad
852 1121 1004 1156 Atticum

339 1168 440 1209 misit,
467 1180 548 1215 quae
578 1167 631 1202 lib.
653 1167 751 1202 VlIl.
783 1175 814 1202 et
845 1168 910 1203 IX.
946 1181 1005 1203 ex-

340 1226 425 1250 tant.

389 1277 462 1299 vrri
491 1264 568 1299 Kal.
598 1265 705 1299 Mart.
731 1265 916 1312 Pompeius
939 1266 1005 1300 Ca-

341 1313 438 1348 nusio
462 1313 692 1347 Brundusium
719 1312 894 1360 profectus
924 1313 1005 1357 fuit,

340 1361 424 1408 epist.
457 1375 484 1396 1.
509 1361 562 1396 lib.
592 1362 654 1396 IX.
681 1362 725 1395 ad
741 1362 810 1397 Au.
839 1374 880 1397 eo
909 1362 1006 1396 Cice-

340 1422 458 1446 ronem
482 1410 624 1444 vocavit
649 1410 743 1444 missa
760 1410 844 1455 epist.
871 1423 923 1452 ¹4·
951 1411 1004 1445 lib.

339 1459 437 1494 VIII.
464 1458 508 1492 ad
534 1459 604 1493 Att.
631 1470 737 1505 quam
765 1459 888 1493 Cicero
913 1471 1006 1494 acce-

341 1508 393 1555 pit
412 1519 456 1542 ιιι
477 1507 554 1542 Kal.
586 1509 667 1552 epist.
688 1509 753 1555 seq.
783 1518 816 1542 et
835 1508 954 1542 mansit
973 1508 1006 1543 in

341 1555 536 1592 Formiano.
574 1557 621 1591 A.
650 1556 684 1590 d.
716 1569 773 1591 νιι
810 1556 860 1591 Id.
897 1557 1006 1591 Mart.

340 1605 455 1640 Caesar
492 1604 724 1639 Brundusium
754 1617 836 1639 cum
863 1605 1006 1651 legioni-

343 1654 409 1689 bus
439 1653 493 1688 sex
523 1653 690 1699 pervenit,
725 1663 829 1700 atque
858 1654 900 1688 ad
929 1666 1006 1688 mu-

344 1714 419 1737 rum
445 1701 550 1736 castra
577 1701 703 1749 posuit,
729 1714 810 1737 cum
827 1700 900 1748 jam
928 1715 1009 1737 con-

343 1751 429 1786 sules
468 1751 702 1797 Dyrrachium
744 1750 889 1798 profecti
929 1764 1011 1787 cum

345 1811 469 1846 magna
499 1809 594 1846 parte
627 1799 796 1834 exercitus
824 1800 940 1842 essent,
978 1810 1012 1835 et

345 1847 532 1895 Pompeius
551 1847 733 1882 Brundusii
752 1860 833 1882 cum
860 1848 1010 1883 cohorti-

347 1897 411 1932 bus
441 1909 488 1931 xx
519 1906 716 1938 remaneret,
754 1897 835 1942 epist.
869 1897 921 1931 16.
959 1897 1011 1932 lib.

347 1947 410 1981 IX.
439 1945 483 1979 ad
498 1946 570 1981 Att.
587 1955 620 1980 et
637 1945 692 1981 lib.
713 1946 738 1980 1.
765 1945 802 1979 de
820 1944 906 1979 Bello
922 1945 1013 1980 Civi-

346 1993 381 2038 li,
407 2004 475 2040 cap.
496 2005 553 2038 25.

396 2043 518 2078 Cicero
551 2042 610 2078 illo
648 2051 801 2089 tempore
837 2042 939 2077 etiam
974 2042 1016 2077 ad

349 2091 515 2127 Tironem
546 2091 675 2138 scripsit
703 2092 784 2137 φξβ.
815 2104 866 2137 ¹3-
902 2104 955 2135 14.
983 2101 1016 2126 et

353 2151 408 2184 ¹5·
431 2140 484 2175 lib.
504 2140 602 2175 XVI.
622 2140 713 2174 Fam,
743 2141 929 2187 Pompeius
949 2151 1012 2174 xvi

1641 268 1712 307 32¹

1050 344 1119 379 tico
1137 344 1251 380 scribit
1265 348 1345 392 epist.
1364 358 1420 382 21.
1439 348 1476 393 [l.
1498 350 1568 393 18.]
1584 349 1636 384 lib.
1653 350 1714 385 IX.

1050 393 1172 428 Cicero
1187 394 1308 429 deinde
1326 397 1503 443 Arpinum
1530 397 1716 444 profectus,

1050 440 1098 474 ibi
1117 442 1241 476 Tullio
1266 443 1337 477 filio
1367 444 1426 479 suo
1453 455 1568 492 togam
1591 458 1715 492 *puram

1049 489 1154 531 dedit,
1164 490 1245 535 epist.
1261 502 1316 527 21.
1334 491 1453 539 [l.19.l
1469 504 1502 528 et
1513 493 1569 527 ult.
1584 495 1635 528 lib.
1651 495 1714 529 IX.

1051 536 1096 571 ad
1112 539 1184 573 Att.
1219 539 1407 585 mansitque
1435 541 1467 574 iu
1487 542 1577 575 villis
1609 543 1717 577 mense

1052 586 1167 633 Aprili
1185 597 1218 621 et
1238 587 1346 628 Maio,
1373 599 1476 635 atque
1497 590 1538 623 ad
1560 591 1717 625 Atticum

1053 635 1141 670 misit
1173 635 1343 682 epistolas,
1382 649 1462 684 quae
1492 638 1545 672 lib.
1576 639 1623 673 X.
1660 651 1718 673 ex-

1052 693 1136 718 tant.

1102 744 1156 767 vu
1178 733 1259 768 Idus
1277 733 1374 778 Junii
1392 734 1435 768 ad
1460 734 1666 782 Pompeium
1686 736 1719 770 in

1052 781 1227 816 Graeciam
1248 782 1464 829 proficiscens
1492 784 1609 818 navim
1638 796 1719 819 cou-

1052 829 1192 871 scendit,
1217 830 1313 877 epist.
1335 841 1366 875 7.
1396 831 1456 866 lib.
1480 832 1573 867 XlV.
1593 833 1718 868 Famil.

1053 878 1192 923 Suscepto
1209 879 1294 921 bello,
1321 879 1439 923 Caeffsar,
1459 881 1540 926 gesto
1565 883 1658 915 etiam
1684 894 1720 915 ex

1053 938 1168 972 magna
1182 935 1290 972 parte,
1317 928 1401 962 nulla
1419 931 1455 962 vi
1482 933 1612 972 conflas,
1628 930 1720 975 judi—

1053 978 1097 1009 cio
1126 986 1189 1009 meo
1219 988 1258 1010 ac
1293 975 1457 1011 voluntate
1494 977 1538 1011 ad
1564 990 1599 1012 ea
1629 991 1720 1012 arma

1050 1024 1209 1070 profn‘Jus
1244 1024 1326 1066 sum,
1369 1038 1435 1072 quae
1473 1034 1564 1060 erant
1592 1028 1722 1073 sumpta

1054 1079 1161 1106 contra
1179 1081 1220 1114 te,
1248 1075 1293 1108 ait
1310 1073 1378 1120 ipse
1398 1084 1457 1120 pro
1480 1075 1624 1121 Ligario,
1652 1086 1720 1121 cap.

1057 1133 1088 1166 3.
1107 1131 1141 1155 et
1158 1133 1221 1156 nos
1238 1121 1272 1156 in
1290 1122 1548 1158 Commentario
1564 1124 1721 1170 exposui-

1055 1181 1144 1204 mus.
1198 1171 1383 1205 Adventus
1410 1170 1495 1217 ejus,
1523 1182 1562 1206 ut
1586 1173 1721 1207 Plutar-

1055 1219 1141 1252 chus
1167 1218 1294 1260 scribit,
1321 1221 1452 1254 caeteris
1483 1230 1599 1266 gratus
1628 1219 1720 1263 fuit3

1056 1267 1145 1301 Cato
1197 1277 1312 1301 autem
1360 1268 1459 1302 illum
1507 1268 1722 1316 conspicatus

1056 1315 1175 1350 multis
1213 1316 1326 1350 verbis
1363 1317 1588 1363 reprehendit,
1626 1318 1723 1365 quod

1058 1363 1263 1411 Pompeium
1283 1364 1415 1399 secutus
1433 1367 1521 1400 esset.
1575 1367 1669 1400 Nam
1694 1366 1723 1401 se

1059 1423 1126 1446 non
1160 1412 1303 1458 potuisse
1332 1413 1468 1448 honeste
1496 1426 1569 1448 eam
1603 1414 1723 1449 scistam

1057 1459 1215 1500 deserere.
1241 1473 1346 1507 quam
1368 1462 1411 1496 ab
1430 1463 1526 1496 initio
1546 1463 1578 1497 in
1598 1463 1723 1510 repub-

1058 1509 1123 1543 lica
1153 1509 1348 1557 delegiffet3
1383 1510 1494 1553 illum,
1522 1512 1582 1558 qui
1616 1512 1725 1559 magis

1058 1558 1210 1604 prodesse
1227 1559 1347 1605 patriae
1364 1569 1398 1593 et
1415 1559 1532 1594 amicis
1562 1561 1726 1608 potuerit,

1058 1606 1081 1640 si
1106 1606 1139 1640 in
1158 1606 1255 1641 Italia
1282 1607 1460 1649 mansiss‘et,
1487 1618 1521 1643 et
1549 1609 1728 1655 aequaliter

1058 1654 1088 1689 se
1110 1655 1152 1689 ad
1179 1665 1340 1691 eventum
1369 1657 1603 1703 comparasset,
1631 1658 1727 1692 nulla

1061 1704 1190 1738 ratione
1217 1714 1251 1738 et
1278 1704 1405 1750 absque
1436 1707 1624 1740 necesfitate
1652 1705 1725 1740 hos-

1061 1763 1130 1786 tem
1160 1752 1282 1787 Caesari
1310 1751 1440 1787 fastum
1463 1754 1538 1796 effe,
1565 1764 1668 1800 atque
1693 1755 1726 1789 in

1062 1800 1147 1835 tanti
1164 1801 1307 1847 periculi
1325 1801 1516 1836 societatem
1536 1803 1667 1837 venisse.

1111 1849 1204 1883 Cum
1232 1849 1306 1884 haec
1335 1851 1440 1885 verba
1465 1851 1640 1886 Ciceronis
1657 1851 1729 1886 ani-

1064 1909 1160 1934 mum
1189 1897 1367 1940 flexerunt,
1406 1910 1481 1933 tum
1508 1900 1604 1946 quod
1635 1901 1731 1934 nulla

1064 1957 1188 1991 magna
1206 1945 1240 1980 iii
1259 1959 1292 1981 re
1312 1947 1499 1994 Pompeius
1519 1948 1608 1986 illius
1627 1960 1730 1996 opera

1067 1995 1238 2030 utebatur.
1291 1996 1329 2030 ln
1354 1995 1452 2030 causa
1468 2007 1538 2031 erat
1556 1997 1636 2044 ipse,
1662 2009 1730 2032 non

1065 2054 1191 2090 negans
1209 2043 1238 2078 se
1255 2042 1336 2079 faeti
1352 2043 1401 2078 sui
1419 2045 1597 2092 poenitere.
1636 2046 1732 2080 Hac-

1066 2100 1164 2126 tenus
1207 2092 1425 2127 Plutarchus.
1478 2093 1551 2140 lpse
1591 2106 1733 2141 quoque

1065 2139 1162 2186 epist.
1186 2152 1217 2186 3.
1238 2141 1297 2177 lib.
1316 2143 1394 2176 VII.
1424 2143 1544 2176 Famil.
1573 2144 1641 2176 ait:
1670 2144 1731 2177 Cu-

351 2189 428 2223 Kal.
448 2189 562 2236 April.
593 2188 788 2223 Brundusio
803 2200 885 2223 cum
903 2189 1016 2224 omni·
1055 2189 1115 2234 jus
1142 2201 1188 2224 me
1215 2192 1275 2224 mei
1294 2191 1380 2236 saffli
1401 2192 1558 2236 pirnituit,
1585 2202 1644 2224 non
1666 2199 1733 2224 tam

352 2237 417 2272 bus
446 2237 567 2284 copiis,
606 2248 691 2282 quas
724 2238 899 2279 habuerat,
939 2249 1017 2284 pro·
1063 2246 1193 2283 propter
1205 2239 1374 2284 periculum
1391 2250 1498 2279 meum,
1524 2251 1615 2284 quam
1637 2248 1734 2284 prop-

351 2284 461 2320 feCIus
489 2284 548 2320 est.
601 2285 715 2320 Caesar
733 2287 866 2333 postero
883 2286 937 2320 die
954 2298 1017 2333 op-

353 2334 475 2381 pidum
520 2333 682 2379 ingressus
723 2345 756 2369 et
795 2335 1020 2369 concionatus

355 2384 504 2417 Romam
519 2381 706 2423 contendit,
717 2382 800 2428 epist.
821 2386 872 2417 18.
887 2383 928 2427 ΙΙ.
947 2385 1018 2429 ¹5-]

1069 2294 1117 2320 ter
1132 2289 1217 2321 vitia
1244 2289 1352 2329 multa,
1378 2300 1443 2332 quae
1464 2287 1509 2320 ibi
1529 2286 1651 2333 ffndi,
1677 2299 1735 2334 quo

1069 2346 1224 2369 veneram.

1119 2384 1232 2418 caesar
1259 2383 1291 2418 in
1317 2383 1521 2429 Hispaniam
1547 2382 1737 2429 profestos,

353 2429 623 2465 lib.1X.adAtt.
642 2429 1022 2466 EoitinereM.Cicero
1069 2443 1108 2465 ea
1135 2432 1266 2478 potitus
1295 2432 1353 2472 est,
1381 2442 1415 2466 et
1444 2432 1603 2467 Dictator
1633 2445 1652 2466 a
1681 2433 1736 2467 M.

355 2480 455 2515 illum
473 2478 648 2520 convenit,
674 2488 708 2513 et
733 2479 817 2526 quid
834 2479 939 2525 egerit
955 2481 1020 2514 At—

436 2577 568 2615 ΤοΜ.
601 2575 675 2614 IX.

1070 2480 1208 2526 Lepido
1251 2491 1397 2526 przetore
1439 2481 1552 2516 dietus
1603 2481 1742 2516 comitia

1376 2577 1398 2615 S
1428 2577 1451 2615 s
