2241 2994
498 231 576 272 292

500 316 707 352 Interamnae
725 315 819 363 apud
848 315 1037 350 Caffinium
1062 315 1170 351 Scho-

500 365 571 400 lam
588 365 699 406 fuiffe,
724 364 847 400 Cicero
873 374 993 399 contra
1020 375 1084 412 pro
1109 363 1171 399 tes-

501 414 649 449 timonio
665 414 779 455 dixit·,
799 413 900 448 illum
918 413 960 448 ad
978 412 1010 448 se
1025 413 1171 448 domurn

501 462 628 497 veniffe
667 471 703 497 et
742 462 786 497 de
826 460 1035 509 quibusdam
1069 462 1172 497 rebus

500 511 613 558 egisse.
665 511 707 547 Id
723 510 821 558 quod
836 522 959 546 verum
975 520 1057 546 erat.
1089 510 1172 545 Plu-

503 560 649 603 tarchus,
674 561 781 596 Cicero
794 569 854 606 pro
871 559 972 594 Domo
989 568 1018 594 et
1035 559 1172 600 Mlone,

503 607 704 657 ibidemque
751 609 910 655 Asconius,
959 607 1174 655 Qintilianus

502 657 560 693 lib.
580 659 641 694 lv.
669 667 740 704 cap.
759 669 793 694 2.
833 659 974 693 Valerius
998 656 1052 692 lib.
1071 656 1173 692 VIIl.

503 715 574 753 cap.
595 719 628 751 5.

554 755 732 791 Absolute
761 754 902 798 Clodio,
940 753 1062 789 Cicero
1092 764 1175 788 cum

505 816 548 840 eo
565 804 685 840 Idibus
712 803 802 839 Maii
831 803 865 838 in
895 803 1009 838 senatu
1033 811 1174 838 conten-

505 853 572 896 dit,
597 863 644 900 ep.
668 865 722 899 ¹3-
753 852 791 898 [Ι.
817 851 890 898 16.]
917 851 972 887 lib.
991 852 1019 886 1.
1038 850 1084 886 ad
1098 852 1172 886 Au.

507 902 592 937 Hoc
617 914 707 937 anno
724 902 780 948 Q
795 900 939 936 Tullius
956 901 1092 943 Cicero,
1119 900 1173 935 M.

507 950 624 994 frater,
649 961 780 998 praetor
796 947 887 985 fuit:
915 961 1067 996 cumque
1085 961 1175 997 prae-

507 1010 599 1035 tores
635 998 830 1047 provincias
871 997 1081 1040 sortirentur,
1125 998 1182 1043 Q

508 1048 668 1084 Ciceroni
695 1048 779 1083 Asia
807 1047 948 1094 obtigit,
973 1056 1019 1092 ep.
1053 1057 1107 1082 12.
1136 1046 1177 1091 [l.

512 1098 588 1143 15.]
614 1097 667 1132 lib.
687 1097 714 1132 1.
735 1095 779 1131 ad
794 1096 867 1130 Att.
919 1094 1088 1130 Obtinuit
1102 1105 1177 1130 earn

504 1145 723 1193 provinciam
742 1157 802 1192 per
818 1143 1016 1186 triennium,
1030 1155 1111 1178 cum
1129 1143 1175 1179 L.

506 1193 648 1229 Valerio
676 1194 804 1229 Flacco
829 1192 1039 1234 successisset,
1066 1202 1106 1226 ut
1134 1203 1178 1227 ex

507 1253 594 1279 orat.
619 1252 681 1290 pro
709 1242 837 1284 Flacco,
864 1250 933 1288 cap.
971 1253 1025 1286 14.
1052 1240 1176 1276 intelli-

509 1304 614 1339 g1tur.

558 1341 694 1376 Eodem
726 1351 817 1375 anno
854 1338 1005 1375 censores
1047 1347 1177 1374 creatos

509 1389 622 1433 fuiffe,
659 1399 693 1424 et
723 1388 868 1424 lustrum
898 1387 1096 1429 condidisse,
1134 1399 1177 1422 ex

509 1439 565 1474 lib.
612 1439 639 1474 Ι.
685 1437 730 1472 ad
770 1439 840 1473 Ait.
887 1444 919 1472 et
966 1437 1080 1472 Dionis
1121 1435 1175 1472 lib.

509 1487 706 1523 xxxvn.
749 1486 826 1522 satis
860 1495 983 1521 notum
1013 1484 1071 1520 est.
1124 1485 1178 1520 Hi

511 1535 700 1584 Onuphrio
716 1535 793 1571 sunt
816 1535 856 1570 P.
876 1534 1040 1570 Servilius
1059 1533 1177 1569 {sauri-

511 1598 573 1620 cus
589 1595 623 1620 et
640 1585 753 1620 Mam.
773 1583 937 1620 AEmilius
953 1582 1124 1637 Lepidus.

560 1635 656 1670 Ante
688 1633 749 1668 hos
781 1632 943 1668 Censores
977 1632 1181 1667 Ciceronem

512 1695 578 1731 pro
594 1683 725 1719 Archia
741 1681 872 1723 dixisse,
891 1681 966 1716 haec
984 1681 1089 1716 verba
1105 1693 1181 1716 ora-

513 1732 628 1773 tionis,
653 1741 722 1777 cap.
753 1743 786 1777 5.
812 1742 896 1778 quae
923 1741 968 1764 ex
994 1739 1090 1765 tanto
1116 1741 1179 1764 nu-

516 1793 610 1817 mero
628 1781 852 1828 interpretum
870 1790 971 1814 nemo
992 1778 1105 1814 adhuc
1122 1790 1181 1814 ex-

515 1831 640 1877 posuit,
673 1837 845 1877 arguunt:
883 1829 938 1873 Est
968 1829 1048 1863 enim
1077 1826 1180 1872 obscu-

515 1892 598 1921 rum,
630 1881 781 1925 proximis
808 1877 977 1923 censoribus
1004 1877 1087 1911 hunc
1114 1889 1182 1911 cum

515 1927 671 1972 clariffimo
687 1930 876 1973 imperatore
891 1927 934 1962 L.
953 1925 1083 1961 Lucullo
1100 1925 1186 1971 apud

514 1980 679 2013 exercitum
699 1974 800 2021 fug'ffe,
818 1974 1026 2021 superioribus
1050 1986 1116 2009 cum
1134 1986 1181 2009 eo-

513 2028 579 2062 dem
613 2025 750 2074 questore
771 2023 865 2071 ffflffi
893 2026 927 2057 in
956 2024 1045 2067 Asta,
1073 2025 1187 2068 primis

515 2076 607 2122 Julio
624 2082 655 2109 et
684 2072 788 2120 Craſjb
807 2073 926 2109 nullam
938 2071 1048 2118 populi
1057 2081 1186 2118 partem

515 2125 567 2173 effe
584 2125 713 2169 censam.

567 2175 612 2210 L.
632 2173 768 2218 Julium
787 2170 955 2206 Caesarern
973 2179 1007 2205 et
1031 2170 1069 2205 P.
1090 2169 1185 2205 Lici-

519 2224 615 2260 nium
634 2222 791 2257 Crassum
818 2220 968 2255 censores
990 2218 1088 2253 fuisse
1115 2219 1183 2266 pri-

519 2286 593 2309 rnos
612 2271 686 2320 post
716 2271 830 2305 datam
849 2269 1023 2304 civitatem
1044 2266 1187 2303 Archi-‘e

520 2335 608 2357 anno
628 2332 748 2356 mcciv,
766 2319 928 2354 diximus.
957 2317 1080 2352 Tertio
1097 2329 1187 2351 anno

519 2371 595 2419 post
622 2371 664 2405 L.
687 2369 842 2403 Marcius
871 2365 1056 2413 Philippus
1077 2375 1111 2400 et
1133 2365 1186 2400 Μ.

521 2422 690 2467 Perperna
724 2418 874 2452 censores
908 2415 1053 2450 lustrum
1089 2426 1186 2449 ικνι.

520 2470 685 2509 scierunt,
712 2479 784 2514 quo
810 2476 962 2513 tempore
988 2464 1134 2501 Archias
1154 2463 1187 2499 in

813 217 879 258 M.
938 218 994 257 T.
1053 216 1586 256 CICERONIS

1220 315 1304 350 Asia
1320 313 1390 350 fuit
1415 326 1496 350 curn
1520 311 1677 350 Lucullo
1705 311 1888 360 quaestore,

1221 364 1284 411 qui
1314 376 1374 412 per
1402 363 1532 398 multos
1563 374 1669 397 annos
1695 361 1891 397 admirabili

1221 413 1374 459 quadam
1391 412 1493 447 laude
1510 411 1702 459 provinciae
1720 409 1864 459 praefuit
1878 426 1891 451 -,

1221 463 1328 497 Cicero
1341 463 1373 496 in
1397 461 1541 503 Lucullo,
1567 470 1635 506 cap.
1658 472 1687 495 1.
1739 458 1893 495 Censura

1221 509 1344 545 deinde
1387 509 1571 544 intermissa
1603 507 1673 543 fuit
1706 507 1814 555 usque
1847 507 1894 542 ad

1222 570 1351 593 annum
1382 557 1480 592 urbis
1509 569 1715 592 nchxxur.
1741 568 1815 603 quo
1842 555 1890 590 L.

1222 606 1370 648 Gellius,
1421 607 1488 641 Cn.
1529 605 1704 640 Lentulus
1744 605 1892 639 lustrum

1224 667 1347 691 van.
1371 653 1539 697 fecerunt,
1565 665 1646 689 cum
1665 653 1840 688 Lucullus
1858 652 1893 686 in

1223 704 1308 739 Afia
1340 703 1472 739 bellurn
1502 713 1622 738 contra
1650 701 1894 737 Mithridatem

1224 752 1481 788 administraret.
1533 753 1655 798 Atque
1673 750 1707 785 hi
1729 750 1894 785 Censores

1224 801 1375 850 proximi
1412 811 1490 836 ante
1523 800 1699 836 Ciceronis
1737 799 1893 834 consula-

1224 860 1301 886 tum
1328 849 1466 885 censum
1495 858 1650 896 egerunt.
1704 849 1798 883 Nam
1829 847 1894 894 qui

1225 900 1331 934 Cotta
1346 909 1382 934 et
1399 899 1585 946 Torquato
1601 897 1681 933 coss‘.
1698 897 1801 932 creati
1819 895 1894 931 fue-

1227 958 1320 991 runt,
1348 957 1489 995 propter
1505 946 1740 982 diffenfionem
1757 945 1895 980 abdica-

1229 1006 1331 1031 runt:
1361 996 1410 1030 illi
1440 1005 1568 1036 autem,
1599 994 1661 1042 qui
1692 1005 1782 1029 anno
1812 993 1895 1029 inse-

1227 1045 1348 1091 quenti
1366 1044 1406 1079 iis
1424 1043 1661 1085 successerunt,
1687 1041 1896 1078 interceden-

1228 1093 1323 1128 tibus
1349 1092 1497 1128 tribunis
1527 1092 1575 1140 pl.
1606 1091 1689 1127 nihil
1713 1103 1811 1139 agere
1833 1102 1897 1138 po-

1225 1151 1377 1177 tuerunt.
1396 1141 1533 1176 Auelor
1549 1141 1622 1176 Dio
1633 1140 1688 1176 lib.
1701 1139 1901 1176 XXXVII.

1278 1191 1401 1238 Itaque
1428 1191 1484 1225 M.
1503 1190 1648 1225 Tullius
1673 1189 1750 1237 post
1775 1188 1897 1224 consu-

1227 1239 1336 1275 latum
1355 1250 1433 1275 ante
1449 1238 1613 1282 censores,
1643 1238 1705 1285 qui
1723 1238 1788 1274 hoc
1806 1248 1904 1273 anno

1227 1289 1330 1324 creati
1357 1287 1513 1331 fuerunt,
1538 1289 1584 1323 A.
1620 1287 1796 1323 Licinium
1826 1287 1901 1321 Ar·

1227 1337 1354 1381 chiam,
1381 1337 1438 1372 cui
1469 1336 1650 1372 Gracchus
1677 1335 1821 1383 quidam
1847 1335 1897 1370 ci-

1227 1386 1344 1422 vitatis
1361 1385 1626 1421 controversiam
1645 1394 1812 1427 moverat,
1838 1385 1899 1419 de-

1227 1434 1338 1470 fendit
1355 1435 1413 1470 illa
1428 1434 1593 1476 oratione,
1620 1446 1701 1481 quae
1719 1443 1823 1468 extat.
1857 1433 1899 1468 In

1228 1495 1299 1531 qua
1329 1483 1441 1532 primo
1469 1495 1550 1518 eum
1580 1482 1691 1518 civem
1719 1483 1784 1517 effe
1817 1494 1898 1530 pro-

1230 1533 1311 1568 bat:
1348 1532 1470 1568 deinde
1501 1531 1634 1579 reliqua
1660 1532 1815 1566 oratione
1842 1542 1899 1566 or-

1230 1593 1301 1624 nat,
1327 1591 1367 1617 ut
1394 1581 1533 1616 civitate
1563 1581 1723 1617 Romana
1751 1580 1900 1628 dignum

1229 1631 1293 1666 effe
1309 1629 1526 1666 demonstret.
1570 1629 1745 1665 Corradus
1761 1641 1799 1663 ex
1815 1629 1899 1674 epist.

1236 1692 1290 1725 ¹3·
1321 1680 1374 1715 lib.
1402 1679 1430 1714 1.
1462 1678 1508 1713 ad
1523 1679 1595 1714 Aet.
1622 1687 1735 1726 putat,
1761 1677 1901 1713 Cicero-

1231 1741 1308 1764 nem
1327 1741 1391 1776 pro
1409 1727 1541 1763 Archia
1557 1727 1676 1762 dixifl‘e
1703 1726 1850 1761 Metello
1866 1737 1902 1762 et

1232 1776 1381 1813 Afranio
1410 1777 1489 1812 coss‘.
1523 1775 1577 1811 sed
1606 1775 1682 1824 qui,
1719 1775 1817 1823 quod
1848 1775 1900 1810 in-

1231 1827 1384 1868 choavit,
1421 1825 1578 1862 nondum
1668 1823 1778 1867 rfecit,
1815 1824 1901 1859 nihil

1232 1875 1392 1923 scripsisse
1410 1874 1516 1910 videri
1533 1837 1665 1922 petel?²

1282 1925 1366 1960 Hoc
1401 1935 1491 1959 anno
1533 1922 1721 1969 Pompeius
1762 1922 1909 1958 tertium,

1233 1973 1452 2021 triumphum
1493 1973 1536 2007 de
1581 1971 1797 2013 Mithridate,
1838 1973 1902 2007 Ti—

1236 2034 1351 2069 grane,
1366 2021 1590 2069 plurimisque
1608 2020 1746 2068 regibus
1765 2032 1801 2055 ac
1820 2033 1902 2068 gen-

1237 2072 1330 2106 tibus
1362 2084 1421 2118 per
1459 2070 1607 2105 biduum
1645 2081 1704 2104 11¹.
1747 2079 1780 2104 et
1812 2070 1903 2117 prid.

1237 2120 1315 2155 Kal.
1342 2119 1490 2156 Oclobr.
1518 2129 1558 2154 ut
1582 2118 1629 2153 est
1658 2118 1691 2153 in
1711 2118 1818 2154 Fastis
1836 2120 1902 2154 Ca-

1238 2168 1335 2216 pitol.
1353 2169 1434 2216 egit.
1488 2168 1614 2203 Trium
1645 2167 1904 2213 triumphorum

1238 2218 1393 2265 Pompeii
1412 2216 1540 2252 mentio
1556 2217 1603 2251 est
1628 2216 1681 2251 lib.
1702 2216 1747 2251 11.
1776 2217 1812 2251 de
1839 2218 1903 2252 Di·

1234 2270 1339 2302 vitun.
1371 2276 1437 2312 cap.
1465 2279 1499 2312 9.
1554 2267 1605 2300 De
1635 2265 1750 2300 iisdem
1780 2266 1906 2302 Cicero

1238 2328 1302 2363 pro
1330 2316 1451 2356 Balbo,
1478 2324 1544 2360 cap.
1566 2314 1599 2349 6.
1651 2315 1747 2361 Cujus
1765 2322 1828 2350 tres
1844 2317 1904 2350 tri-

1236 2364 1344 2410 umphi
1361 2365 1446 2408 testes
1464 2364 1565 2409 effent,
1592 2371 1692 2398 totum
1717 2363 1820 2399 orbern
1841 2372 1906 2399 ecr-

1236 2426 1347 2448 rarum
1366 2414 1462 2458 nostro
1480 2416 1606 2459 imperio
1624 2415 1732 2447 teneri.
1773 2413 1906 2448 Eodem

1238 2475 1327 2500 anno
1345 2464 1386 2500 C.
1406 2462 1532 2506 Cael'ar,
1560 2474 1642 2498 cum
1665 2461 1743 2498 esset
1763 2461 1797 2498 in
1822 2461 1906 2498 His-
