2335 3009
532 267 612 310 180

530 363 733 412 comparati.
785 363 845 400 Sin
875 363 1088 400 fortitudinis
1122 362 1194 399 reti-

533 414 656 448 nendae
680 412 778 449 causa
805 412 1001 449 faciendum
1029 412 1116 460 quid
1137 413 1201 448 esse

533 461 700 505 dicemus,
726 461 955 505 ostendemus,
982 473 1032 497 res
1060 473 1201 509 magnas

532 520 568 544 et
584 510 686 546 celsas
705 509 811 558 sequi,
836 521 871 545 et
889 511 1004 565 appeti
1022 520 1198 557 oportere·
1191 537 1200 552 ,

532 567 569 593 et
586 559 667 594 item
687 571 736 594 res
754 558 915 602 humiles,
928 558 1130 605 etindignas
1149 558 1200 593 vi-

535 606 580 642 ris
596 605 760 650 fortibus,
790 608 846 642 vel
863 607 956 643 viros
973 605 1078 642 fortes
1095 618 1202 654 prop-

533 666 624 691 terea
666 668 882 692 contemnere
920 666 1089 708 oportere,
1141 666 1202 690 nec

534 705 674 741 idoneas
723 705 890 752 dignitate
941 705 1000 739 sua
1034 702 1201 750 judicare.

534 754 621 790 Item
651 766 670 789 a
692 755 787 788 nulla
817 766 851 789 re
883 753 1032 795 honesta,
1058 751 1203 805 periculi

534 812 596 837 aut
638 802 764 837 laboris
800 801 1036 849 magnitudine
1078 799 1202 835 deduci

533 861 719 898 oportere·
776 850 1006 898 antiquiorem
1057 858 1203 884 mortem

535 899 752 954 turpitudine
781 899 920 934 haberi:
960 897 1058 933 nullo
1083 897 1204 932 dolore

535 948 628 995 cogi,
646 959 686 983 ut
704 949 748 983 ab
765 947 882 983 officio
900 947 1098 982 recedatur:
1126 946 1204 981 nul-

536 996 602 1031 lius
621 997 666 1032 rei
685 1009 750 1044 pro
767 996 907 1031 veritate
925 1005 1075 1030 metuere
1093 994 1205 1030 inimi-

534 1045 656 1080 citias:
685 1045 868 1093 quodlibet
898 1056 963 1092 pro
990 1043 1112 1098 patria,
1143 1054 1204 1090 pa-

535 1094 702 1135 rentibus,
730 1093 932 1146 hospitibus,
958 1093 1089 1134 amicis,
1113 1101 1148 1126 et
1167 1091 1206 1126 iis

534 1142 651 1184 rebus,
689 1154 776 1189 quas
798 1140 932 1188 justitia
961 1141 1071 1175 colere
1098 1139 1206 1185 cogit,

534 1189 627 1225 adire
644 1191 850 1238 periculum,
875 1199 910 1224 et
931 1188 1123 1236 quemlibet
1140 1187 1205 1222 sus-

534 1239 648 1286 cipere
671 1239 834 1274 laborem.
887 1237 1072 1273 Modestiae
1101 1236 1204 1284 parti-

536 1287 602 1322 bus
636 1298 788 1331 utemur,
826 1286 850 1321 si
893 1285 1014 1321 nimias
1045 1285 1205 1320 libidines

530 1336 700 1380 honoris,
743 1334 922 1383 pecuniae,
971 1334 1206 1381 similiumque

538 1397 663 1427 rerum,
688 1383 976 1432 vituperabimus.
1029 1383 1064 1418 Si
1084 1395 1204 1418 unam-

537 1445 715 1480 quamque
739 1445 809 1468 rem
827 1442 921 1468 certo
939 1441 1071 1467 naturae
1089 1431 1204 1466 termi-

537 1494 584 1517 no
604 1482 819 1517 definiemus.
870 1481 906 1515 Si
934 1480 1052 1528 quoad
1078 1480 1206 1527 cuique

538 1530 614 1566 satis
645 1531 696 1571 sit,
735 1530 964 1572 ostendemuS,
993 1539 1028 1564 et
1058 1528 1205 1563 nimium

537 1579 698 1627 progredi
739 1578 1022 1634 dissuadebimus,
1062 1588 1097 1612 et
1129 1589 1202 1612 mo-

536 1629 622 1663 dum
638 1628 827 1675 unicuique
841 1627 885 1662 rei
904 1627 1100 1661 statuemus.
1121 1627 1202 1661 Hu-

530 1676 683 1723 jusmodi
715 1687 826 1725 partes
850 1675 927 1710 sunt
953 1675 1105 1717 virtutis,
1131 1687 1203 1709 am-

536 1726 747 1773 plificandae,
765 1725 788 1760 si
807 1724 1050 1765 suadebimus,
1068 1734 1201 1758 attenu-

537 1775 647 1817 andae,
673 1775 697 1809 si
724 1774 767 1809 ab
788 1774 839 1808 his
865 1773 1138 1814 dehortabimur‚
1166 1782 1206 1807 ut

537 1823 613 1858 haec
643 1833 874 1864 attenuentur,
905 1833 988 1868 quae
1019 1821 1119 1867 supra
1147 1820 1205 1855 de-

539 1871 734 1907 monstravi.
787 1871 881 1906 Nam
912 1881 1012 1905 nemo
1041 1869 1116 1910 erit,
1142 1868 1204 1916 qui

538 1920 667 1956 censeat
685 1932 705 1954 a
721 1919 848 1954 virtute
867 1919 1117 1954 recedendum:
1146 1930 1204 1952 ve-

539 1981 617 2004 rum
637 1978 697 2004 aut
724 1980 774 2003 res
802 1980 870 2003 non
891 1966 1086 2014 hujusmodi
1112 1967 1206 2001 dica-

538 2027 596 2052 tur
635 2017 712 2059 effe,
756 2026 795 2051 ut
833 2016 998 2051 virtutem
1040 2017 1205 2063 possimus

537 2066 710 2113 egregiam
725 2065 884 2112 experiri,
900 2074 960 2099 aut
979 2065 1011 2099 in
1029 2064 1206 2099 contrariis

539 2116 655 2161 potius
679 2115 794 2155 rebus,
819 2125 926 2160 quam
945 2113 978 2147 in
1005 2113 1068 2155 his,
1095 2113 1206 2147 virtus

539 2163 690 2199 constare
706 2162 915 2201 ostendatur,
964 2162 1052 2196 Item
1083 2161 1106 2195 si
1133 2173 1206 2215 quo

538 2213 640 2259 pacto
675 2212 877 2264 poterimuS,
920 2222 1026 2257 quam
1062 2209 1101 2264 is,
1143 2209 1205 2256 qui

538 2271 657 2296 contra
673 2260 775 2302 dicet,
796 2258 964 2306 justitiam
981 2259 1125 2298 vocarit,
1144 2270 1207 2293 nos

538 2309 847 2344 demonstrabimus
873 2308 1044 2355 ignaviam
1071 2308 1147 2349 ess‘e,
1171 2316 1205 2341 et

540 2358 707 2400 inertiam,
746 2370 782 2391 ac
815 2368 955 2406 pravam
987 2357 1202 2391 libertatem·

538 2420 578 2453 q·
568 2419 644 2441 iam
663 2407 879 2453 prudentiam
899 2405 1092 2452 appellarit,
1111 2406 1203 2451 incp

539 2466 620 2494 tam
647 2466 679 2489 et
710 2455 895 2501 garrulam,
924 2464 957 2489 et
974 2454 1124 2489 odiosam
1145 2453 1202 2487 iti-

535 2504 663 2539 entiam
696 2505 759 2539 eise
793 2504 969 2539 dicemus:
1008 2514 1114 2551 quam
1149 2502 1205 2538 ille

838 263 1620 307 RHETORICORUM

1250 362 1449 399 modestiam
1467 362 1559 398 dicet
1575 361 1652 404 effe,
1664 371 1740 396 eam
1757 371 1819 396 nos
1833 358 1919 395 iner-

1251 412 1332 447 tiam
1369 421 1405 446 et
1445 411 1643 446 dissolutam
1676 409 1920 457 negligentiam

1251 461 1428 496 dicemus:
1457 471 1563 507 quam
1594 459 1652 494 ille
1677 457 1920 493 fortitudinem

1252 509 1448 549 nominarit,
1458 520 1532 543 eam
1551 520 1613 542 nos
1630 506 1868 554 gladiatoriam
1885 514 1920 540 et

1253 557 1534 593 inconsideratam
1546 555 1798 604 appellabimus
1815 564 1921 590 terne·

1252 606 1398 641 ritatem.

1302 655 1365 689 lV.
1393 652 1587 688 Laudabile
1608 651 1669 695 est,
1695 651 1793 699 quod
1811 651 1919 686 confi-

1252 701 1300 737 cit
1319 702 1505 744 honestam,
1531 712 1566 736 et
1582 699 1797 748 praesentem,
1822 708 1856 734 et
1872 699 1918 734 se-

1252 760 1430 798 quentem,
1443 749 1816 785 commemorationem.
1834 748 1920 783 Hoc

1252 811 1315 835 nos
1343 811 1386 834 eo
1413 811 1433 833 a
1459 799 1550 834 recto
1580 797 1824 846 separavimus,
1850 808 1921 832 non

1252 848 1350 902 quod
1368 848 1422 882 hae
1440 857 1592 895 quatuor
1608 857 1733 894 partes,
1746 857 1828 900 quae
1841 844 1921 880 sub·

1247 895 1418 944 jiciuntur
1436 896 1498 931 sub
1514 895 1689 930 vocabulo
1712 894 1806 935 recti,
1833 893 1921 929 hanc

1254 945 1437 981 honestatis
1453 943 1816 980 commemorationem
1841 942 1924 977 dare

1254 1006 1323 1029 non
1365 993 1516 1028 soleant:
1556 992 1612 1027 sed
1641 1003 1842 1039 quanquam
1878 1002 1922 1025 ex

1255 1042 1347 1077 recto
1374 1041 1546 1076 laudabile
1563 1040 1730 1082 nascatur,
1755 1049 1868 1074 tamen
1888 1039 1923 1073 in

1254 1090 1401 1125 dicendo
1437 1088 1583 1124 seorsum
1625 1088 1841 1123 tractandum
1875 1087 1925 1122 est

1256 1138 1321 1174 hoc
1339 1138 1384 1173 ab
1412 1137 1483 1173 illo.
1535 1137 1663 1184 Neque
1691 1137 1783 1172 enim
1812 1136 1925 1172 solum

1255 1187 1366 1222 laudis
1384 1183 1483 1221 causa
1496 1187 1627 1221 rectum
1639 1185 1732 1233 sequi
1748 1185 1925 1226 convenit,

1255 1236 1310 1271 sed
1327 1236 1351 1270 si
1371 1237 1444 1271 laus
1465 1235 1698 1282 consequitur,
1723 1233 1926 1282 duplicatur

1254 1285 1337 1320 recti
1377 1284 1560 1332 appetendi
1603 1283 1777 1319 voluntas.
1828 1283 1923 1318 Cum

1255 1333 1362 1380 igitur
1376 1333 1439 1368 erit
1457 1332 1759 1368 demonstrandum
1777 1331 1923 1373 rectum,

1254 1382 1427 1417 laudabile
1443 1382 1507 1416 effe
1536 1380 1846 1416 demonstrabimus
1863 1389 1925 1415 aut

1254 1431 1300 1465 ab
1331 1430 1459 1465 idoneis
1489 1429 1703 1470 hominibus,
1725 1439 1770 1465 ut
1798 1429 1823 1464 st
1853 1440 1927 1476 qua

1255 1492 1306 1514 res
1324 1478 1505 1514 honestiori
1531 1477 1644 1513 ordini
1671 1478 1814 1525 placeat,
1840 1489 1925 1524 quae

1255 1540 1274 1562 a
1290 1527 1454 1563 deteriore
1470 1527 1590 1562 ordine
1606 1526 1823 1573 improbetur
1834 1543 1846 1567 -,
1864 1535 1925 1561 aut

1253 1577 1298 1611 ab
1330 1576 1506 1623 aliquibus
1536 1575 1645 1617 sociis,
1673 1584 1734 1610 aut
1759 1574 1924 1610 omnibus

1253 1625 1402 1666 civibus,
1427 1624 1553 1660 exteris
1576 1623 1786 1666 nationibus,
1811 1623 1923 1670 poste·

1254 1673 1364 1720 risque
1405 1673 1537 1708 nostris.
1590 1673 1683 1707 Cum
1727 1671 1924 1718 hujusmodi

1253 1723 1410 1757 locorum
1428 1721 1550 1757 divisio
1575 1721 1615 1755 sit
1641 1721 1674 1755 in
1702 1720 1923 1755 consultatio-

1255 1783 1308 1812 ne,
1349 1770 1496 1806 breviter
1529 1769 1709 1817 aperienda
1737 1769 1785 1804 est
1816 1768 1924 1805 totius

1255 1820 1411 1854 tractatio
1427 1819 1548 1854 causae.
1600 1818 1763 1853 Exordiri
1793 1817 1923 1860 licebit,

1254 1868 1310 1903 vel
1328 1880 1348 1902 a
1365 1867 1548 1915 principio,
1574 1867 1630 1902 vel
1655 1867 1699 1901 ab
1726 1866 1924 1902 insinuatio·

1255 1929 1310 1960 ne,
1337 1917 1390 1952 vel
1424 1916 1548 1955 iisdem*
1562 1915 1764 1957 rationibus,
1791 1915 1923 1962 quibus

1256 1965 1290 2000 in
1317 1963 1475 2012 judiciali
1510 1964 1619 2000 causa.
1671 1964 1707 1998 Si
1741 1963 1841 2010 cujus
1877 1964 1923 1999 rei

1256 2014 1403 2049 narratio
1419 2014 1557 2056 incidet,
1569 2013 1686 2048 eadem
1706 2013 1834 2048 ratione
1849 2024 1924 2047 nar-

1256 2075 1327 2098 rare
1354 2063 1540 2110 oportebit.
1592 2061 1772 2109 Qoniam
1798 2061 1831 2096 in
1859 2061 1924 2096 hu-

1249 2110 1401 2158 jusmodi
1420 2112 1527 2147 causis
1546 2110 1622 2146 finis
1647 2110 1694 2145 est
1723 2111 1863 2152 utilitas,
1888 2119 1923 2145 et

1254 2172 1292 2195 ea
1309 2160 1478 2195 dividitur
1496 2160 1528 2195 in
1547 2159 1711 2195 rationem
1736 2169 1845 2193 tutam
1872 2169 1923 2193 at-

1255 2221 1324 2256 que
1342 2209 1537 2244 honestam:
1567 2208 1590 2243 si
1609 2219 1797 2254 utrumque
1826 2218 1924 2254 pote-

1255 2259 1362 2292 rimus
1392 2258 1578 2299 ostendere,
1605 2267 1792 2303 utrumque
1820 2256 1923 2303 polli-

1254 2307 1410 2341 cebimur
1429 2319 1489 2341 nos
1508 2306 1540 2340 in
1555 2305 1700 2340 dicendo
1714 2305 1923 2340 demonstra·

1256 2365 1351 2389 turos
1368 2355 1431 2390 csse
1447 2369 1454 2389 :
1485 2355 1530 2389 sin
1550 2356 1694 2389 alterum
1713 2354 1923 2389 demonstra-

1256 2403 1322 2438 turi
1340 2403 1481 2444 erimus,
1510 2403 1718 2449 simpliciter,
1735 2403 1830 2449 quod
1848 2403 1921 2437 dic-

1255 2452 1321 2486 turi
1357 2452 1486 2493 sumus,
1528 2452 1755 2486 ostendemus.
1808 2453 1858 2485 At
1897 2449 1922 2485 st

1255 2500 1403 2537 nostram
1423 2502 1586 2538 rationem
1606 2511 1716 2537 tutam
1744 2499 1807 2536 ess‘e
1833 2499 1925 2536 dice-
