2335 3009
581 233 680 274 AD
738 231 1249 273 HERENNIUM
1298 235 1432 275 LIB.

373 329 561 366 tranando.
589 328 715 364 Verbis
733 328 1040 372 commutabimus,

373 390 468 420 cum,
496 391 530 413 re
560 378 659 413 semel
686 377 790 419 dieta,
818 378 954 420 iterum,
981 388 1043 413 aut

373 426 498 474 stepius
519 426 593 461 aliis
610 425 737 469 verbis,
763 438 845 473 quae
870 426 960 461 idem
981 438 1041 460 va·

374 475 476 516 leant,
509 475 628 509 eadem
658 486 708 509 res
737 473 941 521 proferetur,
976 474 1042 510 hoc

372 523 501 558 modo:
532 522 668 558 Nullum
695 530 818 558 tantum
847 523 888 567 el}
915 525 1039 569 pericu-

371 571 446 613 lum,
472 571 552 618 quod
567 572 693 619 fizpiens
717 581 778 617 pro
792 572 899 617 salute
919 574 1040 618 patriae

370 619 535 655 vitandum
572 621 760 656 arbitretur.
812 621 890 656 Cum
928 628 1041 667 agetur

369 669 567 703 incolumitas
590 677 744 715 perpetua
774 670 940 711 civitati53
986 671 1040 716 qui

370 718 455 752 bonis
470 720 532 752 erit
548 718 721 752 rationibus
731 717 899 764 praeditus,
919 718 1040 764 profec-

371 773 402 801 to
419 766 532 801 nullum
549 768 630 800 vitae
644 765 804 812 difirimen
819 766 884 809 fibi
894 776 956 812 pro
964 767 1039 812 for-

371 817 456 849 tunis
496 814 676 860 reipublicae
707 814 895 861 fugiendum
941 823 1039 860 puta-

371 864 420 898 bit
433 877 445 898 .-
471 871 501 898 et
530 865 592 898 erit
620 865 653 898 in
681 875 718 898 ea
738 865 895 909 sententia
903 864 1038 910 semper,

371 919 408 947 ut
436 921 496 958 pro
523 914 637 958 patria
665 912 797 958 studiose
829 915 974 959 quamvis
1005 914 1040 947 in

370 973 513 1007 magnam
528 960 685 1006 descendat
707 962 788 996 vitae
803 960 1038 996 dimicationem.

372 1009 636 1044 Pronuntiando
668 1010 975 1051 commutabimus,
1014 1009 1039 1045 sl

372 1068 448 1093 tum
468 1058 501 1093 in
520 1058 681 1100 sermone,
696 1068 770 1093 tum
790 1058 822 1092 in
841 1058 1038 1100 acrimonia,

373 1116 448 1142 tum
468 1107 501 1142 in
520 1106 587 1141 alio
605 1116 708 1154 atque
721 1106 788 1142 alio
805 1118 926 1153 genere
943 1107 1038 1142 vocis

373 1166 477 1202 atque
503 1155 628 1202 gestus,
654 1155 771 1190 eadem
801 1156 915 1190 verbis
943 1168 1037 1191 com-

372 1205 552 1246 mutando,
592 1203 870 1251 pronuntiatione
897 1216 1040 1252 quoque

371 1252 608 1287 vehementius
633 1252 906 1287 immutabimus.
955 1253 1039 1288 Hoc

373 1313 485 1348 neque
506 1301 777 1335 commodiffime
793 1299 893 1335 scribi
917 1301 1038 1348 potest,

372 1362 485 1397 neque
509 1361 632 1397 parum
650 1349 697 1383 est
722 1359 898 1396 apertum:
933 1361 1040 1396 quare

356 1411 442 1433 >non
459 1408 536 1445 eget
551 1397 712 1445 exempli.
751 1398 914 1432 Tertium
931 1409 1040 1444 genus

371 1447 420 1482 est
446 1446 739 1487 commutationis,
765 1447 861 1492 quod
894 1447 1040 1481 tractan-

372 1496 419 1531 do
449 1495 643 1537 conficitur,
669 1495 693 1530 fi
721 1494 917 1530 sententiam
949 1495 1040 1542 traji-

373 1544 516 1585 ciemus,
552 1554 611 1578 aut
641 1544 683 1578 ad
713 1543 1039 1587 sermocinationem,

372 1603 434 1628 aut
451 1593 492 1627 ad
510 1592 813 1627 exsuscitationem.

422 1641 558 1676 XLIlI.
593 1641 840 1676 sermocinatio
880 1641 940 1683 est,
980 1641 1041 1686 (de

372 1701 444 1737 qua
470 1689 606 1737 planius
637 1690 742 1735 paulo
769 1689 846 1736 post
875 1690 935 1725 suo
961 1691 1040 1725 loco

372 1740 542 1780 dicemus,
575 1750 667 1773 nunc
698 1738 845 1773 breviter
881 1739 922 1773 ad
953 1739 1040 1774 hanc

374 1799 458 1829 rem,
485 1787 581 1835 quod
601 1787 676 1822 latis
693 1787 745 1828 sit,
765 1787 989 1834 attingemus)
1005 1788 1038 1822 in

374 1848 445 1884 qua
461 1835 687 1872 constituetur
715 1834 860 1882 alicujus
888 1836 1040 1883 personae

374 1885 484 1921 oratio
520 1885 779 1919 accommodata
814 1884 856 1918 ad
893 1885 1040 1931 dignita-

376 1943 457 1975 tem,
484 1933 548 1968 hoc
581 1935 699 1975 modo,
727 1942 779 1974 ut,
806 1944 879 1979 quo
905 1932 1041 1968 facilius

376 1994 426 2017 res
454 1981 613 2029 cognosci
639 1983 753 2029 possit,
780 1993 821 2016 ne
851 1982 895 2016 ab
923 1983 1041 2016 eadem

376 2030 536 2066 sententia
561 2032 780 2065 recedamus:
824 2031 965 2076 Sapiens,
991 2031 1043 2077 qui

375 2081 477 2114 omnia
516 2079 694 2125 reipublicae
733 2078 822 2125 causa
847 2078 1041 2126 suscipienda

370 2128 514 2174 pericula
524 2128 665 2174 putabit,
683 2128 766 2174 slepe
791 2126 853 2173 ipfie
870 2129 971 2172 secum
997 2128 1041 2161 lo-

375 2178 482 2224 quitur
494 2189 506 2210 .·
532 2177 607 2213 Non
621 2177 696 2211 mihi
703 2177 778 2222 soli,
795 2176 854 2222 sed
868 2181 973 2219 etiam,
991 2184 1042 2211 at-

376 2237 431 2272 que
447 2224 522 2259 adeo
539 2225 634 2259 multo
645 2227 764 2271 potius,
794 2234 889 2259 natus
919 2237 969 2260 um
982 2235 1041 2271 pa-

377 2275 474 2309 triae:
501 2275 586 2314 vita,
612 2273 764 2320 quaefato
788 2274 923 2317 debetur,
942 2274 1045 2320 fizluti

370 2324 490 2370 patriae
521 2320 704 2367 potiffimum
729 2322 889 2368 solvatur.
943 2323 1045 2361 Aluit

376 2373 441 2407 haec
458 2383 527 2405 me:
553 2377 620 2404 tute
646 2378 738 2417 atque
755 2371 871 2415 honeste
897 2371 1045 2417 produxit

376 2419 466 2467 usque
493 2419 537 2453 ad
560 2418 643 2452 hanc
659 2427 808 2453 aelalem:
837 2423 948 2454 muniit
965 2431 1046 2454 meas

376 2472 516 2506 rationes
544 2468 629 2502 bonis
653 2467 781 2514 legibus,
806 2471 926 2514 optimis
952 2473 1046 2504 mori-

467 2564 611 2604 ΤοΜ.
644 2564 720 2605 ΙΧ.

1480 237 1552 276 IV.
1683 251 1762 292 217

1090 329 1158 372 bus,
1185 329 1381 374 honestiffimis
1395 331 1567 378 disciplinis.
1601 331 1692 380 Qcid
1707 333 1759 377 est,

1090 377 1172 424 quod
1185 390 1206 412 a
1222 380 1360 424 mesatis
1376 382 1404 414 ei
1415 381 1550 426 perfhlvi
1559 381 1660 426 poffit‚
1680 382 1773 416 unde·

1090 427 1155 461 haec
1170 436 1296 472 accepta
1304 428 1382 472 sunt
1396 431 1414 463 ?
1439 429 1529 475 Qtia
1547 431 1610 465 haec
1623 431 1760 478 loquitur

1083 476 1187 521 secum
1208 477 1343 521 sapiens,
1364 477 1449 522 saepe
1477 489 1531 523 ego
1557 480 1591 512 in
1614 480 1758 524 periculis

1087 523 1264 569 reipublicae
1281 524 1396 559 nullum
1413 526 1475 570 ipse
1493 528 1660 571 periculum
1668 529 1756 574 fugi.

1087 572 1174 607 Item
1195 582 1350 608 mutatur
1366 585 1416 608 res
1434 575 1623 617 tractando,
1647 576 1671 611 si
1690 586 1757 611 tra-

1087 621 1226 656 ducitur
1256 621 1298 656 ad
1331 622 1637 665 exsuscitationem,
1675 636 1758 660 cum

1086 679 1121 704 et
1138 681 1200 705 nos
1227 670 1393 706 commoti
1422 671 1537 706 dicere
1566 671 1757 715 videamur,

1090 727 1125 753 et
1161 718 1326 754 auditoris
1361 718 1515 755 animum
1558 732 1756 756 commove-

1091 779 1182 810 mus,
1209 767 1252 802 fic
1267 781 1275 803 :
1304 767 1388 814 Qis
1403 769 1441 813 est
1455 776 1522 803 tam
1539 770 1625 803 tenui
1641 773 1756 816 cogita-

1090 817 1174 850 tione
1199 815 1364 861 praeditus‚
1400 817 1487 863 cujus
1513 819 1634 852 animus
1660 820 1758 853 tantis

1089 864 1238 909 angustiis
1253 865 1386 900 invidiae
1409 867 1594 908 continetur,
1620 869 1674 913 qui
1698 879 1758 902 non

1089 912 1171 947 hunc
1189 913 1340 948 hominem
1354 913 1558 958 studitfiffime
1581 915 1700 958 laudet,
1727 923 1758 950 et

1080 962 1330 1008 fizpiemiffimum
1335 962 1476 1008 judicet,
1500 965 1554 1010 qui
1572 973 1634 1009 pro
1654 965 1758 1005 salute

1083 1012 1212 1056 patrie,
1250 1020 1310 1056 pro
1343 1011 1554 1046 incolumitate
1600 1014 1755 1056 civitatis,

1082 1068 1143 1104 pro
1158 1059 1333 1105 reipublicae
1343 1063 1495 1103 fortunis,
1512 1063 1656 1108 quam-vis
1672 1074 1757 1109 mag-

1087 1119 1160 1142 num
1193 1116 1285 1155 atque
1319 1117 1413 1143 atrox
1442 1110 1613 1155 periculum
1639 1111 1755 1151 studio-

1078 1157 1116 1202 fi'
1124 1156 1284 1202 suscipiat,
1311 1165 1341 1191 et
1359 1157 1493 1192 libenter
1500 1158 1612 1204 subeat
1622 1160 1640 1193 ,Ρ
1658 1161 1756 1206 Equi-
1772 1193 1775 1197 ,

1087 1204 1155 1239 dem
1172 1206 1252 1240 hunc
1276 1206 1426 1241 hominem
1447 1209 1545 1253 magis
1570 1209 1658 1252 cupio
1672 1208 1758 1253 fluis

1088 1252 1231 1296 laudare,
1256 1267 1348 1302 quam
1370 1255 1509 1301 poſjum;
1540 1255 1675 1303 idemque
1701 1257 1757 1291 hoc

1089 1310 1170 1336 certo
1187 1303 1251 1348 scio
1279 1303 1369 1338 vobis
1396 1304 1532 1338 omnibus
1554 1305 1607 1352 usu
1634 1307 1755 1340 venire.

1088 1350 1220 1385 Eadem
1241 1363 1290 1385 res
1310 1351 1414 1398 igitur
1433 1352 1483 1386 his
1507 1353 1617 1387 tribus
1645 1353 1679 1388 in
1705 1353 1758 1388 di-

1089 1399 1199 1433 cendo
1228 1400 1502 1435 commutabitur
1531 1401 1644 1443 rebus,
1679 1413 1758 1437 ver-

1091 1447 1156 1488 bis,
1186 1448 1451 1494 pronuntiando‚
1479 1450 1679 1485 tranando:
1703 1449 1758 1486 sed

1090 1496 1267 1531 tractando
1284 1497 1481 1544 dupliciter,
1507 1498 1759 1534 sermocinatio-

1091 1557 1132 1579 ne
1158 1555 1192 1579 et
1221 1545 1491 1581 exsuscitatione.
1549 1547 1616 1582 Sed
1640 1548 1682 1582 de
1703 1560 1758 1582 ea-

1088 1594 1166 1628 dem
1203 1605 1237 1628 re
1275 1606 1357 1629 cum
1393 1595 1560 1638 dicemus,
1596 1596 1758 1643 pluribus

1090 1653 1228 1677 utemur
1262 1643 1606 1680 commutationibus.
1662 1646 1759 1680 Nam

1090 1703 1170 1726 cum
1191 1703 1259 1726 rem
1284 1691 1483 1739 simpliciter
1510 1693 1759 1740 pronuntiave-

1091 1740 1211 1781 rimus,
1247 1740 1412 1775 rationem
1436 1741 1625 1787 poterimus
1654 1741 1757 1788 subji-

1088 1800 1182 1822 cere:
1204 1788 1338 1823 Deinde
1354 1789 1530 1836 duplicem
1548 1791 1603 1824 vel
1622 1790 1689 1825 sine
1707 1802 1759 1825 ra-

1089 1837 1243 1872 tionibus
1260 1837 1315 1871 vel
1343 1849 1423 1872 cum
1455 1838 1645 1874 rationibus
1676 1851 1758 1887 pro-

1091 1885 1246 1920 nuntiare
1282 1885 1501 1922 sententiam:
1543 1887 1678 1922 Deinde
1707 1887 1756 1922 af-

1090 1933 1176 1968 ferre
1193 1934 1427 1976 contrarium;
1455 1936 1498 1969 de
1526 1936 1656 1983 quibus
1683 1949 1758 1972 om—

1091 1982 1194 2017 nibus
1211 1983 1363 2018 diximus
1388 1983 1421 2018 in
1447 1985 1635 2019 verborum
1659 1997 1759 2020 exor-

1091 2030 1313 2067 nationibus:
1341 2031 1476 2067 Deinde
1498 2033 1617 2076 simile,
1643 2043 1675 2068 et
1699 2045 1759 2069 ex-

1090 2080 1259 2127 emplum,
1295 2080 1338 2115 de
1366 2092 1440 2128 quo
1467 2081 1526 2117 suo
1555 2082 1633 2117 loco
1658 2083 1761 2130 plura

1090 2129 1255 2163 dicemus.

1143 2177 1278 2212 XLW.
1324 2177 1459 2212 Deinde
1485 2179 1760 2224 conclusionem,

1093 2226 1135 2260 de
1152 2238 1221 2273 qua
1238 2226 1270 2261 in
1290 2226 1437 2261 secundo
1455 2228 1557 2269 libro,
1572 2240 1653 2274 quae
1671 2241 1762 2276 opus

1093 2274 1247 2316 fuerunt,
1284 2275 1446 2317 diximus,
1482 2276 1763 2321 demonstrantes,

1095 2324 1426 2370 argumentationem
1468 2325 1765 2370 quemadmodum

1096 2373 1300 2407 concludere
1318 2382 1485 2419 oporteat.
1531 2373 1570 2407 In
1590 2373 1655 2408 hoc
1675 2374 1766 2410 libro

1096 2421 1292 2462 docuimus,
1318 2419 1508 2465 cujusmodi
1528 2421 1608 2456 esset
1623 2434 1767 2459 exorna·

1098 2469 1147 2505 tio
1180 2469 1289 2512 verbi,
1316 2470 1370 2503 cui
1400 2469 1612 2506 conclusioni
1641 2483 1767 2508 nomen

1387 2566 1472 2605 Ee
