2241 2994
750 236 1366 278 HISTORIA.

365 336 426 379 est,

366 386 404 421 de
423 387 574 421 Divinat.
601 393 669 431 cap.
692 383 749 418 28.

418 432 585 470 Postridie
612 433 655 467 de
677 430 854 467 Ciceronis
872 429 977 465 salute
995 429 1036 465 P.

367 483 511 519 Lentuli
554 480 715 522 consulis,
767 480 833 515 Cn.
878 478 1038 527 Pompeii

368 542 644 578 caeterorumque
674 528 889 577 principum,
923 528 957 562 in
988 527 1040 562 his

369 581 411 616 P.
442 579 578 615 Servilii
605 589 638 614 et
668 579 713 613 L.
746 577 865 618 Gellii,
892 576 1040 612 celeber-

368 629 468 664 rimae
485 639 519 664 et
537 627 742 676 graviffirnae
766 625 948 661 conciones
966 624 1042 660 fue-

370 687 465 720 runt,
486 679 551 724 poll
582 676 690 712 Redit.
721 676 767 711 od
787 676 944 723 Qirites,
971 684 1041 720 cap.

371 727 404 763 6.
431 737 464 761 et
479 730 514 761 in
531 727 660 768 Senatu,
686 734 754 771 cap.
780 737 793 759 1
806 737 833 760 1.
846 733 908 770 pro
927 724 1042 766 Sextio,

369 785 439 822 cap.
461 787 518 820 50.
543 777 577 810 in
594 775 748 817 Pisonem,
776 783 842 821 cap.
869 785 922 818 15.
972 773 1043 808 Eo-

369 825 520 872 demque
553 823 608 858 die
645 824 822 858 decretum
861 822 894 856 in
937 821 1044 856 Curia

369 872 452 916 fuit,
479 873 603 921 populi
634 872 739 920 ipsius
765 870 918 906 Romani
936 880 970 905 et
987 882 1044 905 eo·

370 935 462 965 rum,
490 934 550 968 qul
580 934 622 956 ex
649 920 848 968 municipiis
874 931 1044 955 convene-

370 981 461 1013 rant,
489 970 695 1012 admonitu3
723 982 764 1005 ne
791 969 870 1016 quis
895 968 938 1003 de
955 968 1044 1003 caelo

370 1021 541 1062 servaret·,
583 1032 624 1054 ne
657 1019 737 1066 quis
772 1030 904 1053 moram
936 1018 1042 1052 ullam

371 1069 520 1104 afferret.
571 1069 606 1104 Si
643 1068 723 1116 quis
767 1068 864 1102 aliter
904 1066 1043 1109 fecisset,

371 1131 452 1154 eum
479 1119 580 1165 plane
605 1118 792 1152 eversorem
823 1115 1044 1162 Reipublicae

371 1166 458 1209 fore,
486 1168 591 1215 idque
609 1166 759 1201 senatum
778 1167 970 1212 gravissime
998 1165 1042 1198 la-

372 1227 492 1251 turum
509 1230 516 1251 :
545 1225 578 1250 et
606 1226 644 1250 ut
673 1216 784 1250 statim
803 1215 845 1248 de
861 1213 935 1261 ejus
953 1212 1046 1247 facto

373 1264 563 1301 referretur.
617 1264 768 1299 Addidit
784 1263 886 1297 etiam
914 1263 1045 1298 senatus

374 1314 486 1350 illud:
515 1314 576 1347 nisi
606 1313 729 1347 diebus
760 1313 929 1359 quinque,
968 1311 1046 1357 qui-

374 1359 442 1398 bus
460 1362 514 1409 agi
533 1362 575 1397 de
591 1362 757 1397 Cicerone
775 1361 950 1408 potuiss'et‚
967 1360 1046 1394 effet

373 1412 505 1454 aetum,
523 1411 646 1446 rediret
663 1411 696 1445 in
715 1412 862 1458 patriam
879 1409 1046 1456 dignitate

373 1460 470 1497 omni
487 1470 695 1508 recuperata.

423 1509 591 1546 Decrevit
621 1510 742 1544 eodem
773 1517 927 1554 tempore
956 1507 1046 1542 sena-

375 1569 445 1602 tus,
471 1568 510 1593 ut
528 1558 579 1599 iis,
607 1557 668 1604 qui
693 1570 735 1592 ex
754 1567 826 1592 tota
846 1557 941 1592 Italia
959 1557 1046 1591 salu-

374 1608 419 1644 tis
449 1607 505 1642 M.
539 1606 654 1642 Tullii
683 1606 782 1641 causa
806 1616 1048 1649 convenerant,

376 1666 558 1704 agerentur
582 1656 717 1703 gratiae,
743 1665 848 1702 atque
880 1665 919 1689 ut
945 1655 1048 1689 iidem

375 1707 419 1741 ad
437 1717 487 1740 res
517 1705 708 1748 redeuntes,
735 1714 774 1740 ut
799 1704 964 1745 venirent,
993 1715 1046 1738 ro-

375 1764 550 1802 garentur,
574 1764 634 1799 pro
663 1756 778 1796 Sextio,
805 1762 872 1799 cap.
900 1753 957 1788 62.
979 1753 1047 1798 pest

374 1803 482 1841 Redit.
502 1805 536 1837 in
559 1804 687 1845 Senatu,
714 1812 783 1848 cap.
803 1814 836 1849 9.
869 1810 900 1836 et
934 1815 986 1836 11.
1013 1813 1047 1836 et

375 1856 409 1889 in
440 1853 594 1899 Pisonem,
621 1862 688 1899 cop.
719 1864 772 1897 15.
826 1855 957 1898 Legem
989 1851 1046 1885 de-

377 1902 457 1938 inde
494 1913 612 1937 omnes
649 1900 878 1948 magistratus,
924 1911 1049 1946 praeter

378 1951 540 1999 Appium
570 1961 768 1998 praetorem,
804 1949 959 1995 duosque
990 1948 1049 1983 tri-

379 2000 510 2036 bunos.
535 2000 648 2047 plebis
690 2000 739 2034 N.
785 1999 975 2040 Quintium
1016 2006 1051 2032 et

378 2049 457 2085 Sex.
477 2049 642 2088 Atilium,
667 2060 709 2083 ex
733 2049 768 2083 S.
788 2048 830 2083 C.
850 2047 1051 2095 promulga-

379 2109 473 2141 runt,
497 2101 531 2133 in
563 2099 714 2142 tisonem,
745 2107 810 2143 cap.
852 2109 905 2141 ¹5·
957 2097 1049 2130 Cum

379 2145 530 2182 ferendae
548 2147 632 2194 legis
655 2147 738 2187 dies,
765 2146 826 2194 qui
855 2144 924 2180 fuit
941 2144 1052 2193 pridie

380 2195 478 2230 Non.
495 2196 614 2231 Sextil.
634 2196 786 2236 veniss‘ct,
813 2205 846 2229 et
876 2195 1051 2230 Lentulus

381 2244 500 2280 consul
519 2244 677 2292 idemque
695 2245 781 2280 lator
799 2243 882 2291 legis
910 2243 1051 2278 comitia

382 2294 570 2329 centuriata
590 2294 624 2328 in
655 2306 779 2341 campo
801 2293 930 2328 Martio
948 2293 1048 2329 habe-

382 2352 446 2384 ret,
483 2342 523 2376 P.
555 2342 701 2377 Clodius
734 2343 844 2390 legem
880 2342 922 2376 de
957 2354 1051 2377 more

381 2390 545 2433 dissuasit,
572 2391 668 2437 quod
697 2391 769 2426 Dio
795 2391 848 2426 lib.
872 2391 1052 2426 XXXIX.

382 2441 484 2488 plane
501 2439 629 2482 scribit,
654 2450 688 2474 et
714 2440 836 2475 Cicero
857 2449 919 2485 pro
940 2441 1054 2482 Domo,

383 2499 451 2536 cap.
488 2501 545 2537 33.
585 2489 633 2524 ita
664 2488 855 2536 significat:
891 2488 954 2526 Illa
980 2489 1055 2535 suit

1677 253 1754 296 303

449 345 508 384 pro
535 336 652 378 Sextio,
677 343 746 380 cop.
780 344 839 379 55.
865 343 900 368 et
924 331 979 368 lib.
1006 332 1033 368 1.
1080 331 1284 378 pulchritudo
1300 332 1410 379 populi
1436 333 1585 376 Romani,
1611 334 1666 370 illa
1683 335 1758 381 for-

1085 393 1150 422 ma,
1175 384 1316 427 quamin
1342 391 1449 428 campo
1465 383 1572 428 vidzsti
1586 392 1666 426 tum,
1693 396 1760 419 cum

1087 431 1181 464 etiam
1213 430 1272 464 tibi
1313 439 1420 466 contra
1446 431 1577 477 senatus
1612 433 1761 480 totiusque

1087 478 1196 513 Italiae
1212 481 1432 514 auc'loritatem
1450 488 1480 515 et
1487 481 1627 524 studium
1643 481 1762 517 dicendi

1084 527 1313 573 potestasfuit.
1366 527 1415 562 Et
1433 528 1467 562 in
1485 529 1657 573 Sextiana,
1684 542 1760 578 cap.

1092 588 1150 621 50.
1203 575 1283 612 Cedo
1300 589 1378 612 nunc
1402 577 1529 623 ejusdem
1546 578 1628 613 illius
1645 581 1763 614 inimici

1092 628 1150 660 mei
1167 624 1204 660 de
1227 636 1279 660 me
1303 624 1403 660 eodem
1430 626 1475 660 ad
1495 637 1606 661 verum
1621 629 1764 673 populum

1092 677 1125 709 in
1142 684 1245 721 campo
1263 676 1393 709 Martio
1410 677 1584 710 concionem.
1619 677 1769 720 Verum,

1094 735 1175 758 cum
1205 734 1240 758 et
1268 723 1337 766 alii,
1363 734 1398 759 et
1427 724 1613 772 Pompeius
1643 725 1675 759 in
1695 726 1765 772 pri-

1095 772 1160 808 mis
1191 773 1301 820 legem
1327 772 1491 814 suaderet,
1520 783 1559 808 ut
1588 773 1660 808 Dio
1687 774 1764 809 scri-

1095 822 1159 863 bit,
1179 821 1314 857 summo
1331 821 1490 857 consensu
1510 822 1667 857 omnium
1686 835 1764 858 cen-

1094 871 1263 905 turiarum
1282 881 1420 918 accepta
1438 870 1519 914 fuit,
1537 883 1618 906 cum
1637 873 1764 907 nemini

1094 919 1161 954 civi
1182 919 1252 954 ulla
1275 931 1349 967 quo
1374 920 1488 955 minus
1516 921 1651 963 adesset,
1673 919 1766 968 justa

1093 969 1266 1004 excusatio
1283 969 1363 1003 effet
1380 968 1461 1011 visa,
1488 969 1593 1004 nullis
1617 970 1765 1005 comitiis

1094 1029 1250 1064 unquam
1268 1018 1459 1053 multitudo
1482 1018 1662 1053 hominum
1691 1029 1765 1054 tan-

1094 1077 1140 1108 ta,
1181 1079 1292 1114 neque
1327 1067 1536 1114 splendidior
1570 1066 1696 1110 fuiffet,
1733 1071 1766 1103 in

1096 1116 1246 1162 Pisonem,
1273 1125 1342 1162 cop.
1379 1128 1391 1150 i
1401 1129 1432 1162 5.
1485 1116 1629 1152 Constat
1660 1118 1764 1159 enirn,

1086 1171 1135 1198 'ut
1155 1165 1242 1199 idem
1268 1175 1326 1210 pro
1355 1166 1455 1200 Domo
1475 1165 1538 1210 sua
1557 1166 1604 1200 ait
1620 1176 1686 1212 cap.
1708 1169 1764 1201 28.

1097 1213 1201 1248 nullis
1232 1225 1389 1260 unquam
1420 1214 1570 1249 comitiis
1601 1227 1766 1262 campum

1097 1263 1269 1297 Martium
1301 1273 1394 1297 tanta
1426 1263 1633 1304 celebritate,
1671 1274 1768 1299 tanto

1098 1311 1275 1358 spiendore
1293 1314 1404 1346 omnis
1422 1313 1553 1358 generis
1572 1313 1767 1354 hominum,

1097 1370 1254 1401 attatum,
1279 1361 1441 1395 ordinum
1464 1360 1620 1396 floruisse.
1671 1362 1766 1397 Idem

1095 1409 1143 1444 est
1159 1413 1193 1443 in
1210 1418 1293 1443 orat.
1308 1412 1373 1454 pcyt'
1390 1411 1538 1445 Reaitum
1554 1409 1596 1444 ad
1613 1409 1768 1457 Quirites,

1096 1468 1163 1504 cap.
1187 1459 1218 1493 8.
1245 1461 1277 1492 in
1295 1459 1361 1494 Sen.
1381 1467 1451 1504 cop.
1475 1471 1527 1494 11.

1147 1507 1263 1542 Pridie
1280 1509 1376 1542 Non.
1397 1507 1516 1543 Sextil.
1536 1507 1608 1555 ipso
1624 1507 1685 1543 illo
1700 1508 1768 1550 die,

1098 1569 1171 1604 quo
1190 1557 1244 1591 lex
1262 1556 1309 1592 est
1327 1556 1406 1599 lata,
1433 1557 1557 1592 Cicero
1575 1557 1779 1603 Dyrrachio-

1098 1604 1275 1653 profestus
1292 1605 1526 1640 Brundusium
1549 1606 1644 1640 venit
1672 1607 1768 1641 Non.

1098 1658 1191 1690 Sext.
1218 1665 1264 1701 ep.
1291 1668 1318 1690 1.
1346 1654 1399 1689 lib.
1425 1655 1485 1689 1V.
1515 1656 1559 1689 ad
1572 1657 1648 1690 Ait.
1692 1655 1770 1690 Ad-

1098 1703 1246 1739 venienti
1277 1703 1435 1738 Ciceroni
1465 1713 1631 1750 tanquam
1663 1705 1778 1739 totius.>

1098 1753 1208 1788 ltaliae
1238 1762 1342 1799 atque
1369 1753 1473 1800 ipsius
1503 1753 1624 1799 patriae
1651 1753 1769 1788 dexte-

1098 1814 1169 1837 ram
1189 1812 1413 1849 porrexerunt
1434 1802 1635 1836 Brundusini
1653 1819 1663 1843 ·,
1686 1813 1769 1837 cum

1099 1851 1177 1898 ipsis
1206 1851 1318 1886 ‘sionis
1345 1851 1460 1885 <extil.
1493 1851 1583 1886 idem
1609 1851 1679 1886 dies
1710 1851 1768 1886 ad-

1100 1911 1222 1934 ventus
1251 1900 1305 1934 M.
1328 1900 1441 1934 Tullii
1468 1898 1594 1941 fuisset,
1623 1900 1684 1947 qui
1713 1912 1771 1935 na-

1101 1949 1177 1984 talis
1209 1949 1300 1984 idem
1330 1949 1464 1984 Tuniae
1494 1949 1586 1989 filiae.
1613 1961 1695 1996 quae
1722 1950 1771 1984 ibi

1100 1998 1189 2046 patri
1207 1997 1276 2033 fuit
1303 1998 1440 2045 praesto,
1468 1997 1557 2032 idem
1585 1999 1687 2033 etiarn
1719 1998 1770 2046 ip-

1101 2048 1168 2082 sius
1211 2048 1358 2083 coloniae
1402 2047 1638 2089 Brundusinae,
1681 2048 1772 2082 idem

1100 2096 1239 2137 Salutis,
1285 2108 1367 2143 quae
1404 2108 1454 2131 res
1489 2096 1719 2131 animadversa
1753 2109 1773 2131 a

1101 2145 1337 2187 multitudine,
1378 2147 1509 2180 summa
1536 2145 1770 2180 Brundusino-

1102 2207 1178 2230 rum
1198 2195 1427 2242 gratulatione
1445 2194 1615 2229 celebrata
1631 2193 1691 2236 est,
1709 2203 1772 2239 pro

1101 2245 1214 2286 Sextio,
1241 2253 1309 2290 cap.
1342 2244 1362 2279 6
1368 2255 1401 2289 3,
1426 2254 1459 2278 et
1476 2243 1529 2278 lib.
1549 2243 1612 2278 lv.
1638 2242 1682 2277 ad
1697 2245 1770 2279 An.

1137 2308 1146 2327 ι
1176 2321 1184 2328 .
1208 2306 1237 2329 1.

1100 2303 1333 2378 epBrundufii
1371 2353 1451 2376 cum
1481 2340 1561 2375 esset
1591 2339 1624 2374 in
1665 2340 1772 2377 domo

1102 2391 1315 2438 optimorum
1333 2401 1365 2425 et
1391 2389 1662 2424 doctissimorum
1681 2389 1772 2426 viro-

1105 2452 1183 2475 rum
1199 2440 1300 2474 Lenii
1319 2439 1449 2479 Flacci,
1475 2448 1508 2473 et
1531 2438 1637 2486 patris
1654 2448 1688 2474 et
1704 2438 1772 2474 fra-

1104 2489 1164 2525 tris
1189 2487 1275 2536 ejus,
1302 2498 1379 2524 ante
1405 2487 1497 2523 diem
1524 2499 1562 2523 vi
1595 2486 1648 2523 Id.
1678 2488 1771 2525 Sext.
