2335 3009
775 206 1369 269 AD-BRUTUM.
1719 228 1774 271 77

369 305 410 345 de
428 314 541 346 morte
560 305 706 356 Pansae,
742 303 973 357 custodirique
1004 312 1046 342 ut
1059 303 1300 357 parricidam.
1349 307 1465 346 Nihil
1486 307 1601 348 minus
1621 311 1770 352 creden-

368 371 451 410 dum
479 371 536 423 est.
580 369 673 422 Qis
701 369 791 408 enim
821 369 990 422 majorem
1019 370 1264 409 calamitatem
1291 382 1404 411 morte
1432 375 1568 427 Paaeffae
1592 377 1730 430 accepit
1746 378 1768 416 ἓ

369 439 563 477 Praeterea
593 435 639 487 est
669 434 833 487 modestus
863 435 961 474 homo
987 444 1023 473 et
1027 436 1175 488 frugi:
1205 451 1305 489 quem
1324 451 1368 475 ne
1385 440 1527 478 utilitas
1547 441 1683 493 quidem
1701 443 1766 482 vi-

367 501 499 540 deatur
516 499 830 554 impulficrafitgffi’
848 501 1068 553 adfacinus.
1115 504 1215 554 Rogo
1246 512 1296 547 te,
1326 512 1362 541 et
1382 504 1518 556 quidem
1538 507 1644 546 valde
1662 523 1762 562 rogo,

367 567 478 622 (nam
496 566 683 605 Achilleus
701 566 814 619 noster
831 580 899 605 non
919 566 1047 610 minus,
1077 581 1184 619 quam
1202 581 1342 620 aequum
1361 567 1420 620 est,
1440 568 1612 623 laborat)
1631 573 1765 626 eripias

366 647 443 671 eum
463 647 506 672 ex
524 632 688 686 custodia,
719 633 978 686 corfirvesque.
1025 634 1108 672 Hoc
1134 647 1196 686 ego
1221 633 1273 672 ad
1287 647 1401 672 meum
1418 634 1566 687 officium
1578 638 1761 689 privata-

365 713 448 737 rum
466 713 601 744 rerum,
631 713 731 752 aeque
749 709 858 751 atque
878 699 986 737 ullam
1004 699 1113 738 aliam
1132 714 1220 744 rem,
1243 700 1432 752 pertinere
1450 701 1628 740 arbitror.
1671 705 1764 743 Cum

365 765 432 803 has
450 765 502 803 ad
517 775 553 804 te
556 765 755 818 scriberem
775 765 916 809 literas,
947 765 993 803 ab
1013 766 1138 804 Satrio
1157 766 1275 818 legato
1300 767 1342 805 C.
1369 764 1540 806 Trebonii
1555 768 1698 808 reddita
1718 771 1764 822 est

365 831 456 869 mihi
471 831 611 885 epistola
635 845 659 869 a
687 829 803 870 ‘Tullio
828 841 864 869 et
893 832 1087 884 Dejotaro,
1117 831 1346 871 Dolabellam
1373 833 1499 884 caestcm
1512 833 1765 889 fugatumque

364 896 439 949 ff'·
486 898 658 936 Graecam
687 897 862 950 epistolam
894 897 965 936 tibi
991 897 1068 948 misi
1097 898 1271 950 Cycherei
1296 897 1488 950 cujusdam,
1519 899 1572 938 ad
1598 902 1763 941 Satrium

364 963 416 1014 mi
439 978 510 1001 am.
553 963 710 1002 Flavius
741 963 853 1016 noster
880 963 921 1002 de
953 964 1208 1015 controvetsta‚
1240 978 1346 1016 quam
1373 963 1482 1003 habet
1501 979 1579 1003 cum
1601 967 1761 1019 Dyrra·

366 1029 479 1067 chim‘s
499 1030 769 1075 hereditariam,
785 1030 940 1083 fitmpfit
959 1039 996 1068 te
1002 1029 1174 1082 judicem.
1218 1032 1318 1084 Rogo
1348 1039 1398 1077 te,
1434 1032 1572 1077 Cicero,
1602 1042 1638 1072 et
1665 1034 1762 1073 Fla-

366 1095 450 1134 vius
469 1104 590 1147 rogat,
623 1110 696 1134 rem
716 1096 891 1147 corficios.
923 1097 1021 1148 inn
1042 1098 1086 1142 ei,
1115 1097 1178 1149 qui
1193 1097 1474 1148 Flaviumfi’cit
1493 1098 1665 1144 heredem,
1689 1109 1760 1153 pe-

365 1161 508 1199 cuniam
525 1160 688 1199 debuerit
705 1161 852 1207 civitas,
882 1176 950 1201 non
970 1162 1015 1213 cst
1040 1161 1183 1200 dubium
1200 1181 1211 1207 ς
1243 1177 1352 1216 neque
1378 1163 1616 1212 Dyrrachini
1642 1164 1761 1216 infiti-

365 1236 480 1265 antur
495 1244 505 1270 ;
522 1227 597 1278 fid
605 1227 686 1277 fibi
699 1227 868 1265 donatum
886 1243 936 1266 aes
953 1228 1106 1266 alienum
1124 1243 1148 1266 a
1170 1230 1315 1280 Caesbre
1332 1227 1470 1267 dicunt.
1506 1230 1598 1268 Noli
1619 1231 1710 1282 pati
1735 1246 1758 1270 a

365 1290 560 1344 neceffarizk
589 1292 662 1331 tuis
692 1291 876 1344 neceffario
902 1306 974 1330 meo
1000 1292 1171 1345 injuriam
1183 1294 1290 1346 fieri.
1335 1310 1430 1334 Χνη
1449 1295 1537 1333 Kal.
1560 1297 1659 1349 Jun.
1697 1298 1761 1336 Ex

365 1357 488 1410 castris
505 1357 674 1397 adimam
695 1358 938 1398 Candaviam.

695 1559 950 1598 BRuTus
1003 1559 1329 1598 CICERONI
1381 1561 1421 1600 S.

363 1687 460 1726 VII.
483 1687 644 1762 LUC
656 1689 684 1726 I
694 1688 771 1726 US
798 1686 951 1726 Bibulus
969 1701 1075 1740 quam
1095 1701 1203 1726 carus
1221 1687 1312 1726 mihi
1326 1686 1385 1740 ff
1404 1686 1538 1734 debeat,
1569 1704 1665 1729 nemo
1683 1705 1757 1730 me-

586 1755 653 1792 lius
667 1753 837 1805 judicare
850 1754 975 1806 potest,
1007 1769 1113 1808 quom
1133 1763 1176 1792 tu
1193 1769 1202 1797 ;
1235 1754 1334 1805 cujus
1353 1762 1471 1792 tantae
1483 1763 1556 1808 pro
1577 1757 1760 1808 republica

362 1819 598 1858 contentiones
611 1819 932 1872 sbfficitudinelque
949 1821 1128 1872 suerunt.
1173 1821 1305 1872 Itaque
1323 1820 1387 1857 vel
1399 1819 1503 1872 ipsius
1531 1821 1669 1867 virtus,
1701 1823 1765 1861 ‘cel

361 1885 480 1938 nostra
499 1886 699 1938 necfftudo
718 1885 817 1924 debet
835 1885 1022 1924 conciliare
1047 1896 1083 1925 te
1101 1886 1180 1924 illi:
1212 1899 1278 1939 quo
1295 1886 1411 1924 minus
1429 1887 1544 1925 multa
1562 1887 1652 1926 mihi
1653 1890 1758 1942 stri·

362 1951 474 1990 benda
499 1951 558 2005 effl’
587 1952 764 1990 arbitror.
817 1952 990 1990 Voluntas
1010 1953 1100 1991 enim
1119 1962 1155 1990 te
1173 1965 1313 1990 movere
1331 1950 1430 1990 debet
1449 1952 1578 2006 nostra,
1596 1954 1638 2006 si
1663 1954 1759 1993 modo

345 2015 451 2071 justa
469 2017 526 2071 cst,
556 2027 623 2056 aut
635 2026 706 2071 pro
726 2017 832 2070 officio
849 2016 1252 2071 neceffn-zofitsczpitur.
1296 2018 1343 2056 In
1363 2017 1494 2070 Patffae
1512 2018 1623 2057 locum
1634 2028 1760 2072 petere

362 2083 540 2136 constituit
555 2100 568 2123 .·
599 2098 674 2122 eam
699 2084 968 2122 nominationem
985 2099 1009 2122 a
1028 2094 1065 2122 te
1075 2083 1233 2137 petimur
1249 2098 1262 2121 :
1293 2097 1402 2137 neque
1421 2082 1657 2134 conjunctior-i
1672 2084 1761 2123 clare

361 2147 572 2200 beneficium,
604 2163 710 2203 quam
739 2163 799 2187 nos
829 2148 900 2187 tibi
912 2150 1040 2202 stemus
1056 2167 1069 2194 3
1101 2162 1210 2202 neque
1228 2147 1420 2200 digniorem
1439 2148 1621 2186 nominare
1637 2158 1756 2201 potes,

361 2227 468 2267 quam
487 2215 666 2254 Bibulum.
717 2216 782 2255 De
811 2216 975 2255 Domitio
1004 2224 1040 2254 et
1059 2215 1212 2269 Apuleio
1243 2214 1331 2268 quid
1357 2214 1492 2253 attinet
1521 2228 1574 2252 me
1578 2216 1756 2267 scribere,

362 2293 442 2318 cum
462 2279 527 2332 ipfi
534 2289 605 2333 per
610 2285 654 2333 ſse
672 2281 743 2320 tibi
757 2281 1073 2334 commendattffimi
1073 2282 1156 2333 sint
1168 2281 1188 2320 ?
1203 2281 1396 2333 Apuleium
1416 2294 1502 2318 vero
1522 2289 1564 2316 tu
1582 2289 1648 2317 tua
1667 2295 1758 2318 auc-

363 2345 698 2398 toritatestcstinere
723 2347 833 2386 debes.
884 2348 956 2387 Sed
973 2349 1150 2401 Apuleius
1180 2347 1217 2384 in
1234 2348 1310 2399 fica
1336 2345 1472 2398 epssola
1501 2343 1754 2386 celebrabitur.

363 2411 534 2451 Bibulum
567 2412 640 2450 noli
664 2411 842 2451 dimittere
867 2428 911 2452 ex
924 2414 1015 2465 sinu
1041 2423 1101 2452 tuo
1123 2422 1268 2452 tantum
1274 2412 1358 2463 jam
1379 2411 1515 2456 virum,
1545 2425 1588 2449 ex
1606 2421 1755 2464 quanto,

362 2476 464 2517 crede
479 2477 578 2524 mibi,
601 2477 715 2531 potest
734 2477 897 2525 evadere,
918 2479 983 2533 qui
998 2479 1124 2533 vestris
1135 2488 1336 2533 paucorum
1354 2475 1565 2531 respondeat
1576 2476 1757 2517 laudibus,
