2335 3009
671 256 768 295 AD
827 256 896 309 Q
943 255 1309 300 FRATREM
1366 262 1501 303 LIB.
1552 265 1588 305 Ῑ.
1808 284 1837 325 7

436 357 513 397 iter
530 353 664 408 Appia
682 354 744 393 via
762 353 908 393 faceres
924 373 936 401 ς
961 369 1057 394 neve
1077 356 1253 396 intereffe
1274 360 1493 414 quidquam
1514 373 1671 416 putent,
1695 375 1831 407 utrum

437 421 593 461 Tralles
614 433 661 459 an
683 420 861 459 Formias
883 422 1075 460 venerint.
1121 424 1192 469 At,
1224 425 1251 462 fi
1281 426 1370 478 quis
1398 427 1452 465 est
1472 442 1519 467 ex
1540 429 1656 469 servis
1677 435 1833 486 egregie

434 487 593 532 fidelis3
616 486 662 525 s1t
682 485 723 524 in
744 486 968 525 domesticis
990 488 1104 526 rebus
1125 498 1164 527 et
1184 490 1345 542 privatis
1365 507 1373 530 :
1397 506 1484 545 quae
1505 508 1563 533 res
1585 497 1630 534 ad
1652 498 1832 538 officium

433 553 595 606 imperii
617 552 690 597 tui,
721 562 840 607 atque
859 553 905 590 ad
926 553 1099 606 aliquam
1120 565 1270 607 partem
1293 558 1535 610 reipublicae,
1558 563 1830 614 pertinebunt,

435 619 484 658 de
504 619 566 658 his
584 619 700 657 rebus
717 633 765 658 ne
781 619 878 672 quid
899 621 1080 672 attingat.
1113 622 1248 660 Multa
1263 624 1387 670 enim,
1405 636 1491 678 quae
1513 630 1613 666 redte
1629 632 1832 670 committi

436 685 552 724 servis
573 685 757 724 fidelibus
778 685 949 738 pofl'unt,
984 696 1112 725 tamen
1145 687 1334 728 sermonis
1366 700 1404 729 et
1436 692 1736 747 vituperationis
1769 699 1830 735 vi-

433 751 562 790 tandae
582 751 707 796 causa,
737 752 1025 804 committenda
1046 766 1125 790 non
1147 753 1250 793 sunt.
1298 756 1371 793 Sed
1401 757 1531 796 nescio
1552 772 1632 812 quo
1651 764 1764 813 pacto
1784 764 1833 801 ad

434 817 689 871 praecipiendi
710 818 903 857 rationem
923 818 1076 871 delapsa
1095 819 1148 857 est
1169 820 1293 859 oratio
1313 836 1414 868 mea,
1436 837 1530 862 cum
1550 825 1591 863 id
1612 827 1714 865 mihi
1735 842 1830 881 pro-

434 885 607 937 positum
626 884 745 922 initio
766 898 844 923 non
866 883 1011 923 fuiss‘et.
1042 885 1153 936 Qid
1174 886 1281 924 enirn
1302 887 1336 925 ei
1357 891 1598 942 praecipiam,
1616 907 1737 945 quem
1757 908 1832 948 ego

434 950 477 989 in
498 949 576 988 hoc
596 949 809 1002 praesertim
829 964 969 1002 genere
990 950 1212 1003 intelligam
1232 953 1441 1004 prudentia
1461 969 1540 993 non
1562 957 1634 995 effe
1663 958 1829 998 inferio-

435 1029 534 1061 rern,
566 1029 686 1068 quarn
708 1030 798 1061 me;
831 1016 901 1055 usu
922 1030 1013 1054 vero
1032 1017 1151 1055 etiam
1173 1018 1410 1071 superiorem
1431 1022 1444 1058 ?
1478 1022 1551 1060 Sed
1573 1032 1700 1063 tamen
1727 1022 1753 1063 s1
1783 1028 1830 1064 ad

433 1095 492 1126 ea,
524 1096 610 1134 quae
631 1081 792 1127 faceres,
823 1083 1029 1121 auctoritas
1051 1083 1249 1122 accederet
1268 1099 1369 1131 mea,
1402 1087 1477 1125 tibi
1508 1088 1579 1140 ipfi
1606 1090 1674 1127 illa
1694 1093 1833 1144 putavi

434 1145 788 1199 forejucundiora.
833 1149 966 1199 Qare
998 1148 1073 1185 fint
1103 1148 1187 1187 haec
1218 1149 1477 1190 fundamenta
1496 1153 1702 1206 dignitatis
1724 1167 1827 1197 tuae:

433 1221 501 1251 tua
521 1213 698 1265 primum
719 1213 922 1265 integritas
942 1222 981 1249 et
1001 1214 1246 1251 continentia
1261 1233 1274 1260 3
1297 1215 1438 1255 deinde
1456 1220 1656 1265 omnium,
1678 1223 1748 1273 qui
1770 1232 1831 1261 te-

434 1292 530 1316 curn
551 1278 654 1322 sunt,
685 1277 840 1330 pudor;
873 1277 1045 1315 delectus
1076 1279 1119 1315 in
1150 1278 1502 1327 familiaritatibus,
1534 1294 1573 1321 et
1603 1289 1830 1337 provincia-

432 1342 537 1381 lium
557 1341 770 1380 hominum
791 1351 829 1380 et
851 1343 1100 1388 Graecorum‚
1131 1354 1338 1396 percautus
1369 1355 1407 1383 et
1437 1347 1636 1400 diligens;
1669 1350 1830 1393 familiae

431 1409 560 1461 gravis
582 1418 620 1447 et
641 1408 819 1447 constans
841 1408 1049 1461 disciplina
1067 1424 1075 1448 ε
1103 1423 1190 1462 quae
1211 1424 1304 1449 cum
1324 1410 1484 1451 honesta
1505 1415 1578 1453 sint
1599 1416 1639 1454 in
1661 1416 1724 1456 his
1744 1420 1829 1471 pri-

432 1476 532 1513 vatis
554 1475 692 1513 nostris
713 1475 1031 1527 quotidianisque
1053 1477 1271 1515 rationibus
1288 1496 1301 1522 3
1333 1478 1374 1516 in
1397 1489 1506 1518 tanto
1527 1481 1710 1534 imperio,
1747 1494 1830 1524 tam

431 1541 652 1594 depravatis
674 1541 868 1587 moribus,
901 1551 980 1580 tam
1002 1543 1245 1595 corruptrice
1266 1545 1482 1596 provincia,
1514 1547 1646 1586 divina
1667 1549 1830 1589 videan-

431 1617 498 1645 tur
529 1607 675 1645 neceffe
705 1607 772 1646 est.
820 1608 919 1646 Haec
949 1608 1160 1653 institutio,
1192 1619 1308 1662 atque
1338 1610 1421 1650 haec
1451 1612 1672 1666 disciplina,
1705 1616 1830 1669 potest

432 1673 616 1712 sustinere
638 1674 675 1711 in
707 1673 821 1712 rebus
853 1673 1065 1712 statuendis
1097 1684 1135 1712 et
1167 1675 1421 1716 decernendis
1453 1692 1540 1717 eam
1569 1679 1827 1729 severitatem,

429 1753 511 1792 qua
540 1749 583 1778 tu
613 1739 654 1777 in
685 1739 732 1777 iis
764 1739 877 1778 rebus
909 1740 998 1778 usus
1029 1753 1084 1786 es,
1114 1754 1162 1779 ex
1193 1742 1339 1794 quibus
1370 1745 1580 1783 nonnullas
1611 1746 1827 1787 fimultates

429 1819 527 1843 cum
549 1819 689 1859 magna
709 1820 795 1844 mea
814 1806 951 1849 laetitia
970 1806 1162 1859 susceptas
1183 1807 1375 1847 habemus
1395 1825 1403 1847 :
1438 1811 1507 1848 nisi
1528 1810 1630 1849 forte
1658 1827 1721 1851 me
1752 1815 1828 1852 Pa-

429 1872 541 1910 conii
566 1872 696 1910 nescio
725 1874 855 1925 cujus,
886 1871 1062 1911 hominis
1093 1887 1141 1911 ne
1173 1874 1303 1912 Graeci
1333 1876 1511 1928 quidem,
1542 1887 1581 1915 at
1611 1879 1731 1930 Myfii
1761 1890 1829 1919 aut

437 1936 606 1990 Phrygis
627 1937 777 1991 potius,
798 1938 966 1990 querelis
990 1939 1138 1976 moveri
1159 1949 1300 1992 putas;
1332 1951 1399 1980 aut
1420 1943 1625 1988 Tuscenii,
1651 1943 1827 1985 hominis

432 2002 569 2042 furiosi
601 2017 644 2042 ac
678 2003 837 2050 sordidi,
869 2005 1048 2050 vocibus,
1080 2006 1193 2058 cujus
1219 2016 1262 2044 tu
1283 2020 1331 2045 ex
1351 2007 1623 2060 impuriflimis
1645 2009 1826 2050 faucibus

428 2068 782 2109 :inhonestiffimam
803 2071 1062 2124 cupiditatem
1083 2072 1258 2124 eripuisti
1280 2073 1434 2112 summa
1453 2088 1546 2113 cum
1568 2077 1765 2128 aequitate.

490 2136 585 2175 V11.
618 2137 732 2182 Haec,
764 2146 802 2175 et
823 2146 959 2175 caetera
979 2138 1094 2190 plena
1114 2137 1341 2184 severitatis,
1373 2153 1460 2192 quae
1492 2141 1655 2179 statuisti
1687 2142 1728 2180 in
1758 2142 1830 2181 ista

431 2203 651 2255 provincia,
697 2217 775 2242 non
811 2203 927 2242 facile
951 2204 1039 2242 vsine
1078 2204 1230 2243 summa
1268 2206 1495 2258 integritate
1535 2207 1825 2248 sustineremus.

431 2269 566 2321 Qare
595 2269 643 2308 fit
671 2270 823 2308 summa
851 2272 892 2309 in
917 2272 1007 2323 jure
1036 2271 1204 2310 dicendo
1234 2271 1440 2319 severitas;
1473 2273 1691 2312 dummodo
1715 2289 1758 2312 ea
1778 2289 1826 2313 ne

434 2335 603 2373 varietur
623 2337 760 2388 gratia,
783 2336 845 2375 sed
867 2337 1116 2376 conservetur
1135 2338 1354 2391 aequabiliS.
1387 2339 1460 2376 Sed
1481 2349 1612 2379 tamen
1634 2343 1741 2393 parvi
1763 2355 1825 2378 re-

431 2399 511 2438 fert
532 2400 598 2438 abs
620 2402 742 2454 teipso
757 2403 823 2454 jus
844 2403 925 2441 dici
948 2403 1194 2455 aequabiliter
1213 2413 1251 2441 et
1282 2404 1506 2456 diligenter,
1538 2405 1607 2443 nisi
1640 2406 1745 2444 idem
1777 2407 1824 2444 ab

434 2467 482 2505 iis
514 2466 594 2512 fiet,
627 2467 773 2520 quibus
806 2478 849 2506 tu
878 2471 961 2522 ejus
992 2471 1166 2508 muneris
1197 2471 1370 2524 aliquam
1400 2481 1551 2524 partem
1578 2472 1827 2511 concesseris.

431 2534 495 2572 Ac
515 2531 618 2572 mihi
639 2533 801 2586 quidem
822 2535 976 2574 videtur
997 2550 1076 2575 non
1097 2537 1183 2575 sane
1204 2551 1344 2590 magna
1365 2539 1525 2579 varietas
1546 2538 1618 2576 effe
1642 2539 1830 2591 negotio*
