2335 3009
502 255 580 293 206

505 344 677 382 dissimiles
711 356 780 380 non
822 343 922 379 sunt:
967 343 1096 389 quibus
1130 343 1174 377 de

506 394 689 441 generibus
719 405 828 428 unum
871 389 1170 438 esthujusmodi:

506 441 599 488 Qid
613 443 748 481 veniam,
774 442 825 488 qui
831 441 907 485 fim,
925 451 1021 488 quare
1038 442 1172 481 veniam,

506 503 594 538 quem
628 489 686 533 ms
684 489 806 530 mulem,
845 491 895 523 cui
925 489 1049 534 prefim,
1090 500 1175 535 quem

501 539 656 586 postulem,
699 539 790 573 brevi
831 538 1017 583 cognoscetis.
1081 537 1174 571 Nam

508 588 563 623 hic
589 587 667 622 est
659 599 692 623 in
719 585 925 633 quibusdam
946 585 1060 619 verbis
1078 596 1176 631 quae·

507 637 588 672 dam
606 635 796 671 similitudo
820 646 890 669 non
919 644 989 668 tam
1017 633 1176 668 affectan-

507 685 564 727 da,
589 696 696 732 quam
728 684 797 718 inae
824 682 1023 729 superiores,
1049 681 1103 716 sed
1129 690 1178 715 ta-

509 745 588 769 men
605 732 798 767 adhibenda
816 741 1075 783 nonnunquam.
1112 729 1176 764 Al-

509 792 623 817 terum
656 792 764 828 genus
798 778 1017 825 hujulmodi:
1065 779 1178 814 Demus

509 839 646 876 operam,
688 828 843 875 Qirites‚
885 838 922 861 ne
954 829 1074 861 omnino
1106 827 1176 861 Pa-

510 887 573 914 tres
590 878 760 925 conscripti
771 876 998 931 circumscripti
1011 881 1175 920 putentur.

511 927 607 962 Haec
642 924 875 961 annominatio
905 923 1036 958 accedit
1070 923 1180 970 magis

512 976 555 1010 ad
586 974 855 1029 similitudinem,
882 984 988 1019 quam
1006 971 1178 1019 superior:

513 1023 569 1059 sed
591 1024 717 1064 minus,
743 1033 849 1068 quam
875 1022 944 1056 illae
968 1020 1174 1068 superiores·
1168 1047 1178 1061 ‚

512 1082 692 1120 propterea
708 1071 804 1118 quod
822 1082 891 1105 non
910 1069 1020 1104 solum
1039 1069 1179 1109 additae,

513 1120 570 1155 sed
593 1131 664 1155 uno
689 1129 844 1166 tempore
859 1118 1012 1164 demptae
1028 1128 1182 1163 quoque,

514 1169 622 1204 literae
654 1168 743 1203 sunt.
786 1165 949 1201 Tertium
980 1176 1089 1212 genus
1121 1166 1182 1206 est,

492 1217 612 1264 'quod
636 1215 811 1251 versatur
804 1226 838 1249 in
855 1213 996 1249 casuum
1024 1224 1183 1248 commu-

514 1265 654 1319 tatione,
690 1273 750 1299 aut
783 1263 898 1306 unius,
934 1272 994 1297 aut
1028 1261 1184 1315 plurium

516 1313 709 1350 nominum.
762 1312 880 1348 Unius
915 1310 1076 1351 nominis,
1118 1310 1184 1345 hoc

516 1363 642 1398 modo:
661 1361 843 1397 Alexander
859 1359 994 1395 Macedo
1001 1359 1120 1404 summo
1137 1358 1185 1393 la-

515 1411 589 1446 bore
605 1413 744 1445 animum
769 1409 815 1444 ad
837 1413 975 1444 virtutes
1002 1421 1024 1442 a
1045 1408 1187 1454 pueritia

515 1459 724 1503 confirmavit.
776 1457 952 1494 Alexandri
977 1458 1114 1491 virtutes
1129 1465 1188 1501 per

516 1509 618 1543 orbem
637 1516 733 1542 terrae
750 1518 816 1541 cum
834 1505 926 1540 laude
943 1513 972 1539 et
983 1505 1090 1551 gloria
1098 1505 1184 1551 sunt.

515 1557 731 1593 Alexandrum
757 1567 868 1597 omnes,
903 1562 938 1589 ut
967 1555 1099 1589 maxime
1125 1565 1186 1588 me-

516 1613 658 1647 tuerunt,
693 1607 768 1640 item
798 1604 970 1649 plurimum
1001 1601 1187 1646 dilexerunt.

518 1654 698 1691 Alexandro
711 1653 745 1697 fi
769 1656 841 1687 vita
863 1652 983 1697 longior
1007 1651 1086 1685 data
1110 1650 1188 1697 estet,

518 1706 673 1740 Oceanum
689 1713 800 1736 manus
817 1699 1024 1736 Macedonum
1041 1700 1187 1745 transvo-

519 1752 616 1799 lafflt.
659 1750 760 1785 Varie
785 1750 839 1785 hic
865 1761 975 1785 unum
1003 1760 1127 1784 nomen
1155 1748 1188 1783 in

520 1798 793 1836 commutatione
821 1798 961 1833 casuum
990 1797 1190 1832 volutatum

520 1849 578 1885 est.
615 1850 722 1884 Plura
734 1848 874 1883 nomina
886 1847 1020 1882 casibus
1032 1857 1189 1881 commu

521 1897 613 1940 tatis,
641 1897 705 1932 hoc
724 1897 828 1932 modo
842 1895 975 1930 faciunt
991 1895 1190 1930 annomina-

522 1947 674 1982 tionem:
703 1947 753 1979 ‘712
777 1944 953 1980 Gracchum
974 1943 1191 1989 rempublicam

522 1994 790 2039 administrantem
810 1993 937 2038 indigna
953 1993 1112 2038 prohibuit
1135 2003 1193 2026 nex

522 2044 640 2079 diutius
655 2045 689 2077 in
706 2054 742 2077 ea
761 2044 951 2076 commorari.
995 2042 1031 2076 C.
1051 2041 1193 2075 Graccho

512 2093 547 2137 s
547 2092 662 2127 militer
679 2091 779 2135 occifio
797 2090 905 2125 oblata
928 2091 979 2134 est,
1024 2101 1072 2124 uae
1089 2091 1194 2124 virum

523 2141 700 2186 reipublicae
716 2139 867 2184 amanltff
866 2150 948 2173 mum
958 2103 1063 2183 suZito
1079 2136 1151 2172 de
1119 2139 1154 2182 s
1154 2150 1194 2172 mc

523 2191 666 2225 civitatis
710 2190 836 2234 eripuit.
889 2189 1092 2222 Saturninum
1130 2186 1195 2229 fide

524 2246 648 2284 captum
666 2237 830 2279 malorum,
851 2236 991 2282 perfidiae
1005 2235 1104 2280 scelus
1124 2243 1196 2270 vita

519 2288 685 2334 privavit.
733 2289 833 2328 Tuus,
871 2298 889 2320 o
920 2285 1034 2330 Druse,
1065 2285 1195 2330 sanguis

525 2336 695 2380 domesticos
711 2338 843 2381 parietes
864 2341 894 2368 et
916 2334 1040 2368 vultum
1052 2335 1195 2379 parentis

526 2386 662 2430 asperstt.
707 2383 882 2429 Sulpicium,
922 2384 971 2417 cui
999 2382 1092 2428 paulo
1122 2389 1197 2415 ante

526 2435 629 2469 omnia
647 2432 859 2472 conscit-laam,
887 2443 953 2466 eum
984 2431 1074 2465 brevi
1089 2431 1197 2476 *spatio

525 2494 587 2518 mn
615 2482 697 2517 medo
725 2483 847 2523 vivere,
864 2480 924 2526 scd
951 2482 1047 2515 eliam
1055 2479 1195 2526 sepeliri,

812 249 1590 292 RHETORICORUM

1217 342 1457 388 prohibuerunt.
1521 342 1612 376 Haec
1660 341 1724 376 tria
1769 353 1892 389 genera

1222 391 1382 438 proxima
1420 390 1696 432 exornaionum,
1738 402 1892 437 quorum

1225 451 1334 474 unum
1363 439 1396 473 in
1424 438 1575 473 similiter
1602 439 1817 481 cadentibus,
1843 439 1891 473 al-

1224 497 1335 522 terum
1355 487 1388 521 in
1404 487 1554 521 fimiliter
1570 483 1801 522 desinentibus
1814 499 1892 521 ver·

1227 536 1291 576 bis,
1317 535 1456 570 tertium
1481 536 1514 569 in
1541 535 1895 576 annominationibus.

1226 584 1376 631 positum
1392 583 1452 624 est,
1471 595 1607 630 perraro
1624 583 1786 618 sumenda
1802 583 1893 625 sunt,

1227 643 1308 666 cum
1340 633 1373 667 in
1404 632 1544 666 veritate
1572 631 1748 672 dicemus;
1788 643 1894 679 prop-

1227 691 1316 715 terea
1333 680 1429 727 quod
1460 692 1529 714 non
1554 679 1629 715 haec
1659 680 1821 715 videntur
1843 691 1894 715 re-

1227 729 1328 776 periri
1369 729 1460 775 poffe
1502 728 1570 764 siue
1599 728 1830 764 elaboratione
1859 738 1896 764 et

1228 777 1491 829 consumptione
1507 788 1634 824 operae.

1276 826 1415 861 XXlll.
1442 824 1623 872 Ejusmodi
1653 835 1767 861 autem
1781 825 1896 861 studia

1227 874 1271 908 ad
1287 873 1558 916 delectationem,
1584 886 1690 922 quam
1712 875 1754 909 ad
1771 875 1896 910 verita-

1229 933 1321 965 tem,
1371 923 1533 958 videntur
1574 923 1897 959 accommodatiora.

1231 972 1352 1018 Qare
1368 971 1465 1013 fides,
1489 980 1524 1006 et
1524 971 1702 1025 gravitas,
1727 981 1760 1005 et
1778 971 1898 1006 severi-

1231 1029 1281 1054 tas
1313 1019 1460 1054 oratoria
1485 1019 1654 1054 minuitur
1683 1019 1734 1054 his
1756 1031 1899 1054 exorna-

1230 1067 1383 1102 tionibus
1412 1066 1610 1113 frequenter
1637 1067 1838 1103 collocatis:
1865 1078 1901 1103 et

1233 1127 1302 1150 non
1334 1115 1440 1151 modo
1467 1115 1602 1150 tollitur
1635 1116 1818 1152 auctoritas
1845 1117 1901 1152 di·

1232 1164 1344 1206 cendi,
1383 1163 1439 1199 sed
1471 1163 1660 1200 offenditur
1691 1176 1836 1213 quoque
1866 1165 1901 1200 in

1231 1212 1397 1259 ejusmodi
1422 1213 1576 1248 oratione
1605 1213 1767 1256 auditor,
1794 1225 1901 1261 prop-

1233 1271 1322 1297 terea
1344 1261 1442 1309 quod
1455 1260 1529 1296 est
1522 1273 1556 1297 in
1574 1261 1626 1297 his
1643 1263 1738 1310 lepos
1754 1272 1789 1297 et
1810 1261 1903 1298 festi-

1233 1311 1335 1353 vitas,
1362 1322 1430 1346 non
1448 1309 1597 1357 dignitas
1615 1323 1727 1358 neque
1748 1311 1901 1359 pulchri·

1235 1360 1333 1394 tudo.
1376 1359 1497 1407 Qare
1524 1370 1606 1406 quae
1629 1359 1707 1395 sunt
1729 1359 1845 1407 ampla
1868 1370 1904 1395 et

1237 1407 1395 1455 pulchra,
1446 1407 1506 1442 diu
1558 1408 1692 1462 placere
1740 1409 1902 1463 poss‘unt;

1237 1467 1319 1503 quae
1339 1456 1451 1503 lepida
1466 1466 1500 1490 et
1517 1455 1697 1510 concinna,
1723 1467 1793 1492 cito
1811 1457 1904 1492 satie-

1237 1515 1305 1539 tate
1329 1505 1484 1539 afficiunt
1500 1504 1637 1540 aurium
1658 1505 1788 1540 sensum
1813 1505 1907 1541 fasti-

1237 1553 1470 1588 dioliffimum.
1512 1553 1600 1600 Qo
1617 1554 1747 1589 modo
1740 1554 1858 1601 igitur,
1881 1555 1906 1590 si

1238 1602 1359 1636 crebro
1377 1602 1428 1636 his
1446 1603 1628 1649 generibus
1647 1612 1797 1645 utemur,
1823 1614 1907 1650 pue-

1239 1651 1291 1686 rili
1308 1650 1505 1685 videbimur
1519 1651 1714 1686 elocutione
1727 1652 1905 1687 deleStari:

1239 1699 1285 1734 ita
1303 1699 1326 1734 si
1346 1711 1420 1734 raro
1439 1699 1496 1734 has
1516 1699 1748 1735 interseremus
1765 1712 1907 1736 exorna-

1239 1748 1360 1791 tiones,
1385 1748 1472 1783 etin
1499 1747 1597 1783 causa
1623 1758 1695 1783 tota
1723 1749 1815 1784 varie
1840 1749 1907 1784 dis-

1239 1809 1436 1844 pergemus,
1486 1797 1669 1831 commode
1717 1797 1909 1833 luminibus

1239 1845 1405 1880 distinctis
1433 1845 1680 1881 illustrabimus
1708 1846 1908 1882 orationem.

1240 1894 1416 1941 Subjeftio
1444 1895 1505 1935 est,
1543 1906 1624 1929 cum
1661 1895 1910 1942 interrogamus

1242 1941 1460 1984 adversarios,
1502 1952 1562 1978 aut
1603 1945 1792 1990 quaerimus
1835 1945 1909 1991 ipli

1242 1992 1327 2039 quid
1346 1992 1390 2026 ab
1408 1992 1487 2035 illis,
1513 2001 1573 2026 aut
1593 1992 1679 2039 quid
1698 2003 1818 2027 contra
1835 2005 1910 2036 nos,

1243 2041 1311 2075 dici
1335 2042 1455 2087 poffit:
1483 2040 1605 2075 deinde
1633 2039 1833 2087 subjicimus
1863 2042 1910 2084 id,

1243 2090 1340 2136 quod
1365 2089 1433 2124 dici
1462 2098 1611 2136 oportet,
1637 2099 1696 2123 aut
1722 2091 1818 2137 quod
1844 2103 1911 2126 non

1243 2147 1391 2184 oportet.
1418 2148 1477 2172 aut
1497 2138 1595 2173 nobis
1626 2137 1826 2184 adjumento
1856 2139 1913 2174 fu-

1243 2196 1362 2221 turum
1401 2186 1453 2228 lit,
1480 2196 1539 2220 aut
1570 2186 1765 2221 offuturum
1795 2188 1860 2223 illis
1893 2201 1913 2224 e

1244 2235 1426 2275 contrario.
1455 2235 1518 2269 hoc
1545 2236 1671 2269 modo:
1701 2237 1818 2282 ἐξῆπτο
1851 2241 1913 2283 igi-

1244 2293 1312 2325 tur,
1355 2283 1433 2318 unde
1466 2285 1519 2327 iste
1554 2292 1620 2317 tam
1663 2287 1838 2330 pectus-iuliis
1873 2287 1914 2326 fit

1236 2333 1359 2378 sactus.
1413 2332 1565 2378 Amplum
1580 2336 1803 2378 patrimonium
1822 2335 1914 2370 relic·

1245 2392 1310 2416 tum
1336 2381 1394 2425 cli.
1390 2382 1405 2408 θ
1431 2389 1467 2414 ae
1495 2384 1598 2427 patris
1624 2382 1702 2416 hena
1732 2386 1913 2420 unierunt.

1248 2430 1415 2465 Heredum
1433 2443 1462 2464 a.
1455 2429 1537 2477 liquo
1561 2429 1612 2464 cl
1598 2434 1708 2466 venit
1704 2433 1719 2458 Ρ
1746 2442 1804 2467 non
1818 2434 1915 2478 potest

1246 2479 1321 2523 dici,
1339 2478 1396 2526 sed
1415 2487 1510 2515 ettam
1539 2491 1560 2515 a
1586 2480 1752 2529 neceffaere'is
1778 2482 1916 2517 omnibus
