2335 3009
728 238 835 277 AD
913 237 1316 278 BRUTUM.
1665 259 1715 299 73

329 338 565 393 concupg'sbere
576 335 669 390 pqffi’
684 335 704 374 ,ἓ
735 338 860 388 Qare
879 344 956 374 tum
976 344 1010 374 et
1026 336 1250 387 felicitatem
1275 345 1310 376 et
1336 337 1602 390 providentiam
1634 341 1715 379 lau-

329 403 418 442 dabo
448 413 562 448 tuam,
593 415 671 440 cum
702 401 926 454 exploratum
955 401 1086 440 habere
1119 410 1265 454 caepero,
1309 405 1341 441 C
1342 403 1486 456 cesarem
1515 404 1717 451 honoribus,

328 482 412 520 quos
430 468 620 521 acceperit,
651 466 951 506 extraordinariis
957 467 1049 518 fhre
1068 476 1285 506 contentum.
1330 469 1473 507 Alienae
1499 470 1627 522 igitur,
1659 472 1718 509 in-

328 534 437 586 quies,
467 534 581 587 culpce
599 547 651 572 me
669 547 769 571 reum
773 532 897 585 fizcies
917 532 936 570 ,ἒ
966 533 1124 585 Prorfits
1153 533 1292 578 aliem,
1308 533 1352 584 st
1371 535 1562 586 provideri
1580 538 1717 588 potuit,

327 613 371 638 ne
390 599 564 652 existeret.
611 598 719 650 Qod
744 599 882 637 utinam
911 598 1107 651 itypeffare
1130 599 1231 651 pffs
1261 601 1421 638 timorem
1441 599 1481 638 de
1499 601 1556 638 illo
1575 616 1684 640 meum
1703 605 1719 639 J

329 665 403 703 His
422 665 537 704 literis
540 664 711 716 scriptis,
742 673 779 702 te
799 663 1123 715 corficlemfab'lum
1142 664 1358 704 audivimus.
1406 662 1497 703 ‘Tum
1520 680 1608 704 vero
1629 667 1720 704 inci-

322 730 424 782 piam
437 739 635 783 proponere
654 730 744 768 mihi
760 728 1010 781 rempublicam
1017 729 1167 781 jtstam,
1198 738 1233 768 et
1242 729 1324 782 jam
1330 730 1413 782 fitis
1433 730 1604 769 nitentem
1624 732 1721 770 viri-

330 794 408 839 bus,
424 796 467 846 st
481 796 568 849 {stuc
585 794 724 835 videro.
769 794 887 834 Filius
916 794 1032 840 valet,
1063 804 1099 833 et
1131 795 1168 834 in
1189 795 1440 836 Macedoniam
1459 810 1538 836 cum
1558 797 1722 851 equitata

324 861 523 915 praemssics
539 861 597 914 est.
629 859 750 900 Idibus
771 860 901 905 Maiis,
933 874 975 898 ex
994 859 1130 913 cqstris.

731 1067 974 1104 CICERO
1021 1064 1234 1104 BRUTO
1285 1067 1323 1105 S.

334 1195 385 1233 V.
411 1192 534 1266 AN
550 1194 587 1231 T
604 1194 637 1231 E
668 1193 774 1231 diem
798 1208 821 1231 v
844 1194 933 1232 Kal.
959 1193 1086 1232 Maias
1108 1208 1201 1232 cum
1223 1194 1270 1232 de
1290 1194 1353 1240 iis,
1381 1195 1449 1247 qui
1469 1194 1595 1232 hostes
1611 1196 1724 1248 judi-

521 1259 603 1296 cati<
633 1259 736 1302 sunt,
780 1258 886 1295 bello
921 1258 1210 1310 persequendis,
1252 1260 1450 1298 sententia:
1486 1260 1724 1308 dicerentur,

332 1325 435 1362 dixit
465 1323 651 1361 Servilius
681 1323 800 1360 etiam
831 1323 878 1360 de
899 1323 1104 1367 Ventidio,
1139 1332 1177 1360 et
1198 1332 1242 1361 ut
1264 1324 1411 1362 Caffius
1433 1325 1726 1377 persequeretur

332 1389 599 1428 Dolabellam.
633 1388 711 1426 Cui
731 1402 825 1426 cum
846 1388 961 1426 essem
981 1387 1161 1433 assensus,
1194 1388 1347 1427 decrevi
1367 1389 1444 1428 hoc
1465 1391 1650 1443 amplius,
1684 1401 1728 1430 ut

332 1464 390 1501 tu,
423 1455 448 1493 fi
470 1455 697 1493 arbitrarere
717 1455 830 1500 utile,
862 1468 961 1506 eque
981 1454 1184 1506 republica
1205 1455 1291 1500 effe,
1322 1456 1592 1508 persequerere
1621 1457 1727 1496 bello

333 1520 612 1559 Dolabellam:
646 1520 672 1557 fi
703 1520 835 1558 minus
866 1519 906 1557 id
936 1520 1150 1558 commodo
1180 1520 1407 1573 reipublicae
1437 1521 1563 1559 facere
1586 1522 1725 1575 poffes,

332 1586 407 1624 five
426 1600 506 1624 non
526 1585 765 1624 existimares
786 1599 807 1623 e
828 1585 1030 1638 republica
1049 1586 1136 1632 effe,
1170 1595 1212 1624 ut
1233 1587 1274 1624 in
1296 1586 1433 1625 iisdem
1455 1587 1551 1626 locis
1574 1589 1724 1627 exerci-

331 1661 420 1690 tum
447 1652 683 1690 contineres.
730 1650 850 1689 Nihil
879 1650 1208 1690 honorificentius
1238 1653 1371 1705 potuit
1400 1651 1527 1691 facere
1557 1653 1724 1699 senatus,

331 1730 450 1768 quam
471 1725 515 1754 ut
536 1726 652 1754 tuum
672 1716 763 1754 effet
777 1716 995 1769 judicium,
1013 1717 1110 1769 quid
1132 1719 1302 1756 maxime
1325 1718 1542 1756 conducere
1563 1719 1725 1771 reipub-

332 1782 417 1821 licae
446 1782 522 1820 tibi
551 1782 762 1821 videretur.
809 1782 1010 1834 Equidem
1042 1783 1092 1820 fic
1122 1783 1260 1827 sentio,
1294 1783 1319 1820 fi
1351 1796 1513 1821 manum
1533 1782 1666 1829 habet,
1699 1785 1725 1823 fi

333 1847 464 1893 castra,
497 1847 523 1886 fi
546 1848 615 1886 ubi
637 1847 814 1886 consistat
836 1847 987 1900 uspiam
1009 1847 1233 1893 Dolabella,
1255 1848 1301 1886 ad
1324 1847 1441 1886 fidem
1463 1858 1501 1886 et
1522 1848 1568 1886 ad
1590 1849 1724 1902 digni-

334 1923 453 1952 tatem
475 1923 584 1952 tuam
614 1913 822 1966 pertinere,
854 1927 946 1951 eum
978 1913 1170 1966 persequi.
1219 1914 1281 1952 De
1313 1913 1428 1951 Caffii
1460 1914 1578 1952 nostri
1600 1915 1724 1968 copiis

334 1978 436 2018 nihil
457 1979 673 2017 sciebamus
693 1993 702 2017 ε
735 1991 863 2031 neque
881 1979 990 2017 enim
1011 1978 1058 2016 ab
1079 1978 1162 2031 ipso
1182 1979 1273 2018 ullae
1294 1979 1430 2025 literae,
1463 1993 1590 2033 neque
1620 1994 1725 2019 nun-

334 2045 502 2083 tiabatur
535 2044 770 2097 quidquam,
802 2043 909 2096 quod
940 2057 1010 2097 pro
1040 2053 1147 2082 certo
1175 2043 1424 2083 haberemus.
1472 2047 1726 2099 Qantopere

335 2118 464 2148 autem
490 2110 641 2148 interfit
669 2111 844 2163 opprimi
876 2110 1143 2155 Dolabellam,
1175 2110 1352 2163 profiteto
1385 2111 1604 2163 intelligis,
1639 2122 1726 2150 tum

336 2185 378 2213 ut
399 2175 550 2214 sceleris
571 2189 705 2229 poenas
725 2175 932 2228 persolvat,
965 2185 1051 2214 tum
1074 2189 1121 2214 ne
1142 2175 1201 2221 fit,
1228 2190 1308 2229 quo
1330 2175 1365 2214 se
1386 2177 1583 2215 latronum
1605 2177 1724 2216 duces

335 2254 382 2278 ex
403 2240 622 2279 Mutinensi
643 2241 738 2294 fuga
757 2240 976 2280 conferant.
1023 2242 1158 2294 Atque
1188 2240 1265 2280 hoc
1296 2241 1397 2279 mihi
1423 2243 1507 2294 jam
1529 2251 1616 2279 ante
1636 2243 1724 2294 pla-

335 2304 467 2350 cuisse,
498 2315 608 2357 potes
629 2320 676 2345 ex
697 2307 961 2359 superioribus
983 2307 1079 2345 meis
1101 2307 1224 2346 literis
1246 2307 1451 2345 recordari.
1485 2308 1726 2360 Qanquam

337 2382 423 2411 tum
455 2380 494 2408 et
523 2370 628 2424 fugae
660 2382 796 2425 portus
828 2382 908 2412 erat
940 2374 979 2411 in
1009 2374 1086 2412 tuis
1109 2373 1253 2417 castris,
1286 2383 1323 2410 et
1345 2373 1559 2411 subsidium
1592 2373 1724 2413 salutis

335 2438 376 2476 in
399 2447 467 2476 tuo
487 2437 678 2476 exercitu.
722 2439 816 2490 Qo
836 2440 960 2491 magis
983 2453 1088 2477 nunc
1109 2439 1263 2477 liberati
1288 2440 1351 2491 (ut
1372 2439 1499 2492 spero)
1523 2440 1725 2492 periculis,

334 2504 376 2543 in
412 2503 621 2542 Dolabella
654 2504 915 2556 opprimendo
949 2505 1131 2558 occupati
1170 2504 1243 2544 effe
1276 2504 1480 2544 debemus.
1533 2505 1605 2544 Sed
1644 2505 1728 2545 haec

1314 2570 1370 2607 -K
1401 2582 1423 2609 2
