2241 2994
747 224 1363 264 HISTORIA.

358 323 406 359 11.
434 322 479 358 ad
506 323 662 370 ⁸Quintum
688 323 851 364 Fratrem,
878 321 916 356 de
946 321 1029 356 Pro-

357 375 470 407 vinciis
500 371 587 417 Confi
608 380 677 417 cap.
707 371 740 406 6.
765 380 800 405 et
821 373 854 405 in
875 371 1029 416 Pisonem,

339 430 428 467 ·cap.
453 431 506 466 17.
559 419 707 461 Deinde,
733 431 815 454 cum
835 419 1028 466 provincia:

358 468 550 504 consulares
579 467 707 504 futuris
732 467 932 502 consulibus
956 468 1030 515 lege

358 517 561 565 Sempronia
587 516 692 552 effent
720 517 959 559 decernendae,
989 526 1030 551 ut

359 565 395 600 in
429 575 634 614 argumento
665 574 753 601 orat„
781 564 818 600 de
848 566 1030 600 Provinciis

357 614 486 662 scripsi,
527 626 562 650 et
590 615 633 649 de
662 625 815 662 quatuor
842 614 1031 661 provinciis

358 663 533 700 sententiae
561 664 665 699 diftae
691 664 807 704 effenr,
845 664 888 698 de
921 663 1029 710 Syria,

358 712 570 749 Macedonia
584 723 619 748 et
642 712 778 747 duabus
796 712 942 748 Galliis:
973 712 1028 748 M.

358 761 503 796 Tullius
533 771 674 809 rogatus
703 761 915 803 sententiam,
954 773 1030 795 ora-

358 810 501 852 tionem,
539 822 623 858 quae
651 810 688 845 de
726 811 908 845 Provinciis
942 810 1030 856 ConJI

358 867 465 900 extat,
506 858 540 893 in
570 859 685 894 senatu
723 859 858 902 habuit,
896 859 929 893 in
960 870 1032 906 qua

359 906 488 949 suadet,
515 918 555 942 ut
583 908 682 955 Syria
695 917 731 943 et
749 907 957 943 Macedonia
973 907 1030 942 fu-

360 956 446 991 turis
486 956 685 992 consulibus
722 956 960 1000 decernantur,
997 966 1032 991 et

359 1005 488 1039 Gallice
505 1005 629 1040 Caesari
648 1016 716 1040 non
733 1006 940 1040 adimantur.

411 1055 507 1088 Ante
536 1055 725 1090 orationem
762 1055 804 1089 de
838 1053 1031 1089 Provinciis

361 1102 396 1136 in
414 1103 511 1137 libris
528 1103 706 1139 Ciceronis
730 1103 857 1150 legitur
872 1104 1030 1138 Cornelia-

359 1162 416 1194 na,
451 1161 511 1197 pro
539 1153 582 1188 L.
613 1152 752 1187 Cornelio
779 1152 890 1193 Balbo,
924 1163 1031 1200 quam

361 1199 428 1235 hoc
446 1212 536 1236 anno
561 1213 580 1235 a
607 1202 663 1237 M.
683 1201 808 1236 Tullio
824 1201 951 1236 dietam
968 1201 1033 1236 effe

361 1261 404 1284 ex
421 1262 462 1284 eo
480 1249 642 1297 suspicor,
669 1250 766 1297 quod
795 1250 838 1285 de
861 1250 1032 1298 supplica-

362 1298 466 1338 tione,
505 1299 674 1346 stipendio
702 1308 737 1333 et
767 1299 884 1334 decem
913 1299 1033 1346 legatis

361 1357 513 1382 extrema
529 1347 600 1382 fere
615 1347 770 1383 oratione
791 1348 929 1384 dicitur.
981 1347 1035 1383 Ea

361 1395 455 1430 enim
474 1395 539 1431 hoc
557 1409 648 1431 anno
662 1396 787 1432 Caesari
805 1397 940 1432 decreta
956 1396 1032 1437 effe,

364 1456 435 1480 non
452 1444 564 1480 solum
581 1445 692 1481 oratio
715 1446 752 1480 de
772 1447 949 1481 Provinciis
971 1445 1031 1480 do-

363 1504 431 1537 cet,
457 1506 580 1530 verum
595 1494 698 1530 etiam
716 1495 798 1540 epist.
819 1507 851 1540 7.
871 1495 925 1530 lib.
945 1495 974 1530 1.
991 1493 1037 1529 ad

363 1543 547 1587 Lentulum,
573 1556 681 1591 quam
699 1544 828 1579 tametsi
846 1543 939 1579 docti
957 1543 1034 1591 qui·

363 1591 444 1626 dam
495 1593 538 1628 ad
587 1592 774 1628 secundum
817 1593 1035 1628 consulatum

364 1641 522 1689 Pompeii
540 1651 573 1676 et
600 1642 706 1676 Craffi
736 1640 894 1685 referant,
921 1652 1035 1676 tamen

365 1689 431 1725 hoc
475 1702 565 1725 anno
599 1690 760 1738 scriptam
799 1690 864 1725 ess‘e
904 1691 1032 1738 arguit,

364 1738 462 1785 quod
479 1739 525 1775 L.
538 1739 694 1774 Racilius
713 1739 799 1775 inter
817 1739 1033 1787 magistratus

364 1788 576 1832 nominatur,
612 1800 719 1835 quem
755 1788 963 1823 Marcellino
999 1798 1035 1822 et

365 1836 532 1885 Philippo
577 1838 656 1872 cofl‘.
700 1838 880 1872 tribunum
923 1837 1034 1885 plebis

364 1883 464 1921 fuiss‘e
482 1887 582 1933 supra
597 1886 761 1921 diximus.

416 1934 528 1982 Igitur
548 1935 690 1977 Balbus,
716 1947 797 1970 cum
827 1935 908 1970 effet
927 1935 1035 1970 Gadi-

365 1983 433 2019 bus
464 1984 498 2019 in
526 1984 697 2032 Hispania
723 1994 836 2026 natus,
875 1996 913 2019 ac
944 1984 1036 2019 bello

363 2032 562 2068 Sertoriano
579 2033 592 2069 Ι
598 2034 850 2081 inperatoribus
871 2034 1037 2068 Romanis

367 2081 548 2127 probatus,
598 2082 689 2117 bello
723 2081 882 2117 confec'to
912 2094 931 2116 a
968 2082 1035 2117 Cn.

367 2130 536 2178 Pompeio
573 2131 712 2166 civitate
741 2133 901 2166 Romana
930 2132 1036 2165 dona-

368 2187 438 2220 tus,
482 2189 517 2214 et
547 2181 628 2226 quia
657 2192 718 2227 per
750 2181 795 2215 L.
832 2181 1037 2215 Cornelium

369 2227 436 2262 hoc
470 2229 673 2264 beneficium
717 2230 917 2265 consecutus
956 2228 1036 2272 fuit,

370 2275 415 2310 L.
439 2277 618 2312 Cornelius
647 2278 777 2314 Balbus
806 2289 948 2314 vocatus
978 2279 1036 2313 est.

370 2325 414 2359 Ei
434 2326 562 2360 inimici
580 2326 722 2362 Caesaris
746 2338 781 2362 et
808 2328 964 2375 Pompeii
983 2339 1038 2362 ac-

371 2374 559 2409 cusatorem
585 2386 840 2422 compararunt,
872 2377 932 2423 qui
962 2377 1038 2411 Bal-

373 2423 418 2458 bo
451 2423 514 2458 hoc
542 2433 696 2470 ternpore
720 2425 869 2460 civitatis
898 2435 1036 2460 contro-

370 2473 514 2508 versiam
543 2472 677 2508 movit:
706 2485 833 2521 negans
858 2485 939 2510 eum
960 2472 1040 2521 jure

1675 239 1755 281 309

1078 331 1119 356 et
1131 320 1220 357 reete
1236 320 1376 357 civitate
1395 321 1577 365 donatum,
1604 334 1686 359 cum
1711 337 1756 359 ex

1079 369 1252 405 foederato
1269 371 1417 418 populo,
1444 383 1518 418 quo
1546 373 1580 407 in
1609 384 1755 408 numero

1079 418 1274 454 Gaditanus
1301 429 1384 462 erat,
1412 431 1514 455 nemo
1544 421 1663 468 poffet,
1691 422 1754 457 nifi

1081 467 1107 502 is
1126 467 1280 514 populus
1308 467 1421 503 faCtus
1437 469 1517 504 effet
1545 469 1689 513 fundus,
1717 470 1755 506 id

1077 515 1138 558 est,
1165 515 1285 550 auctor
1301 516 1536 564 obstringendi
1564 518 1595 553 se
1607 518 1686 565 jure
1703 519 1754 554 ci-

1078 565 1177 599 vium
1212 565 1468 608 Romanorum,
1506 566 1541 600 in
1574 567 1751 604 civitatem

1080 614 1208 649 venire.

1129 661 1370 698 Defenderunt
1398 662 1549 698 Balbum
1579 663 1635 698 M.
1653 664 1752 700 Cras·

1079 710 1147 754 sus,
1175 713 1238 746 Cn.
1258 711 1462 760 Pompeiu3‚
1489 722 1524 746 et
1541 713 1597 747 M.
1616 712 1751 750 Cicero.

1079 762 1132 796 De
1150 761 1340 802 Planciano,
1367 772 1451 808 quae
1480 760 1541 796 suo
1571 761 1651 796 loco
1681 774 1752 798 non

1081 809 1220 856 legitur,
1247 809 1404 845 dicemus
1421 807 1521 846 infra.
1573 810 1683 846 Nunc
1709 811 1761 848 de

1079 859 1219 895 Caeliana
1235 858 1435 894 dicendum.

1130 907 1215 942 Hoc
1246 919 1336 943 anno
1366 907 1568 943 Ciceronem
1599 919 1665 956 pro
1693 909 1759 946 Mt

1081 955 1195 991 Caelio
1213 956 1306 1001 apud
1323 956 1388 992 Cn.
1407 956 1606 991 Domitium
1625 967 1754 1005 praeto-

1083 1017 1153 1040 rem
1171 1005 1291 1040 dixisse
1309 1005 1483 1041 Corradus
1501 1005 1627 1040 scribit.
1670 1007 1754 1042 Ma·

1082 1054 1201 1088 nutius
1235 1065 1318 1088 cum
1358 1054 1392 1089 in
1423 1054 1683 1090 Commentario
1718 1058 1760 1091 in

1080 1106 1161 1148 epi.
1195 1115 1228 1148 5.
1268 1102 1322 1138 lib.
1356 1103 1400 1138 Il.
1435 1103 1480 1138 ad
1511 1104 1556 1150 Q
1587 1104 1754 1148 Fratrem,

1081 1151 1272 1186 orationem
1313 1164 1378 1199 pro
1424 1151 1538 1187 Caelio
1587 1152 1754 1198 habitam,

1081 1200 1290 1235 Marcellino
1307 1210 1341 1235 et
1359 1200 1526 1248 Philippo
1552 1201 1629 1237 coss.
1649 1202 1753 1250 scrip-

1083 1250 1181 1292 slffet‚
1219 1261 1394 1297 exponens
1435 1249 1557 1285 deinde
1599 1250 1755 1297 epistolam

1086 1309 1142 1333 12.
1169 1299 1298 1344 ejusdem
1315 1298 1403 1341 libri,
1429 1298 1520 1333 diem
1539 1299 1587 1333 illi
1607 1299 1640 1334 in
1661 1300 1757 1335 bien-

1084 1347 1181 1382 nium
1200 1346 1329 1394 prodit,
1356 1358 1461 1394 atque
1479 1349 1523 1382 L.
1542 1348 1703 1384 Domitio
1720 1359 1755 1384 et

1084 1395 1208 1443 Appio
1225 1395 1374 1431 Claudio
1391 1396 1471 1431 coff.
1490 1397 1637 1431 Caelium
1659 1397 1702 1432 de
1718 1398 1755 1433 vi

1085 1444 1282 1480 accusatum
1298 1455 1333 1480 et
1349 1444 1525 1481 defensum
1543 1457 1563 1480 a
1586 1445 1642 1481 M.
1662 1447 1754 1483 Tul-

1083 1494 1131 1529 lio
1148 1493 1242 1529 facit.

1136 1544 1206 1578 Res
1235 1541 1283 1578 est
1307 1554 1377 1577 non
1394 1542 1492 1585 levis,
1519 1554 1600 1589 quae
1617 1554 1652 1579 et
1669 1545 1755 1581 tanti

1085 1591 1151 1626 viri
1169 1591 1323 1626 animum
1341 1591 1374 1626 in
1393 1591 1570 1627 scribendo
1595 1592 1757 1630 distraxe-

1086 1640 1141 1682 rit,
1167 1651 1202 1676 et
1219 1640 1292 1675 aliis
1310 1640 1495 1687 ancipitem
1513 1653 1631 1676 curam
1659 1643 1755 1690 cogi-

1083 1689 1180 1724 tandi
1213 1689 1333 1724 afferre
1374 1690 1485 1735 poffit.
1539 1690 1671 1738 Qare,
1711 1703 1766 1728 an‘

1084 1739 1166 1773 certi
1183 1738 1271 1785 quid
1300 1749 1416 1772 eruere
1442 1743 1624 1785 queamus,
1650 1751 1754 1788 expe-

1085 1799 1224 1822 riamur·
1361 1809 1372 1817 -

1135 1835 1375 1883 Qaestionem
1406 1835 1500 1870 illam
1531 1836 1597 1872 Cn.
1629 1836 1760 1873 Domi-⁷

1085 1884 1175 1919 tium
1191 1884 1374 1919 exercuisse
1399 1884 1470 1932 ipsa
1485 1885 1596 1920 oratio
1612 1886 1754 1922 demon-

1085 1934 1176 1968 strat.
1228 1933 1312 1968 Fuit
1337 1943 1452 1968 autem
1481 1934 1547 1969 Cn.
1577 1935 1756 1972 Domitius

1085 1993 1216 2030 praetor
1244 1983 1310 2018 hoc
1334 1994 1435 2023 anno,
1462 1983 1556 2029 apud
1573 1995 1677 2030 quem
1696 1985 1755 2020 Ci-

1087 2043 1243 2067 ceronem
1271 2043 1335 2078 pro
1362 2031 1471 2066 Bestia
1493 2032 1611 2066 dixisse
1627 2033 1757 2069 indica-

1087 2081 1213 2116 vimus.
1265 2080 1347 2115 Fuit
1365 2093 1508 2127 quoque
1526 2081 1613 2115 alius
1630 2082 1756 2118 Domi-

1087 2130 1155 2165 tius
1195 2139 1325 2177 praetor
1358 2130 1496 2164 biennio
1530 2130 1617 2176 post,
1661 2132 1756 2178 apud

1087 2191 1192 2226 quem
1210 2179 1340 2214 Caelius
1366 2178 1500 2212 causam
1525 2178 1637 2213 dicere
1653 2180 1755 2215 debe-

1089 2229 1160 2270 bat,
1185 2227 1346 2274 epist.12.
1374 2228 1428 2261 lzb.
1450 2227 1495 2261 11.
1514 2227 1558 2261 ad
1574 2230 1728 2264 lrratrem.

1138 2278 1211 2312 Cur
1229 2286 1344 2312 autem
1366 2276 1514 2310 Caelium
1541 2277 1613 2322 lege
1642 2277 1756 2313 Luta-

1089 2326 1136 2361 tia
1157 2327 1200 2361 de
1227 2327 1263 2360 vi
1294 2337 1389 2360 reum
1420 2324 1551 2358 taftum
1569 2326 1661 2372 apud
1680 2326 1755 2362 Do-

1089 2375 1240 2415 mitium,
1277 2375 1339 2421 qui
1370 2373 1421 2407 his
1450 2373 1528 2408 coss.
1565 2386 1632 2408 non
1661 2386 1755 2420 eum,

1086 2424 1149 2471 qui
1169 2424 1306 2458 biennio
1337 2422 1412 2470 post
1443 2432 1628 2469 praeturam
1646 2426 1755 2471 gessit,

1089 2483 1222 2520 putem,
1273 2472 1333 2507 illa
1374 2483 1429 2507 me
1468 2471 1568 2507 causa
1608 2475 1759 2510 maxime
