2335 3009
640 211 740 250 AD
798 209 1318 250 HERENNIUM
1374 211 1508 253 LIB.
1559 215 1613 255 11.

427 313 509 337 cum
543 302 679 345 dixerit,
710 303 880 350 intelligat
911 303 972 338 fibi
991 303 1096 338 finem

426 351 552 386 doloris
579 351 749 387 futurum.
789 353 884 387 Haec
912 352 1098 398 disputatio

426 401 749 446 comprobabitur,fi
758 400 1050 447 refellemus,quae
1063 400 1095 435 in

424 448 672 494 quaestionibus
682 458 784 484 erunt
800 449 903 491 dieta,
922 448 1095 496 probabili

425 497 726 542 argumentatione
745 514 755 538 ;
799 498 904 545 idque
942 498 1095 543 partibus

423 543 641 590 conjecturas,
667 557 752 592 quas
767 555 844 581 ante
861 545 1094 592 exposuimus,

421 592 533 628 facere
551 595 738 641 oportebit.
782 594 844 629 Ab
868 595 1094 642 argumentis,

421 651 455 676 et
474 641 589 688 fignis‚
619 652 655 677 et
682 642 814 678 caeteris
844 643 941 684 locis,
967 642 1094 690 quibus

422 701 571 737 augetur
590 689 743 738 suspicio,
761 691 887 733 dicere,
904 692 968 726 hoc
989 692 1094 726 modo

422 739 611 774 convenit:
638 740 728 774 Cum
754 740 864 775 multa
887 751 1094 775 concurrant

421 798 624 834 argumenta
652 798 688 823 et
710 788 814 835 signa,
841 799 922 835 quae
946 789 1035 824 inter
1061 789 1093 824 se

421 836 645 879 consentiant,
673 849 745 872 rem
768 837 995 883 perspicuam,
1023 849 1091 872 non

421 883 646 931 suspiciosam,
670 885 778 920 videri
799 897 970 932 oportere.
1000 886 1091 921 Item

421 934 499 980 plus
520 945 678 980 oportere
699 934 803 980 signis
819 944 855 969 et
877 935 1092 981 argumentis

420 982 524 1025 credi,
551 995 656 1029 quam
684 983 834 1018 testibus.
877 983 972 1018 Haec
997 983 1091 1018 enirn

420 1042 463 1066 eo
489 1033 595 1066 modo
612 1031 751 1078 exponi,
777 1043 849 1078 quo
870 1043 904 1066 re
923 1043 1003 1067 vera
1029 1031 1092 1066 sint

419 1079 539 1126 gesta3
570 1080 670 1115 testes
703 1081 878 1125 corrumpi
913 1081 1004 1126 posse
1038 1081 1091 1114 vel

418 1128 544 1175 pretio,
571 1129 625 1163 vel
644 1128 765 1175 gratia,
789 1129 843 1163 vel
863 1139 968 1168 metu,
982 1128 1037 1162 vel
1053 1129 1090 1163 fi-

420 1177 579 1211 multate.
596 1179 724 1212 Contra
735 1188 820 1223 argu
827 1188 940 1212 menta
951 1187 985 1211 et
996 1176 1091 1223 signa

418 1234 454 1259 et
472 1235 612 1260 caeteras
630 1225 832 1272 suspiciones
850 1225 1006 1260 dicemus
1026 1226 1091 1260 hoc

419 1273 546 1308 modo:
571 1273 595 1308 si
612 1273 938 1314 demonstrabimus,
959 1273 1089 1308 nullam

417 1332 491 1356 rem
519 1322 595 1364 effe,
621 1333 727 1369 quam
746 1333 816 1356 non
843 1320 1090 1368 suspicionibus

418 1368 534 1417 quivis
567 1371 667 1417 posfit
713 1369 911 1410 criminari;
951 1369 1090 1411 deinde,

418 1429 704 1466 unamquamque
736 1418 959 1465 suspicionem
999 1427 1093 1453 exte-

418 1467 619 1510 nuabimus‚
645 1477 680 1502 et
699 1467 859 1503 dabimus
877 1478 1031 1514 operam,
1050 1475 1091 1501 ut

418 1515 650 1557 ostendamus,
679 1515 787 1551 nihilo
822 1516 933 1562 magis
966 1515 999 1550 in
1027 1527 1090 1550 nos

416 1575 505 1605 eam,
537 1576 644 1611 quam
674 1566 708 1600 in
739 1564 846 1600 alium
872 1564 1089 1611 quempiam,

417 1614 603 1648 convenire
618 1629 628 1654 ;
657 1612 841 1660 indignum
859 1613 925 1648 effe
942 1612 1087 1654 facinus,

417 1661 486 1697 fine
512 1661 653 1697 testibus
674 1661 906 1708 conjefturam
929 1671 964 1696 et
985 1661 1088 1709 suspi-

416 1709 552 1745 cionem
569 1711 779 1746 firmamenti
796 1710 872 1745 satis
891 1709 1028 1745 habere.

464 1758 566 1795 VIII.
594 1760 631 1794 A
649 1758 845 1794 rumoribus
866 1759 1037 1800 dicemus,
1064 1758 1087 1793 si

415 1807 620 1854 negabimus
639 1817 769 1843 temere
785 1807 915 1843 famam
934 1807 1019 1842 nasci
1037 1807 1086 1841 so-

413 1856 496 1898 lere,
523 1856 608 1904 quin
633 1855 736 1892 subfit
752 1856 908 1903 aliquid;
935 1863 970 1891 et
987 1856 1009 1890 fi
1033 1855 1086 1890 di-

414 1915 534 1939 cemus
568 1905 701 1940 causam
732 1916 800 1939 non
835 1903 946 1946 fuiffe,
980 1915 1086 1951 quare

414 1953 582 2000 quispiam
622 1954 838 2000 confingeret
874 1963 910 1988 et
940 1953 1085 1988 commi-

413 2000 619 2044 nisceretur;
645 2012 680 2038 et
706 2013 874 2050 praeterea
909 2001 932 2037 fi
967 2001 1084 2036 caeteri

413 2049 486 2085 falfi
509 2050 634 2086 soleant
657 2052 734 2093 esse,
761 2051 1085 2098 argumentabimur

413 2097 507 2133 hunc
524 2099 588 2134 effe
606 2112 738 2135 verum.
782 2101 912 2135 Contra
929 2110 1085 2134 rumores

413 2146 568 2183 dicemus
607 2149 775 2194 primum,
818 2149 841 2183 si
879 2148 1084 2184 docebimus

415 2196 545 2230 multos
570 2198 636 2232 esse
659 2196 758 2232 falsos
777 2209 946 2238 rumores,
972 2206 1007 2232 et
1028 2208 1085 2231 ex-

414 2244 538 2291 emplis
556 2255 707 2289 utemur,
730 2246 774 2281 de
791 2246 921 2293 quibus
938 2245 1018 2280 falsa
1035 2245 1085 2280 fa-

415 2304 474 2328 ma
488 2291 618 2335 fuerit;
643 2305 677 2329 et
695 2305 755 2330 aut
768 2294 924 2331 inimicos
943 2294 1085 2335 nostros,

417 2350 477 2375 aut
519 2341 677 2378 homines
721 2353 842 2378 natura
897 2343 1085 2378 malevolos

415 2398 452 2423 et
469 2390 670 2432 maledicos,
696 2392 892 2427 confinxiffe
909 2392 1063 2426 dicemus
1077 2408 1088 2432 ·,

416 2447 453 2473 et
475 2448 536 2474 aut
560 2439 712 2486 aliquam
738 2440 851 2475 fiftam
875 2440 1029 2476 fabulam
1056 2440 1089 2474 in

1748 216 1820 268 163

1148 302 1353 338 adversarios
1380 304 1576 347 afferemus,
1603 317 1708 352 quam
1727 307 1820 340 dica-

1149 363 1226 386 mus
1244 352 1406 387 omnibus
1427 353 1459 387 in
1479 365 1536 388 ore
1565 355 1628 389 esse
1646 369 1656 395 ;
1683 364 1742 390 aut
1760 367 1817 388 ve-

1147 411 1224 434 rum
1240 412 1414 435 rumorem
1429 402 1657 447 proferemus,
1672 403 1733 450 qui
1752 403 1817 437 illis

1145 447 1274 494 aliquid
1303 450 1526 495 turpitudinis
1546 450 1675 492 afferat,
1704 463 1818 499 neque

1146 506 1263 531 tamen
1281 497 1311 532 ei
1330 499 1460 532 rumori
1479 510 1540 533 nos
1567 499 1670 534 fidem
1692 500 1816 535 habere

1145 545 1326 588 dicemus;
1354 545 1432 580 ideo
1455 547 1549 592 quod
1571 548 1684 594 quivis
1712 549 1817 583 homo

1145 595 1244 640 poffit
1267 594 1430 641 quemvis
1448 605 1584 642 turpem
1599 597 1643 630 de
1660 598 1816 643 quolibet

1144 653 1320 678 rumorem
1357 642 1521 688 proferre,
1565 654 1599 678 et
1632 645 1813 680 conficiam

1142 690 1297 725 fabulam
1317 691 1484 737 dillipare.
1529 693 1765 728 Veruntamen
1792 694 1814 728 sl

1143 751 1263 774 rumor
1291 740 1513 775 vehementer
1539 742 1723 787 probabilis
1749 743 1813 777 esi‘e

1142 787 1329 830 videbitur,
1356 790 1631 835 argumentando
1649 789 1752 825 famae
1776 791 1815 825 fi·

1142 836 1223 871 dem
1255 837 1444 882 poterimus
1468 839 1646 885 abrogare.
1702 839 1813 886 Qod

1142 895 1177 920 et
1194 884 1394 920 difficillima
1413 887 1555 921 tractatu
1576 887 1623 922 est
1650 887 1815 922 constitu-

1143 935 1192 968 tio
1210 932 1459 980 conjecturalis,
1485 945 1520 969 et
1545 935 1578 969 in
1603 937 1688 970 veris
1707 937 1813 971 causis

1142 982 1318 1028 saepiflime
1336 983 1508 1019 tractanda
1526 984 1585 1026 est,
1607 997 1648 1019 eo
1665 985 1813 1031 diligen·

1142 1031 1210 1065 tius
1227 1043 1350 1066 omncs
1375 1030 1448 1078 ejus
1477 1043 1588 1079 partes
1614 1033 1813 1079 perscrutati

1141 1078 1284 1120 sumus·,
1312 1090 1350 1114 ut
1369 1093 1411 1114 ne
1429 1081 1570 1127 parvula
1598 1081 1741 1128 quidem
1772 1082 1812 1115 ti-

1142 1128 1321 1163 tubatione
1339 1139 1398 1162 aut
1420 1129 1605 1164 offensione
1631 1130 1813 1176 impedire-

1142 1187 1232 1218 mur,
1259 1177 1282 1211 fi
1300 1177 1341 1211 ad
1367 1176 1453 1211 hanc
1472 1179 1638 1213 rationem
1659 1190 1811 1224 praecep‹

1143 1223 1258 1267 tionis,
1298 1225 1525 1260 assiduitatem
1559 1227 1812 1261 exercitationis

1141 1274 1494 1308 accommodaremus.
1539 1276 1644 1309 Nunc
1662 1274 1704 1309 ad
1727 1275 1813 1322 legi-

1141 1320 1237 1355 timae
1254 1322 1504 1357 constitutionis
1528 1333 1643 1370 partes
1669 1323 1812 1358 transea-

1140 1381 1230 1404 mus.

1189 1417 1255 1453 IX.
1303 1417 1398 1452 Cum
1439 1417 1599 1454 voluntas
1642 1419 1812 1467 scriptoris

1139 1477 1220 1501 cum
1239 1466 1362 1512 scripto
1389 1466 1546 1502 diffidere
1572 1467 1760 1512 videbitur,
1788 1469 1813 1504 fi

1139 1526 1159 1549 a
1188 1514 1313 1562 scripto
1341 1515 1511 1557 dicemus,
1539 1515 1589 1551 his
1620 1517 1702 1552 locis
1733 1527 1810 1552 ute-

1141 1574 1231 1606 mur,
1257 1564 1446 1598 secundum
1467 1566 1716 1600 narrationem:
1742 1566 1811 1613 pri-

1139 1623 1239 1647 mum
1259 1612 1427 1659 scriptoris
1446 1613 1721 1650 collaudatione:
1750 1615 1810 1650 de-

1139 1661 1220 1696 inde
1263 1661 1376 1708 scripti
1418 1662 1641 1697 recitatione:
1684 1663 1810 1698 deinde

1138 1710 1432 1756 percunRatione,
1447 1710 1612 1746 scirentne
1630 1711 1808 1747 adversarii

1138 1759 1172 1792 id
1202 1758 1363 1805 scriptum
1387 1757 1485 1793 fuisse
1511 1758 1545 1793 in
1570 1760 1661 1806 lege,
1688 1769 1749 1795 aut
1774 1761 1808 1796 in

1136 1806 1354 1849 testamento,
1371 1817 1432 1842 aut
1450 1807 1483 1841 in
1502 1807 1730 1854 stipulatione,
1749 1806 1809 1849 aiat

1137 1855 1170 1889 in
1188 1855 1348 1902 quolibet
1373 1854 1510 1902 scripto,
1536 1857 1632 1903 quod
1659 1857 1701 1892 ad
1726 1869 1808 1892 ean-

1135 1903 1216 1939 dem
1234 1916 1307 1939 rem
1326 1904 1507 1950 pertineat.
1549 1905 1687 1940 Deinde
1704 1906 1808 1942 colla-

1136 1953 1239 1995 tione,
1266 1952 1349 1999 quid
1376 1952 1538 2000 scriptum
1565 1952 1616 1996 sit,
1644 1954 1728 2001 quid
1748 1955 1808 1990 ad·

1134 2001 1270 2036 versarii
1294 2001 1326 2037 se
1351 1999 1464 2037 fecifl‘e
1481 2002 1624 2044 dicant3
1652 2003 1736 2050 quid
1748 2002 1806 2050 ju-

1133 2050 1246 2085 dicem
1276 2048 1368 2097 sequi
1399 2052 1595 2093 conveniat,
1622 2062 1739 2086 utrum
1759 2052 1806 2093 id,

1134 2099 1229 2145 quod
1247 2099 1431 2146 diligenter
1448 2099 1672 2147 perscriptum
1692 2100 1742 2142 sit,
1762 2113 1805 2135 an

1135 2148 1184 2189 id,
1218 2148 1311 2194 quod
1344 2157 1443 2182 acute
1475 2147 1514 2183 fit
1541 2148 1806 2195 excogitatum3

1137 2196 1258 2231 deinde
1275 2209 1314 2231 ea
1331 2196 1507 2238 sententia,
1525 2208 1606 2243 quae
1623 2197 1666 2231 ab
1686 2197 1807 2232 adver·

1136 2245 1224 2280 sariis
1244 2246 1283 2280 fit
1308 2247 1516 2292 excogitata,
1543 2255 1578 2280 et
1607 2244 1732 2291 scripto
1757 2255 1807 2281 at-

1137 2294 1275 2335 tributa,
1303 2303 1545 2328 contemnetur
1562 2302 1597 2328 et
1616 2293 1806 2330 infirmabi-

1136 2352 1204 2377 tur.
1263 2342 1394 2377 Deinde
1427 2351 1614 2388 quaeretur,
1655 2343 1741 2388 quid
1774 2343 1808 2379 ei

1139 2390 1305 2432 obfuerit,
1332 2390 1355 2424 fi
1385 2389 1419 2424 id
1436 2389 1593 2425 voluiffet
1609 2390 1809 2434 adscribere,

1142 2451 1225 2474 num
1246 2450 1313 2475 non
1333 2438 1486 2486 potuerit
1502 2438 1672 2485 perscribi.
1702 2440 1811 2477 Dein·

1416 2529 1509 2569 X2
