2335 3009
529 222 585 275 34
979 221 1466 263 EPISTOLAE

926 456 1171 495 Cicssno
1222 455 1437 494 BRu‘ro
1488 455 1530 495 S.

531 584 648 625 XIV.
672 582 734 656 B
750 583 836 622 RE
851 584 888 622 V
903 585 937 623 E
955 583 978 622 S
1009 592 1085 622 tuae
1116 583 1266 623 literae:
1298 583 1432 622 breves
1467 582 1590 621 dico?
1627 581 1754 622 immo
1787 583 1924 624 nullae.

766 648 966 687 Tribusne
996 647 1194 686 versiculis
1221 646 1284 686 his
1316 647 1564 699 temporibus
1594 647 1740 686 Brutus
1761 648 1808 686 ad
1828 649 1925 688 me?

534 714 638 754 nihil
658 713 884 768 scripfiffem
906 713 1054 767 potius.
1086 713 1141 752 Et
1161 713 1327 765 requiris
1348 725 1468 752 meas,
1500 712 1604 765 Qis
1625 726 1802 765 unquam
1821 714 1868 752 ad
1889 723 1929 753 te

533 790 696 820 tuorum
718 781 795 819 fine
815 780 914 818 meis
934 779 1042 818 venit
1061 779 1074 817 ?
1107 779 1207 830 Qae
1238 787 1370 817 autem
1397 777 1558 831 epistola
1578 791 1657 816 non
1678 779 1833 831 pondus
1853 779 1928 818 ha·

535 846 656 885 buit?
687 847 788 898 Qae
818 845 845 884 fi
875 845 922 884 ad
951 854 990 884 te
1019 844 1175 898 perlatae
1205 858 1285 883 non
1309 844 1414 889 sunt,
1445 857 1494 882 ne
1515 843 1743 884 domesticas
1764 844 1930 898 quidem

535 921 620 950 tuas
641 913 805 965 perlatas
826 911 1008 950 arbitror.
1054 910 1240 949 Ciceroni
1270 909 1406 948 scribis
1434 919 1472 948 te
1501 911 1723 963 longiorem
1743 911 1930 951 daturum

535 977 753 1030 epistolam.
798 977 919 1014 Recte
939 976 980 1014 id
1001 975 1163 1028 quidem
1181 990 1191 1014 z
1223 975 1287 1014 sed
1306 974 1390 1014 haec
1411 989 1570 1028 quoque
1591 975 1728 1014 debuit
1748 976 1820 1014 effe
1840 977 1931 1029 ple·

535 1044 638 1081 nior.
684 1044 774 1095 Ego
804 1051 951 1087 autem,
982 1054 1077 1080 cum
1107 1040 1155 1078 ad
1186 1054 1250 1079 me
1281 1040 1330 1079 de
1361 1041 1567 1080 Ciceronis
1599 1041 1667 1079 abs
1700 1050 1738 1079 te
1767 1041 1931 1081 discefl‘u

534 1108 754 1161 scripfifl‘es,
783 1107 914 1146 statim
933 1107 1077 1146 extrusl
1098 1106 1337 1152 tabellarios,
1368 1107 1576 1160 literasque
1593 1107 1641 1144 ad
1663 1107 1898 1147 Ciceronem
1914 1127 1931 1155 ς

536 1183 596 1219 ut,
618 1175 737 1212 etiam
759 1173 784 1211 fi
806 1173 846 1211 in
869 1173 1025 1211 Italiam
1046 1171 1221 1217 venisset,
1242 1171 1289 1210 ad
1310 1180 1348 1210 te
1369 1171 1525 1211 rediret.
1558 1171 1678 1211 Nihil
1699 1174 1807 1212 enim
1828 1173 1931 1213 mihi

531 1237 766 1292 jucundius,
797 1237 900 1276 nihil
921 1237 983 1276 illi
1002 1236 1219 1276 honestius.
1260 1238 1501 1291 Qanquam
1521 1237 1730 1290 aliquoties
1750 1239 1786 1277 ei
1806 1238 1935 1293 scrip-

538 1306 675 1350 seram,
706 1303 950 1343 sacerdotum
980 1303 1158 1349 comitia,
1188 1317 1276 1342 mea
1295 1303 1447 1342 summa
1467 1305 1737 1350 contentione,
1768 1305 1809 1344 in
1831 1306 1934 1344 alte-

539 1383 628 1409 rum
648 1382 797 1407 annum
817 1368 889 1407 effe
910 1369 1075 1421 rejecta:
1108 1368 1216 1422 quod
1247 1381 1321 1421 ego
1352 1382 1445 1407 cum
1478 1369 1683 1408 Ciceronis
1713 1369 1824 1409 causa
1849 1370 1933 1409 ela-

538 1435 688 1480 boravi,
719 1443 806 1472 tum
828 1434 1018 1480 Domitii,
1041 1434 1220 1479 Catonis,
1253 1434 1431 1479 Lentuli,
1463 1435 1724 1474 Bibulorum:
1757 1436 1864 1489 quod
1885 1436 1941 1477 ad.

540 1512 577 1539 te
596 1501 715 1539 etiam
737 1499 976 1552 scripseram.
1023 1499 1097 1538 Sed
1118 1499 1302 1538 videlicet
1328 1513 1422 1539 cum
1452 1501 1562 1538 illam
1583 1501 1764 1553 pufillam
1784 1501 1931 1554 episto-

538 1567 617 1605 lam
649 1575 760 1604 tuam
789 1565 836 1603 ad
867 1579 932 1604 me
963 1565 1094 1610 dabas,
1126 1565 1305 1604 nondum
1326 1576 1405 1604 erat
1427 1567 1502 1604 tibi
1533 1567 1572 1604 id
1595 1576 1751 1606 notum.
1798 1569 1932 1620 Qare

536 1631 649 1670 omni
670 1631 797 1669 studio
817 1644 838 1669 a
869 1640 921 1677 te,
952 1631 1009 1670 mi
1039 1633 1174 1676 Brute,
1206 1631 1418 1677 contendo,
1451 1642 1494 1670 ut
1527 1633 1762 1670 Ciceronem
1795 1646 1933 1672 meum

539 1712 586 1736 ne
607 1698 799 1742 dimittas,
822 1707 1034 1750 tecumque
1054 1697 1221 1736 deducas
1240 1713 1250 1736 ε
1282 1698 1390 1751 quod
1411 1699 1555 1751 ipsum,
1578 1699 1604 1736 fi
1626 1699 1932 1751 rempublicam,

538 1763 603 1800 cui
625 1761 822 1814 susceptus
844 1775 899 1807 eS,
928 1762 1102 1814 respicis,
1125 1762 1198 1800 tibi
1215 1763 1298 1814 jam
1315 1764 1478 1816 jamque
1499 1762 1725 1801 faciendum
1747 1764 1814 1802 est.
1848 1764 1931 1802 Re-

537 1838 674 1866 natum
709 1828 817 1865 enim
852 1827 1003 1865 bellum
1038 1827 1119 1873 est;
1166 1828 1285 1881 idque
1324 1842 1404 1868 non
1443 1842 1562 1881 parvo
1596 1829 1735 1868 scelere
1769 1830 1929 1882 Lepidi.

538 1894 748 1932 Exercitus
770 1902 901 1930 autem
923 1893 1098 1938 Caesaris,
1130 1895 1199 1946 qui
1233 1904 1312 1932 erat
1341 1895 1534 1946 optimus,
1566 1908 1644 1933 non
1677 1894 1798 1933 modo
1828 1894 1932 1933 nihil

541 1958 706 2011 prodest,
740 1957 802 1996 scd
823 1958 941 1995 etiam
963 1959 1071 2010 cogit
1092 1960 1310 1998 exercitum
1333 1969 1448 1998 tuum
1470 1960 1634 2012 flagitari
1654 1975 1663 1998 z
1695 1961 1764 2013 qui
1793 1960 1818 1998 si
1851 1960 1933 1998 Ita-

540 2024 633 2062 liam
654 2024 844 2076 attigerit,
875 2024 948 2061 erit
969 2025 1066 2062 civis
1088 2038 1204 2062 nemo
1228 2031 1366 2077 (quem
1396 2026 1558 2078 quidem
1589 2026 1716 2064 civem
1744 2026 1935 2079 appellari

539 2088 596 2128 fas
619 2089 682 2139 sit)
706 2089 775 2141 qui
799 2089 834 2127 se
856 2102 933 2127 non
964 2089 1004 2127 in
1036 2098 1102 2127 tua
1129 2090 1248 2128 castra
1277 2090 1469 2130 conferat.
1515 2092 1597 2130 Etsi
1630 2093 1798 2130 Brutum
1832 2106 1932 2144 prae-

537 2155 640 2193 clare
674 2169 766 2192 cum
804 2154 951 2192 Planco
985 2156 1244 2207 conjunctum
1281 2155 1486 2195 habemus.
1538 2157 1610 2195 Sed
1647 2171 1723 2195 non
1761 2158 1931 2209 ignoras,
1994 2172 2008 2202 χ

540 2233 658 2273 quam
681 2221 753 2258 sint
776 2220 915 2258 incerti
937 2221 1060 2258 animi
1080 2220 1307 2265 hominum,
1330 2231 1368 2260 ct
1391 2221 1526 2260 infecti
1550 2223 1724 2275 partibus
1744 2241 1754 2267 ;
1786 2233 1824 2261 ct
1845 2223 1934 2262 exi-

541 2296 602 2325 tus
640 2286 880 2339 praeliorum.
926 2287 1037 2337 Qin
1070 2287 1204 2331 etiam,
1237 2289 1277 2330 si.
1311 2297 1354 2326 ut
1390 2287 1512 2341 spero,
1544 2290 1769 2334 vicerimus,
1804 2298 1934 2328 tamen

538 2366 721 2403 magnam
742 2351 1069 2404 gubernationem
1093 2353 1150 2390 tui
1173 2353 1323 2391 consilii
1347 2363 1499 2406 tuasque
1521 2355 1760 2393 auctoritatis
1784 2368 1841 2393 res
1862 2354 1932 2393 de·-

541 2417 732 2456 fiderabit.
767 2417 938 2455 Subvcni
962 2418 1098 2469 igitur,
1122 2432 1187 2471 per
1209 2419 1316 2463 dem,
1340 2419 1457 2472 idque
1479 2422 1806 2473 quamprimum3
1835 2420 1933 2460 tibi-

537 2497 613 2535 que
635 2483 833 2536 persuade,
865 2496 944 2522 non
968 2492 1005 2521 te
1026 2483 1162 2522 Idibus
1186 2484 1360 2530 Martiis,
1393 2486 1539 2539 quibus
1566 2487 1790 2526 servitutem
1811 2499 1832 2525 a
1853 2486 1930 2524 tuis

2116 2518 2200 2587 Θ

2263 2735 2303 2752 ‘t

2201 2788 2316 2860 ,θ’
