2335 3009
557 247 650 297 ,²3²

571 340 630 367 tui·
644 346 651 367 :
671 332 815 380 proinde
833 331 975 367 habebis
991 342 1108 368 tecum
1124 344 1166 368 ex
1180 331 1237 379 ju-

571 390 713 416 ventute
729 381 903 428 optimum
922 391 1099 428 quemque
1118 391 1151 417 et
1169 382 1237 417 stu-

571 429 792 464 diosiffimum
840 429 1072 465 humanitatis.
1139 431 1238 465 Tum

571 487 698 521 autem,
735 477 832 525 quod
858 478 1014 525 equester
1040 479 1127 514 ordo
1156 488 1237 514 tuus

571 526 630 569 est,
656 526 840 574 sequentur
856 526 906 562 illi
928 528 1164 562 auctoritatem
1181 540 1234 563 or-

570 575 674 617 dinis,
699 575 725 611 fi
743 575 808 609 abs
828 585 867 610 ·te
894 575 1114 610 adhibebitur
1130 588 1169 611 ea
1184 577 1236 611 di-

571 623 725 671 ligentia,
748 634 791 659 ut
807 636 876 659 non
893 624 1022 659 ordinis
1047 625 1156 659 solum
1174 636 1237 659 vo-

572 673 726 716 luntate,
775 670 829 708 sed
873 671 975 708 etiam
1023 673 1237 720 singulorum

571 721 742 764 amicitiis,
763 733 817 756 eas
835 722 1002 756 centurias
1021 723 1238 757 confirmatas

571 770 705 806 habeas,
757 771 838 815 Jam
867 770 978 805 studia
1006 770 1237 805 adolescentu-

570 819 685 855 lorum
705 819 737 853 in
755 818 984 865 suffragando,
1011 819 1044 853 iri
1062 819 1237 861 obeundo,

571 867 606 903 in
623 867 827 909 nuntiando,
855 868 889 902 in
915 867 1117 909 affeetando,
1145 868 1238 902 miri-

569 917 635 952 fiee
651 927 685 952 et
701 927 826 963 magna
841 925 876 950 et
892 915 1030 951 honesta
1045 916 1132 952 sunt.

619 966 686 1001 1X.
725 965 774 1000 Et
813 965 978 1012 quoniam
1014 965 1236 1001 affectationis

570 1014 700 1050 mentio
715 1012 805 1048 faeta
832 1013 904 1056 est·‚
942 1014 976 1048 id
1005 1026 1148 1061 quoque
1173 1027 1236 1049 cu-

570 1063 716 1098 randum
743 1062 804 1105 est,
832 1072 870 1097 ut
899 1063 1101 1110 quotidiana
1123 1061 1235 1110 cujus-

569 1123 639 1159 que
655 1111 799 1158 generis‚
823 1120 858 1146 et
881 1111 1024 1153 ordinis,
1049 1120 1083 1146 et
1112 1111 1236 1154 aetatis,

570 1169 666 1195 utare
682 1159 885 1207 frequentia.
937 1161 1032 1194 Nam
1053 1171 1095 1194 ex
1111 1171 1151 1195 ea
1168 1159 1238 1207 ipsa

569 1208 671 1256 copia
724 1207 921 1255 conjectura
970 1208 1043 1243 fieri
1086 1209 1237 1256 poterit,

568 1267 741 1305 quantum
759 1258 800 1292 sis
820 1257 853 1291 in
872 1257 944 1305 ipso
965 1269 1091 1305 campo
1107 1257 1234 1293 virium

568 1318 608 1341 ac
625 1305 799 1341 facultatis
814 1305 1004 1341 habiturus.
1040 1305 1161 1353 Hujus
1175 1318 1233 1341 au-

569 1363 638 1390 tem
665 1355 709 1390 rei
734 1365 800 1390 tres
817 1365 929 1403 partes
946 1355 1047 1390 sunt:
1077 1367 1146 1390 una
1167 1356 1233 1390 SA-

568 1415 823 1445 ιυτΑτοῐωΜ,
859 1415 941 1438 curn
966 1404 1112 1439 domum
1138 1404 1233 1439 veni-

568 1461 656 1495 unt;
683 1452 787 1487 altera
815 1453 1111 1493 Dsnumonum
1137 1453 1234 1488 tertia

568 1502 894 1537 Assecrnoaum.
937 1501 978 1537 In
1007 1502 1233 1537 SALUTATo-

570 1561 694 1592 ninus,
713 1550 774 1598 qui
793 1551 901 1598 magis
919 1551 1077 1598 vulgares
1095 1549 1183 1593 sunt,
1200 1560 1235 1585 et

568 1600 611 1634 ad
629 1599 715 1634 hanc
734 1599 1026 1641 consuetudinem,
1041 1611 1123 1646 quae
1142 1611 1233 1635 nunc

565 1648 626 1689 est,
653 1648 769 1696 plures
795 1649 968 1689 veniunt;
995 1648 1060 1683 hoc
1085 1648 1235 1683 efficien-

566 1697 653 1732 dum
675 1696 735 1740 est,
763 1707 802 1731 ut
824 1696 890 1733 hoc
914 1696 1024 1745 ipsum
1048 1697 1231 1732 minimum

565 1746 722 1782 officium
755 1757 876 1781 eorum
909 1746 974 1781 tibi
1006 1746 1233 1793 gratissimum

565 1795 630 1830 esse
657 1794 823 1830 videatur.
863 1794 939 1843 Qii
964 1794 1110 1830 domum
1137 1804 1232 1830 tuam

566 1843 724 1886 venient,
767 1843 818 1879 his
858 1843 1048 1891 significato
1090 1853 1123 1878 te
1161 1843 1233 1878 ani-

567 1893 777 1928 madvertere
795 1909 806 1934 ·,
822 1903 858 1928 et
874 1905 996 1928 eorum
1012 1893 1142 1935 amicis,
1170 1893 1232 1940 qui

567 1941 634 1977 illis
648 1941 852 1983 renuntient,
871 1941 1053 1983 ostendit03
1073 1942 1162 1990 saepe
1181 1943 1231 1990 ip-

566 1990 608 2026 sis
622 1990 738 2026 dicito.
783 1990 839 2026 Sic
861 1991 1014 2026 homines
1032 1990 1132 2038 saepe,
1150 2003 1232 2026 cum

565 2040 698 2075 obeunt
715 2039 830 2086 plures
847 2039 1101 2087 competitores,
1129 2039 1151 2074 si
1183 2039 1233 2074 vi-

564 2088 680 2131 deant,
696 2100 804 2123 unum
822 2089 885 2124 effe
903 2089 1066 2135 aliquem,
1080 2088 1142 2135 qui
1161 2088 1233 2123 luc

564 2138 680 2173 officia
716 2138 863 2172 maxime
900 2137 1171 2179 animadvertat,
1203 2137 1233 2171 ei

566 2187 597 2223 se
622 2187 778 2229 dedunt,
797 2187 952 2222 deserunt
970 2196 1136 2227 caeteros3
1169 2186 1232 2221 mi-

565 2237 714 2272 nutatim
741 2248 783 2272 (εκ
810 2235 1057 2271 communibus
1088 2234 1232 2283 proprii,

563 2298 606 2321 ex
627 2284 753 2322 fucosis
771 2285 874 2328 firmi,
901 2285 1136 2332 suffragatores
1153 2295 1231 2318 eva—

564 2335 664 2371 dunt.
691 2335 771 2381 Jam
799 2335 885 2370 illud
902 2343 1015 2369 teneto
1039 2332 1231 2379 diligenter,

566 2384 589 2419 si
619 2396 712 2427 eum,
747 2383 807 2432 qui
839 2383 902 2418 tibi
960 2381 1135 2418 romiserit.
1177 2380 1231 2417 fu-

565 2445 659 2476 cum,
688 2443 726 2468 ut
760 2432 900 2476 dicitur,
944 2443 1036 2466 acere
1054 2431 1141 2466 velle
1159 2430 1226 2466 sen·

563 2480 669 2526 seris,
696 2491 736 2518 ut
769 2491 801 2518 te
832 2481 866 2517 id
899 2480 1026 2517 audisse
1055 2489 1116 2517 aut
1149 2479 1231 2516 scine

911 237 1016 275 DE
1074 235 1614 277 PETITIONE

1285 333 1482 369 dissimules.
1528 335 1563 369 Si
1582 334 1660 381 quis
1678 334 1741 370 tibi
1760 334 1792 370 se
1809 347 1955 383 purgare

1287 383 1394 424 volet,
1412 383 1508 429 quod
1527 382 1718 431 suspeistum
1737 384 1766 419 se
1782 385 1847 419 esse
1863 384 1952 420 arbi-

1288 440 1420 472 tretur·‚
1447 432 1607 473 affirmes,
1633 442 1666 466 te
1694 433 1737 467 de
1765 433 1857 468 illius
1890 445 1953 468 vo-

1288 479 1420 514 luntate
1453 492 1634 527 nunquam
1668 481 1848 524 dubitaffe,
1893 493 1953 516 nec

1286 528 1408 563 debere
1433 528 1600 564 dubitare.
1644 530 1676 564 ls
1700 529 1805 571 enim,
1833 531 1893 577 qui
1923 530 1955 565 se

1287 588 1355 611 nori
1382 586 1482 624 putat
1507 575 1706 619 satisfacere,
1733 578 1864 614 amicus
1889 579 1955 614 esse

1287 624 1386 659 nullo
1412 625 1518 659 modo
1546 625 1666 673 potest.
1718 626 1810 662 Scire
1839 638 1954 662 autem

1287 682 1436 720 oportet,
1474 685 1547 720 quo
1575 674 1719 721 quisque
1743 675 1857 710 animo
1887 676 1953 718 s1t;

1289 732 1328 756 ut
1361 732 1395 756 et
1420 732 1591 769 quantum
1622 723 1750 770 cuique
1779 724 1954 766 confidas,

1287 770 1490 805 constituere
1506 772 1618 818 possis.
1657 772 1737 817 Jam
1756 773 1955 809 Dsnuero-

1289 830 1371 853 RUM
1389 819 1544 854 officium
1560 831 1634 867 quo
1652 819 1760 867 majus
1772 821 1832 863 est,
1847 833 1955 869 quam

1287 867 1524 910 salutatorum,
1550 868 1616 904 hoc
1642 869 1772 917 gratius
1797 870 1860 905 tibi
1890 870 1955 905 effe

1289 916 1478 964 significato
1522 927 1627 964 atque
1682 918 1875 960 ostendito;
1919 930 1955 954 et

1287 965 1404 1012 quoad
1444 964 1518 1012 ejus
1559 965 1631 1000 fieri
1673 967 1811 1014 poterit,
1853 967 1954 1003 certis

1286 1014 1502 1061 temporibus
1527 1014 1731 1050 descendito.
1783 1016 1955 1064 Magnam

1287 1062 1385 1097 affert
1412 1063 1627 1110 opinionem,
1654 1075 1813 1110 magnam
1840 1065 1955 1112 digni-

1287 1120 1404 1152 tatern,
1446 1111 1648 1158 quotidiana
1681 1112 1716 1147 in
1751 1112 1954 1150 deducendo

1286 1158 1490 1207 frequentia.
1530 1160 1652 1195 Tertia
1679 1160 1728 1196 est
1751 1173 1794 1196 ex
1812 1161 1877 1197 hoc
1895 1174 1954 1209 ge-

1287 1221 1365 1244 nere
1391 1209 1518 1244 affidua
1547 1209 1864 1246 Assumit-tonum
1893 1223 1953 1246 co-

1285 1258 1352 1305 pia.
1406 1258 1443 1293 ln
1471 1270 1510 1292 ea
1536 1270 1625 1304 quos
1652 1258 1866 1294 voluntarios
1893 1260 1952 1294 ha-

1286 1308 1356 1348 bes,
1382 1318 1465 1341 cura
1487 1317 1527 1342 ut
1554 1307 1758 1354 intelligant,
1786 1319 1819 1343 te
1836 1308 1896 1343 sibi
1917 1309 1951 1343 in

1283 1365 1491 1403 perpetuum
1509 1355 1643 1391 summo
1669 1357 1835 1392 beneficio
1861 1357 1951 1392 obli-

1283 1406 1382 1452 gari·‚
1409 1405 1471 1452 qui
1501 1414 1616 1439 autem
1641 1404 1704 1440 tibi
1734 1405 1873 1448 debent,
1907 1406 1952 1441 ab

1283 1453 1323 1488 iis
1354 1453 1454 1500 plane
1481 1453 1545 1488 hoc
1575 1465 1703 1489 munus
1730 1453 1852 1501 exige:
1888 1455 1951 1502 qui

1283 1514 1344 1549 per
1358 1511 1494 1537 aetatem
1512 1513 1550 1536 ac
1568 1502 1746 1549 negotium
1775 1512 1951 1550 poterunt,

1285 1551 1346 1598 ipsi
1365 1560 1480 1586 tecum
1499 1560 1537 1586 ut
1554 1550 1670 1585 assidui
1694 1550 1783 1591 sint;
1809 1552 1871 1598 qui
1890 1552 1952 1600 ipsi

1283 1599 1397 1634 seetari
1433 1611 1501 1635 non
1541 1610 1718 1648 poterunt,
1756 1601 1953 1636 necessarios

1283 1647 1360 1683 suos
1402 1648 1437 1683 in
1467 1648 1531 1683 hoc
1564 1660 1702 1683 munere
1731 1649 1952 1685 constituant.

1283 1697 1393 1732 Valde
1408 1709 1474 1744 ego
1504 1707 1537 1732 te
1554 1698 1648 1739 volo,
1674 1707 1708 1732 et
1725 1697 1767 1731 ad
1787 1710 1856 1733 rem
1875 1711 1951 1745 per-

1283 1745 1388 1781 tinere
1405 1746 1563 1789 arbitror,
1591 1746 1719 1793 semper
1748 1757 1829 1781 cum
1861 1747 1951 1781 niul-

1283 1794 1430 1829 titudine
1465 1794 1539 1829 effe.
1591 1795 1760 1830 Praeterea
1791 1807 1951 1842 magnam

1283 1843 1382 1878 affert
1400 1843 1536 1878 laudem
1552 1852 1586 1878 et
1614 1843 1780 1878 summam
1803 1844 1951 1891 dignita-

1282 1902 1364 1934 tern,
1392 1892 1416 1928 si
1446 1892 1468 1927 ii
1499 1902 1612 1927 tecum
1641 1902 1753 1933 erunt,
1781 1894 1842 1940 qui
1873 1905 1890 1927 a
1919 1903 1951 1928 te

1281 1939 1422 1983 defensi,
1458 1950 1492 1976 et
1521 1941 1582 1988 qui
1612 1953 1673 1988 per
1703 1950 1735 1976 te
1765 1940 1883 1977 servati
1911 1954 1949 1977 ac

1277 1988 1418 2037 judiciis
1459 1989 1593 2025 liberati
1636 1989 1723 2025 sunt.
1775 1990 1868 2025 Haec
1911 2002 1948 2026 tu

1284 2041 1385 2086 plane
1403 2039 1446 2074 ab
1465 2038 1504 2074 iis
1523 2037 1720 2087 postulato,
1749 2049 1799 2079 ut,
1827 2040 1951 2086 quoni·

1284 2100 1338 2122 ani
1357 2088 1453 2123 nulla
1471 2086 1619 2135 impensa
1636 2099 1694 2135 per
1711 2097 1743 2122 te
1760 2087 1814 2122 alii
1836 2088 1951 2123 hones-

1283 2146 1400 2178 tatem,
1445 2136 1500 2171 aiii
1539 2136 1679 2171 salutem
1718 2147 1755 2170 ac
1795 2136 1952 2173 fortunas

1281 2197 1413 2227 omnes,
1455 2184 1709 2226 obtinuerunt·,
1753 2197 1812 2220 nec
1857 2186 1952 2221 aliud

1283 2235 1395 2269 ullum
1431 2244 1568 2281 tempus
1602 2233 1761 2269 futurum
1797 2234 1848 2275 sit,
1889 2235 1950 2270 ubi

1281 2283 1344 2318 tibi
1365 2281 1486 2318 referre
1502 2283 1646 2330 gratiam
1667 2285 1788 2330 possint
1804 2301 1814 2325 ·,
1835 2283 1899 2319 hoc
1917 2294 1951 2319 te

1280 2331 1398 2367 officio
1415 2342 1640 2367 remunerent.

1332 2381 1379 2415 X.
1407 2382 1455 2417 Et
1488 2381 1653 2428 quoniam
1691 2381 1722 2416 in
1758 2380 1949 2417 amicorum

1279 2430 1398 2465 studiis
1424 2430 1497 2465 haec
1525 2430 1637 2464 omnis
1663 2430 1749 2465 ratio
1774 2429 1948 2471 versatur,

1279 2479 1342 2528 qui
1367 2478 1464 2515 locus
1487 2479 1520 2515 in
1543 2478 1608 2515 hoc
1631 2490 1752 2528 genem
1776 2478 1950 2516 cavendus
