2335 3009
535 209 589 250 62
883 208 1577 250 EPISTOLARUM

535 307 697 354 confici,
730 307 799 346 nifi
830 321 899 361 per
917 306 1125 347 hominem
1145 317 1184 346 et
1204 310 1377 361 peritum
1396 318 1436 348 et
1456 309 1706 364 diligentem,
1737 325 1816 351 non
1838 311 1930 367 pos-

536 374 641 415 sunt.
683 373 906 427 Chryfippo
926 383 1057 414 tamen
1076 375 1296 427 imperabo,
1325 384 1365 413 et
1385 389 1479 415 cum
1499 378 1756 429 Tyrannione
1774 379 1929 432 loquar.

537 441 602 480 De
622 439 716 478 fisco
736 440 833 493 quid
853 440 978 492 egerit
997 441 1144 493 Scipio,
1177 454 1347 493 quaeram
1366 457 1376 480 τ
1409 442 1517 494 quod
1548 443 1748 483 videbitur
1778 447 1931 485 rectum

537 505 624 551 effe,
655 506 818 544 curabo.
855 506 918 544 De
939 505 1173 550 Ascanione,
1204 515 1248 544 tu
1269 519 1374 551 vero,
1405 507 1512 560 quod
1533 508 1655 554 voles,
1685 508 1832 549 facies:
1865 524 1930 549 me

536 570 642 611 nihil
662 572 886 624 interpono.
918 572 982 610 De
1003 572 1240 616 suburbano,
1262 572 1370 625 quod
1391 586 1470 611 non
1486 587 1687 626 properas,
1719 575 1861 615 laudo:
1885 586 1930 616 ut

533 647 583 676 -tu
602 637 760 683 habeas,
782 637 932 676 hortor.
967 638 1066 676 Haec
1086 637 1216 690 scripsi
1238 651 1272 676 a.
1295 637 1335 676 d.
1361 651 1406 676 1x
1429 638 1510 678 kal.
1534 640 1642 678 Nov.
1661 654 1742 693 quo
1762 640 1825 680 die
1845 642 1931 681 ludi

536 704 907 748 committebantur,
938 704 979 742 in
1001 704 1275 742 Tusculanum
1295 704 1562 758 proficistens‚
1593 706 1818 760 ducensque
1844 721 1931 746 me-

536 784 632 809 cum
653 771 890 809 Ciceronem
908 783 1044 808 meum
1064 771 1106 808 in
1127 770 1268 808 ludum
1289 770 1478 817 discendi,
1504 785 1584 811 non
1604 772 1780 813 lusionis.
1813 775 1871 813 Ea
1890 788 1931 814 re

537 850 618 875 non
639 837 814 889 longius,
844 849 965 889 quam
996 836 1155 882 vellem,
1186 836 1293 889 quod
1326 837 1499 876 Pontino
1529 838 1577 877 ad
1608 839 1861 893 triumphum
1892 853 1928 879 a.

537 903 578 941 d.
605 916 661 941 111
685 902 796 942 Non.
818 903 1022 941 Novemb.
1045 903 1226 942 volebam
1245 903 1395 950 adeffe;
1418 905 1567 943 etenim
1586 906 1660 944 erit
1682 905 1812 945 nescio
1831 906 1930 960 quid

538 969 731 1021 negotioli
749 984 758 1007 :
790 982 882 1007 nam
905 969 1005 1007 Cato
1024 978 1064 1007 et
1089 969 1275 1008 Servilius
1296 979 1477 1023 praetores
1499 970 1770 1024 prohibituros
1792 972 1829 1011 se
1849 973 1930 1011 mi-

536 1044 705 1080 nantur,
727 1048 815 1080 nec,
832 1034 930 1087 quid
950 1035 1107 1087 poffint‚
1124 1035 1218 1073 scio.
1252 1035 1326 1073 Ille
1345 1037 1453 1074 enim
1473 1046 1512 1075 et
1527 1037 1707 1089 Appium
1727 1037 1932 1076 consulem

536 1099 671 1137 secum
690 1098 868 1144 habebit,
899 1108 938 1138 et
956 1109 1155 1152 praetores,
1185 1108 1225 1138 et
1245 1100 1426 1139 tribunos
1447 1101 1590 1153 plebis.
1635 1101 1709 1140 Sed
1730 1102 1932 1140 minantur

537 1174 669 1203 tamen
685 1183 698 1210 ;
730 1165 772 1203 in
793 1165 1012 1217 primisque
1029 1162 1087 1213 &ripn
1103 1162 1213 1200 πνέων
1231 1166 1496 1218 QScaevola.
1528 1167 1649 1213 Cura,
1680 1168 1738 1206 mi
1758 1167 1931 1207 suaviffi-

535 1243 602 1269 me
621 1238 660 1268 et
680 1229 869 1269 cariffime
886 1228 1021 1276 frater,
1052 1239 1098 1269 ut
1116 1230 1257 1270 valeas.

855 1431 1125 1471 MARcus
1172 1431 1241 1484 Q
1274 1431 1528 1471 Fnarnt
1575 1433 1615 1471 S.

538 1562 592 1600 V.
616 1561 693 1651 Q
707 1561 746 1600 U
762 1561 799 1600 O
814 1561 854 1600 D
883 1561 1050 1614 quaeris,
1071 1560 1169 1613 quid
1197 1560 1244 1598 de
1265 1560 1344 1598 illis
1365 1560 1478 1600 libris
1498 1562 1662 1614 egerim,
1694 1575 1808 1615 quos,
1839 1577 1935 1604 cum

723 1627 840 1665 effem
860 1627 903 1664 in
924 1627 1121 1671 Cumano,
1145 1625 1311 1664 scribere
1332 1626 1507 1672 institui,
1531 1641 1611 1666 non
1631 1627 1783 1674 cessavi,
1807 1643 1934 1683 neque

536 1692 665 1732 cesso:
697 1692 762 1731 sed
794 1692 891 1744 saepe
917 1693 1001 1744 jam
1033 1691 1228 1730 scribendi
1262 1701 1392 1730 totum
1421 1692 1631 1731 confilium
1661 1695 1934 1748 rationemque

537 1759 704 1797 mutavi.
738 1758 861 1803 Nam,
878 1759 962 1810 jam
983 1758 1139 1796 duobus
1160 1757 1271 1796 factis
1294 1758 1420 1803 libris,
1445 1759 1484 1797 in
1505 1760 1669 1812 quibus,
1687 1761 1933 1799 novendiali-

539 1825 614 1864 bus
646 1825 694 1863 iis
727 1823 851 1869 feriis,
882 1838 970 1877 quae
1002 1823 1163 1862 fuerunt
1185 1824 1391 1863 Tuditano
1421 1834 1460 1863 et
1490 1826 1658 1878 Aquilio
1686 1827 1931 1873 consulibus,

538 1891 666 1930 sermo
685 1889 738 1928 est
758 1904 779 1928 a
798 1903 863 1927 me
883 1890 1086 1928 institutus
1108 1889 1303 1934 Africani,
1329 1890 1448 1943 paulo
1468 1901 1556 1929 ante
1578 1901 1762 1938 mortem,
1783 1902 1823 1931 et
1843 1893 1933 1931 Lae-

538 1956 600 2002 lii,
633 1955 755 2001 Phili,
789 1955 966 2001 Manilii,
998 1957 1318 2007 QTuberoniS,
1341 1966 1379 1994 et
1402 1957 1515 1995 Laelii
1535 1971 1770 2010 generorum
1793 1959 1935 1998 Fannii

537 2032 578 2062 et
600 2022 807 2067 Scaevolae5
840 2021 966 2060 sermo
986 2032 1117 2060 autem
1140 2023 1179 2060 in
1204 2036 1343 2060 novem
1365 2032 1403 2060 et
1424 2023 1505 2061 dies
1526 2033 1565 2062 et
1592 2024 1715 2062 libros
1744 2024 1934 2064 distribu-

538 2097 603 2127 tus
624 2088 671 2127 de
691 2087 847 2141 optimo
867 2087 965 2126 statu
986 2088 1173 2133 civitatis,
1205 2097 1244 2126 et
1265 2088 1311 2126 de
1332 2089 1487 2141 optimo
1511 2090 1596 2127 cive
1615 2105 1624 2129 ε
1657 2090 1744 2128 sane
1775 2092 1934 2130 texeba-

538 2163 604 2194 tur
624 2168 723 2208 opus
746 2154 981 2199 luculenter,
1000 2154 1292 2207 hominumque
1313 2154 1484 2207 dignitas
1501 2156 1748 2208 aliquantum
1767 2158 1935 2197 orationi

539 2219 724 2275 ponderis
744 2220 944 2259 afferebat.
992 2221 1050 2259 Hi
1082 2221 1174 2260 libri
1204 2235 1296 2259 cum
1321 2221 1360 2259 in
1383 2222 1612 2261 Tusculano
1633 2222 1733 2261 mihi
1757 2224 1935 2276 legeren-

539 2295 619 2331 tur,
651 2287 833 2324 audiente
855 2285 1063 2331 Sallustio;
1096 2287 1321 2325 admonitus
1346 2287 1428 2325 sum
1451 2287 1498 2325 ab
1521 2288 1606 2333 illo,
1639 2289 1768 2327 multo
1790 2291 1935 2342 majore

537 2354 766 2391 auctoritate
788 2353 866 2390 illis
889 2352 936 2391 de
958 2353 1072 2391 rebus
1093 2352 1171 2391 dici
1194 2353 1310 2407 poffc,
1340 2354 1362 2391 fi
1387 2353 1465 2406 ipsc
1488 2354 1666 2407 loquerer
1687 2356 1734 2393 dc
1755 2356 1934 2409 republi-

536 2432 598 2463 ca,
632 2419 843 2472 pra-sertim
863 2434 954 2459 cum
977 2420 1091 2458 etiem
1114 2434 1191 2459 non
1217 2420 1444 2459 Heraclides
1472 2421 1674 2466 Ponticus,
1708 2422 1768 2461 scd
1790 2422 1933 2460 consu-

538 2485 646 2532 laris,
676 2496 715 2526 et
736 2487 784 2533 is,
815 2488 884 2541 qui
910 2487 950 2526 in
972 2487 1155 2527 maximis
1177 2487 1346 2527 versatus
1369 2489 1407 2527 in
1431 2489 1633 2543 republica
1653 2490 1767 2529 rebus
1786 2488 1930 2528 css‘cm:
