2335 3009
655 216 749 255 AD
808 216 875 267 Q
923 215 1288 255 FRATREM
1347 218 1566 259 L113.1.
1758 236 1805 275 19

413 314 509 353 levis
529 327 572 352 ac
599 313 791 358 sordidus,
822 313 886 351 sed
913 323 1044 352 tamen
1074 315 1241 367 equestri
1270 316 1402 362 censu,
1435 317 1650 356 Catienus:
1683 319 1801 359 etiam

413 380 446 418 is
467 379 648 418 lenietur.
696 379 822 431 Cujus
855 388 898 417 tu
929 380 971 417 in
996 389 1147 432 patrem
1169 381 1276 433 quod
1296 381 1404 419 fuisti
1425 382 1605 435 asperior,
1637 397 1717 423 non
1740 398 1801 422 re-

412 442 632 496 prehendo:
656 453 764 482 certo
785 444 893 482 enim
913 444 993 482 scio
1015 454 1051 483 te
1071 444 1201 483 fecifl‘e
1221 459 1314 483 cum
1335 447 1459 485 causa.
1493 449 1566 486 Sed
1586 449 1682 501 quid
1704 463 1801 502 opus

412 508 491 547 fuit
510 509 702 562 ejusmodi
724 509 862 555 literis,
884 523 979 563 quas
1001 510 1047 547 ad
1067 510 1196 563 ipsum
1217 511 1380 549 mifisti?
1412 512 1530 550 illum
1551 528 1710 553 crucem
1731 515 1803 553 fibi

411 575 541 628 ipsum
562 575 812 621 constituere,
843 589 890 614 ex
912 589 989 629 qua
1009 585 1052 614 tu
1073 590 1164 614 eum
1185 586 1274 614 ante
1295 577 1515 616 detraxisses
1536 594 1544 617 :
1578 589 1615 617 te
1642 590 1803 619 curatu-

376 687 382 692 ,
413 654 502 679 rum
533 640 647 680 fumo
680 650 724 679 ut
755 641 1067 686 combureretur,
1099 641 1309 694 plaudente
1330 651 1412 681 tota
1431 644 1647 696 provincia.
1695 646 1806 697 Qid

411 720 502 745 vero
522 707 568 759 ad
590 708 639 745 C.
663 707 834 746 Fabium
854 707 984 745 nescio
1005 721 1125 759 quem
1144 708 1157 745 ?
1187 709 1296 760 (nam
1318 722 1402 747 eam
1424 723 1582 761 quoque
1602 711 1806 763 epistolam

413 774 467 811 T.
498 773 686 811 Catienus
717 773 1009 826 circumgestat)
1045 774 1261 812 renuntiari
1293 775 1383 820 tibi,
1415 775 1621 814 Licinium
1653 777 1804 829 plagia-

413 839 517 877 rium
549 852 642 877 cum
675 838 743 877 suo
774 838 887 892 pullo
918 839 1086 877 milvino
1120 839 1268 877 tributa
1298 840 1485 892 exigere?
1517 841 1674 879 Deinde
1694 855 1805 895 rogas

413 903 600 949 Fabium,
633 913 676 942 ut
703 913 741 941 et
761 913 913 956 patrem
933 913 972 942 et
992 903 1124 942 filium
1143 904 1252 942 vivos
1272 906 1496 951 comburat,
1529 906 1554 943 fi
1576 906 1718 959 poffit;
1751 908 1807 945 s1n

413 970 562 1015 minus,
593 969 640 1007 ad
662 979 700 1008 te
720 971 868 1015 mittat,
900 970 959 1008 uti
975 970 1130 1022 judicio
1151 970 1450 1010 comburantur.
1497 972 1573 1009 Hae
1598 972 1719 1011 literae
1740 973 1806 1011 abs

414 1044 452 1073 te
472 1049 541 1088 per
554 1037 695 1088 jocum
716 1036 834 1074 miffae
855 1036 901 1074 ad
924 1037 973 1074 C.
997 1036 1183 1082 Fabium,
1215 1037 1241 1074 fi
1263 1037 1382 1075 modo
1404 1037 1492 1075 sunt
1514 1047 1604 1083 tuae,
1634 1052 1728 1076 cum
1748 1039 1807 1077 le-

412 1111 577 1152 guntur,
609 1102 841 1140 invidiosam
861 1102 1108 1140 atrocitatem
1129 1102 1339 1141 verborum
1359 1103 1522 1142 habent.
1569 1105 1630 1142 Ac
1663 1105 1689 1142 fi
1717 1118 1807 1143 om·-

415 1167 529 1204 nium
550 1180 726 1205 mearum
746 1167 949 1206 literarum
970 1176 1162 1220 praecepta
1181 1176 1346 1220 repetes,
1378 1169 1576 1220 intelliges
1607 1168 1710 1207 nihil
1737 1169 1810 1208 effe

415 1245 437 1270 a
462 1246 540 1277 me,
573 1233 642 1270 nifi
673 1233 859 1270 orationis
890 1233 1158 1277 acerbitatem,
1191 1243 1229 1270 et
1261 1233 1518 1278 iracundiam,
1550 1244 1602 1279 et,
1635 1235 1662 1272 fi
1689 1234 1807 1281 forte,

416 1311 500 1336 raro
530 1298 732 1336 literarum
762 1297 963 1335 missarum
991 1297 1285 1348 indiligentiam
1315 1297 1602 1350 reprehensam.
1649 1301 1808 1351 Qibus

415 1362 578 1416 quidem
599 1363 640 1400 in
661 1362 776 1401 rebus
797 1362 824 1400 fi
845 1362 949 1415 apud
971 1371 1007 1400 te
1027 1361 1118 1414 plus
1139 1362 1346 1400 auctoritas
1368 1375 1468 1407 mea,
1500 1376 1619 1415 quam
1651 1373 1716 1401 tua
1737 1365 1812 1403 five

415 1437 552 1466 natura
583 1427 701 1480 paulo
732 1428 871 1473 acrior,
903 1427 979 1465 five
999 1427 1176 1479 quaedam
1199 1426 1368 1465 dulcedo
1388 1427 1612 1473 iracundiae‚
1644 1429 1720 1466 five
1747 1429 1810 1467 di-

415 1493 532 1531 cendi
552 1493 604 1531 sal
624 1492 853 1546 facetiaeque
873 1492 1092 1538 valuissent,
1124 1491 1227 1530 nihil
1249 1492 1335 1530 sane
1355 1493 1461 1538 effet‚
1493 1493 1601 1546 quod
1630 1507 1701 1532 nos
1723 1508 1811 1547 poe-

418 1558 573 1597 niteret.
606 1559 660 1596 Et
681 1558 872 1596 mediocri
893 1571 956 1596 me
977 1558 1112 1596 dolore
1131 1566 1245 1611 putas
1267 1557 1385 1604 affici,
1417 1572 1511 1596 cum
1532 1558 1703 1604 audiam,
1735 1573 1813 1612 qua

416 1623 463 1662 fit
493 1623 781 1662 existimatione
812 1624 1023 1676 Virgilius,
1054 1637 1132 1677 qua
1163 1633 1254 1662 tuus
1287 1624 1442 1663 vicinus
1476 1625 1554 1663 Cn.
1588 1625 1810 1664 oetavius?

417 1691 525 1730 Nam
547 1690 573 1729 fi
595 1699 633 1728 te
653 1691 907 1729 interioribus
928 1691 1069 1729 vicinis
1092 1691 1186 1735 tuis,
1220 1690 1420 1729 Ciliciensi
1441 1700 1480 1729 et
1502 1691 1672 1742 Syriaco,
1699 1701 1811 1730 ante-

416 1755 548 1809 ponis,
579 1755 690 1794 valde
710 1769 902 1808 magnum
922 1755 1034 1795 facis.
1081 1756 1216 1808 Atque
1236 1756 1268 1793 is
1290 1755 1403 1793 dolor
1423 1755 1491 1800 est,
1523 1757 1631 1808 quod
1651 1769 1744 1795 cum
1766 1757 1810 1802 ii,

416 1834 516 1874 quos
539 1821 754 1867 nominavi,
778 1831 816 1860 te
835 1821 1063 1859 innocentia
1083 1834 1162 1859 non
1183 1820 1358 1865 vincant,
1376 1820 1543 1858 vincunt
1564 1830 1693 1858 tamen
1715 1822 1812 1859 arti—

418 1886 511 1925 ficio
533 1887 814 1926 benevolentiae
835 1887 1083 1939 colligendae,
1101 1887 1171 1940 qui
1193 1899 1320 1938 neque
1341 1887 1494 1938 Cyrum
1516 1886 1811 1940 Xenophontis,

418 1966 546 2005 neque
566 1953 808 2006 Agefilaum,
840 1953 1022 1992 noverint
1040 1968 1049 1991 :
1082 1965 1253 2005 quorum
1274 1965 1412 2005 regum
1433 1953 1589 1992 summo
1610 1953 1651 1991 in
1680 1953 1812 2007 irnpe-

418 2019 478 2056 rio
499 2032 616 2057 nemo
638 2032 814 2071 unquam
835 2019 998 2057 verbum
1021 2018 1151 2056 ullum
1172 2017 1340 2070 asperius
1363 2018 1527 2057 audivit.

475 2084 553 2123 111.
586 2084 659 2122 Sed
680 2083 763 2124 haec
783 2098 805 2122 a
823 2084 1022 2137 principio
1043 2083 1118 2121 tibi
1139 2083 1385 2136 praecipiens,
1417 2092 1611 2136 quantum
1633 2082 1813 2137 profece-

420 2149 510 2195 rim,
529 2163 607 2188 non
629 2151 784 2202 ignoro.
816 2150 940 2189 Nunc
961 2159 1092 2188 tamen
1113 2148 1302 2188 decedens
1323 2149 1381 2201 (id
1403 2149 1510 2202 quod
1530 2148 1632 2187 mihi
1647 2151 1732 2202 jam
1752 2149 1814 2188 fa-

421 2227 506 2253 cere
525 2215 686 2267 videris)
711 2216 903 2269 relinque,
935 2215 1079 2269 quaeso‚
1101 2228 1220 2267 quam
1236 2215 1560 2267 jucundiffimam
1581 2215 1815 2253 memoriam

424 2280 497 2318 tui.
544 2281 806 2320 Succefl‘orem
836 2281 956 2320 habes
989 2281 1251 2334 perblandum
1268 2300 1280 2326 ς
1313 2290 1449 2319 caetera
1468 2280 1579 2318 valde
1605 2279 1714 2318 illius
1743 2280 1813 2318 ad-

423 2354 543 2383 ventu
578 2355 645 2384 tua
679 2348 940 2400 requirentur.
988 2349 1035 2386 In
1070 2347 1194 2386 literis
1229 2346 1435 2386 mittendis
1471 2347 1534 2398 (ut
1568 2345 1666 2399 saepe
1696 2345 1744 2384 ad
1778 2355 1816 2385 te

424 2409 574 2463 scripfi)
598 2411 768 2451 nimium
791 2422 829 2452 te
849 2413 1091 2452 exorabilem
1110 2411 1325 2466 praebuisti.
1369 2411 1489 2450 Tolle
1509 2425 1662 2457 omnes,
1694 2411 1720 2449 fi
1741 2425 1816 2463 po-

425 2485 497 2521 tes,
535 2476 705 2529 iniquas,
745 2479 842 2517 tolle
876 2479 1092 2526 inusitatas,
1134 2479 1229 2518 tolle
1263 2477 1491 2518 contrarias.
1538 2476 1683 2516 Statius
1716 2476 1819 2516 mihi

1431 2544 1467 2582 C
1498 2555 1521 2582 2
