<?xml version="1.0" encoding="UTF-8"?>
<!DOCTYPE html PUBLIC "-//W3C//DTD XHTML 1.0 Transitional//EN"
    "http://www.w3.org/TR/xhtml1/DTD/xhtml1-transitional.dtd">
<html xmlns="http://www.w3.org/1999/xhtml" xml:lang="en" lang="en">
 <head>
  <title>
</title>
<meta http-equiv="Content-Type" content="text/html;charset=utf-8" />
  <meta name='ocr-system' content='tesseract 3.04.00' />
  <meta name='ocr-capabilities' content='ocr_page ocr_carea ocr_par ocr_line ocrx_word'/>
</head>
<body>
  <div class='ocr_page' id='page_1' title='image "./operacumindicibu09ciceuoft_0163.png"; bbox 0 0 2335 3009; ppageno 0'>
   <div class='ocr_carea' id='block_1_1' title="bbox 629 186 1590 231">
    <p class='ocr_par' dir='ltr' id='par_1_1' title="bbox 629 186 1590 231">
     <span class='ocr_line' id='line_1_1' title="bbox 629 186 1590 231; baseline -0.003 0"><span class='ocrx_word' id='word_1_1' title='bbox 629 189 731 231; x_wconf 91' lang='lat' dir='ltr'>AD</span> <span class='ocrx_word' id='word_1_2' title='bbox 790 186 1307 228; x_wconf 90' lang='lat' dir='ltr'><strong>HERENNIUM</strong></span> <span class='ocrx_word' id='word_1_3' title='bbox 1367 187 1503 228; x_wconf 82' lang='lat' dir='ltr'><em>LIB.</em></span> <span class='ocrx_word' id='word_1_4' title='bbox 1554 189 1590 228; x_wconf 83' lang='grc' dir='ltr'>Ι.</span> 
     </span>
    </p>
   </div>
   <div class='ocr_carea' id='block_1_2' title="bbox 397 284 1090 2486">
    <p class='ocr_par' dir='ltr' id='par_1_2' title="bbox 397 284 1090 2486">
     <span class='ocr_line' id='line_1_2' title="bbox 406 284 1083 335; baseline -0.004 -13"><span class='ocrx_word' id='word_1_5' title='bbox 406 285 584 335; x_wconf 86' lang='lat' dir='ltr'>bipartito.</span> <span class='ocrx_word' id='word_1_6' title='bbox 637 285 848 322; x_wconf 88' lang='lat' dir='ltr'>Constitutio</span> <span class='ocrx_word' id='word_1_7' title='bbox 889 285 938 320; x_wconf 88' lang='lat' dir='ltr'>est</span> <span class='ocrx_word' id='word_1_8' title='bbox 972 284 1083 332; x_wconf 80' lang='lat' dir='ltr'>prima</span> 
     </span>
     <span class='ocr_line' id='line_1_3' title="bbox 404 333 1082 383; baseline -0.003 -13"><span class='ocrx_word' id='word_1_9' title='bbox 404 336 602 383; x_wconf 82' lang='lat' dir='ltr'>deprecatio</span> <span class='ocrx_word' id='word_1_10' title='bbox 629 335 812 370; x_wconf 83' lang='lat' dir='ltr'>defensoris</span> <span class='ocrx_word' id='word_1_11' title='bbox 840 346 921 368; x_wconf 89' lang='lat' dir='ltr'>cum</span> <span class='ocrx_word' id='word_1_12' title='bbox 948 333 1082 368; x_wconf 87' lang='lat' dir='ltr'>accusa-</span> 
     </span>
     <span class='ocr_line' id='line_1_4' title="bbox 406 381 1080 429; baseline -0.003 -10"><span class='ocrx_word' id='word_1_13' title='bbox 406 385 490 419; x_wconf 84' lang='lat' dir='ltr'>toris</span> <span class='ocrx_word' id='word_1_14' title='bbox 508 384 760 419; x_wconf 68' lang='lat' dir='ltr'>insimulatione</span> <span class='ocrx_word' id='word_1_15' title='bbox 775 381 968 429; x_wconf 64' lang='lat' dir='ltr'>conjuncta.</span> <span class='ocrx_word' id='word_1_16' title='bbox 987 383 1080 417; x_wconf 90' lang='lat' dir='ltr'>Con-</span> 
     </span>
     <span class='ocr_line' id='line_1_5' title="bbox 406 431 1080 480; baseline -0.003 -13"><span class='ocrx_word' id='word_1_17' title='bbox 406 432 599 468; x_wconf 84' lang='lat' dir='ltr'>stitutiones</span> <span class='ocrx_word' id='word_1_18' title='bbox 616 432 744 480; x_wconf 84' lang='lat' dir='ltr'>itaque,</span> <span class='ocrx_word' id='word_1_19' title='bbox 763 442 802 467; x_wconf 90' lang='lat' dir='ltr'>ut</span> <span class='ocrx_word' id='word_1_20' title='bbox 821 442 898 467; x_wconf 87' lang='lat' dir='ltr'>ante</span> <span class='ocrx_word' id='word_1_21' title='bbox 914 431 1080 473; x_wconf 85' lang='lat' dir='ltr'>diximus,</span> 
     </span>
     <span class='ocr_line' id='line_1_6' title="bbox 407 480 1080 527; baseline 0 -13"><span class='ocrx_word' id='word_1_22' title='bbox 407 490 473 515; x_wconf 85' lang='lat' dir='ltr'>tres</span> <span class='ocrx_word' id='word_1_23' title='bbox 505 481 595 522; x_wconf 86' lang='lat' dir='ltr'>sunt,</span> <span class='ocrx_word' id='word_1_24' title='bbox 630 480 882 527; x_wconf 68' lang='lat' dir='ltr'>conjecturalis,</span> <span class='ocrx_word' id='word_1_25' title='bbox 915 480 1080 527; x_wconf 86' lang='lat' dir='ltr'>legitima,</span> 
     </span>
     <span class='ocr_line' id='line_1_7' title="bbox 400 527 1081 577; baseline 0 -14"><span class='ocrx_word' id='word_1_26' title='bbox 400 527 617 576; x_wconf 84' lang='lat' dir='ltr'>juridicialis.</span> <span class='ocrx_word' id='word_1_27' title='bbox 655 529 906 577; x_wconf 71' lang='lat' dir='ltr'>Conjecturalis</span> <span class='ocrx_word' id='word_1_28' title='bbox 924 530 984 571; x_wconf 85' lang='lat' dir='ltr'>est,</span> <span class='ocrx_word' id='word_1_29' title='bbox 999 541 1081 564; x_wconf 89' lang='lat' dir='ltr'>cum</span> 
     </span>
     <span class='ocr_line' id='line_1_8' title="bbox 403 577 1078 620; baseline 0 -8"><span class='ocrx_word' id='word_1_30' title='bbox 403 577 449 612; x_wconf 88' lang='lat' dir='ltr'>de</span> <span class='ocrx_word' id='word_1_31' title='bbox 498 577 591 614; x_wconf 57' lang='lat' dir='ltr'>facto</span> <span class='ocrx_word' id='word_1_32' title='bbox 631 579 862 615; x_wconf 76' lang='lat' dir='ltr'>controversia</span> <span class='ocrx_word' id='word_1_33' title='bbox 901 578 961 620; x_wconf 86' lang='lat' dir='ltr'>est,</span> <span class='ocrx_word' id='word_1_34' title='bbox 1013 577 1078 612; x_wconf 88' lang='lat' dir='ltr'>hoc</span> 
     </span>
     <span class='ocr_line' id='line_1_9' title="bbox 405 627 1080 674; baseline -0.004 -13"><span class='ocrx_word' id='word_1_35' title='bbox 405 627 532 662; x_wconf 87' lang='lat' dir='ltr'>modo:</span> <span class='ocrx_word' id='word_1_36' title='bbox 559 629 647 674; x_wconf 86' lang='lat' dir='ltr'>Ajox</span> <span class='ocrx_word' id='word_1_37' title='bbox 670 631 703 663; x_wconf 88' lang='lat' dir='ltr'>in</span> <span class='ocrx_word' id='word_1_38' title='bbox 727 628 830 673; x_wconf 84' lang='lat' dir='ltr'>silva,</span> <span class='ocrx_word' id='word_1_39' title='bbox 854 629 1009 674; x_wconf 86' lang='lat' dir='ltr'>postquam</span> <span class='ocrx_word' id='word_1_40' title='bbox 1031 638 1080 660; x_wconf 78' lang='lat' dir='ltr'>re-</span> 
     </span>
     <span class='ocr_line' id='line_1_10' title="bbox 397 675 1079 724; baseline 0 -15"><span class='ocrx_word' id='word_1_41' title='bbox 397 676 499 721; x_wconf 87' lang='lat' dir='ltr'>scivit</span> <span class='ocrx_word' id='word_1_42' title='bbox 525 689 591 723; x_wconf 84' lang='lat' dir='ltr'>quae</span> <span class='ocrx_word' id='word_1_43' title='bbox 607 677 724 724; x_wconf 66' lang='lat' dir='ltr'>feciffet</span> <span class='ocrx_word' id='word_1_44' title='bbox 740 686 800 723; x_wconf 85' lang='lat' dir='ltr'>per</span> <span class='ocrx_word' id='word_1_45' title='bbox 820 679 984 722; x_wconf 83' lang='lat' dir='ltr'>insaniam,</span> <span class='ocrx_word' id='word_1_46' title='bbox 1005 675 1079 722; x_wconf 84' lang='lat' dir='ltr'>gla-</span> 
     </span>
     <span class='ocr_line' id='line_1_11' title="bbox 403 724 1080 772; baseline 0.003 -14"><span class='ocrx_word' id='word_1_47' title='bbox 403 724 455 759; x_wconf 88' lang='lat' dir='ltr'>dio</span> <span class='ocrx_word' id='word_1_48' title='bbox 479 725 631 761; x_wconf 86' lang='lat' dir='ltr'>incubuit.</span> <span class='ocrx_word' id='word_1_49' title='bbox 676 725 788 772; x_wconf 78' lang='lat' dir='ltr'>Ulyſjes</span> <span class='ocrx_word' id='word_1_50' title='bbox 812 727 1005 760; x_wconf 86' lang='lat' dir='ltr'>intervenit:</span> <span class='ocrx_word' id='word_1_51' title='bbox 1033 737 1080 760; x_wconf 90' lang='lat' dir='ltr'>oc-</span> 
     </span>
     <span class='ocr_line' id='line_1_12' title="bbox 405 773 1081 821; baseline 0 -14"><span class='ocrx_word' id='word_1_52' title='bbox 405 773 498 818; x_wconf 71' lang='lat' dir='ltr'>cisum</span> <span class='ocrx_word' id='word_1_53' title='bbox 537 776 727 821; x_wconf 82' lang='lat' dir='ltr'><em>conspicatur</em></span> <span class='ocrx_word' id='word_1_54' title='bbox 741 788 752 810; x_wconf 90' lang='lat'><em>:</em></span> <span class='ocrx_word' id='word_1_55' title='bbox 791 787 806 810; x_wconf 90' lang='lat' dir='ltr'>e</span> <span class='ocrx_word' id='word_1_56' title='bbox 837 784 960 820; x_wconf 88' lang='lat' dir='ltr'>corpore</span> <span class='ocrx_word' id='word_1_57' title='bbox 986 773 1081 808; x_wconf 85' lang='lat' dir='ltr'>telum</span> 
     </span>
     <span class='ocr_line' id='line_1_13' title="bbox 405 824 1080 864; baseline 0 -8"><span class='ocrx_word' id='word_1_58' title='bbox 405 830 567 858; x_wconf 83' lang='lat' dir='ltr'>cruentum</span> <span class='ocrx_word' id='word_1_59' title='bbox 600 824 711 859; x_wconf 86' lang='lat' dir='ltr'>educit.</span> <span class='ocrx_word' id='word_1_60' title='bbox 751 824 869 859; x_wconf 73' lang='lat' dir='ltr'>Teucer</span> <span class='ocrx_word' id='word_1_61' title='bbox 885 824 1080 864; x_wconf 79' lang='lat' dir='ltr'>intervenit3</span> 
     </span>
     <span class='ocr_line' id='line_1_14' title="bbox 403 871 1083 919; baseline 0 -14"><span class='ocrx_word' id='word_1_62' title='bbox 403 883 473 906; x_wconf 86' lang='lat' dir='ltr'>cum</span> <span class='ocrx_word' id='word_1_63' title='bbox 487 873 624 912; x_wconf 82' lang='lat' dir='ltr'>fratrem</span> <span class='ocrx_word' id='word_1_64' title='bbox 641 873 779 919; x_wconf 83' lang='lat' dir='ltr'>occisum,</span> <span class='ocrx_word' id='word_1_65' title='bbox 793 880 822 908; x_wconf 89' lang='lat' dir='ltr'>et</span> <span class='ocrx_word' id='word_1_66' title='bbox 835 874 993 907; x_wconf 87' lang='lat' dir='ltr'>inimicum</span> <span class='ocrx_word' id='word_1_67' title='bbox 1003 871 1083 918; x_wconf 87' lang='lat' dir='ltr'>fra-</span> 
     </span>
     <span class='ocr_line' id='line_1_15' title="bbox 404 922 1084 968; baseline -0.001 -13"><span class='ocrx_word' id='word_1_68' title='bbox 404 923 468 955; x_wconf 77' lang='lat' dir='ltr'>tris</span> <span class='ocrx_word' id='word_1_69' title='bbox 484 933 550 956; x_wconf 90' lang='lat' dir='ltr'>cum</span> <span class='ocrx_word' id='word_1_70' title='bbox 566 922 676 968; x_wconf 74' lang='lat' dir='ltr'>gladio</span> <span class='ocrx_word' id='word_1_71' title='bbox 697 930 821 957; x_wconf 88' lang='lat' dir='ltr'>cruento</span> <span class='ocrx_word' id='word_1_72' title='bbox 843 922 944 964; x_wconf 85' lang='lat' dir='ltr'>videt,</span> <span class='ocrx_word' id='word_1_73' title='bbox 970 922 1084 967; x_wconf 86' lang='lat' dir='ltr'>capitis</span> 
     </span>
     <span class='ocr_line' id='line_1_16' title="bbox 406 969 1084 1018; baseline 0.001 -15"><span class='ocrx_word' id='word_1_74' title='bbox 406 970 536 1014; x_wconf 85' lang='lat' dir='ltr'>arceffit.</span> <span class='ocrx_word' id='word_1_75' title='bbox 589 971 675 1013; x_wconf 82' lang='lat' dir='ltr'>Hic,</span> <span class='ocrx_word' id='word_1_76' title='bbox 701 971 867 1018; x_wconf 86' lang='lat' dir='ltr'>quoniam</span> <span class='ocrx_word' id='word_1_77' title='bbox 886 969 1084 1017; x_wconf 62' lang='lat' dir='ltr'>conjectura</span> 
     </span>
     <span class='ocr_line' id='line_1_17' title="bbox 407 1019 1081 1066; baseline 0 -13"><span class='ocrx_word' id='word_1_78' title='bbox 407 1030 530 1054; x_wconf 86' lang='lat' dir='ltr'>verum</span> <span class='ocrx_word' id='word_1_79' title='bbox 548 1020 732 1066; x_wconf 84' lang='lat' dir='ltr'>quaeritur,</span> <span class='ocrx_word' id='word_1_80' title='bbox 750 1020 792 1054; x_wconf 88' lang='lat' dir='ltr'>de</span> <span class='ocrx_word' id='word_1_81' title='bbox 809 1019 903 1054; x_wconf 63' lang='lat' dir='ltr'>facto</span> <span class='ocrx_word' id='word_1_82' title='bbox 919 1019 982 1054; x_wconf 88' lang='lat' dir='ltr'>erit</span> <span class='ocrx_word' id='word_1_83' title='bbox 999 1031 1081 1053; x_wconf 92' lang='lat' dir='ltr'>con-</span> 
     </span>
     <span class='ocr_line' id='line_1_18' title="bbox 408 1068 1083 1110; baseline 0 -8"><span class='ocrx_word' id='word_1_84' title='bbox 408 1068 581 1110; x_wconf 75' lang='lat' dir='ltr'>troversia,</span> <span class='ocrx_word' id='word_1_85' title='bbox 608 1080 643 1104; x_wconf 87' lang='lat' dir='ltr'>et</span> <span class='ocrx_word' id='word_1_86' title='bbox 663 1081 706 1103; x_wconf 88' lang='lat' dir='ltr'>ex</span> <span class='ocrx_word' id='word_1_87' title='bbox 723 1081 764 1103; x_wconf 90' lang='lat' dir='ltr'>eo</span> <span class='ocrx_word' id='word_1_88' title='bbox 785 1068 986 1104; x_wconf 88' lang='lat' dir='ltr'>constitutio</span> <span class='ocrx_word' id='word_1_89' title='bbox 1003 1079 1083 1102; x_wconf 84' lang='lat' dir='ltr'>cau-</span> 
     </span>
     <span class='ocr_line' id='line_1_19' title="bbox 408 1115 1083 1164; baseline -0.001 -13"><span class='ocrx_word' id='word_1_90' title='bbox 408 1115 453 1151; x_wconf 82' lang='lat' dir='ltr'>sae</span> <span class='ocrx_word' id='word_1_91' title='bbox 471 1116 709 1164; x_wconf 53' lang='lat' dir='ltr'>conjecturalis</span> <span class='ocrx_word' id='word_1_92' title='bbox 722 1117 929 1152; x_wconf 80' lang='lat' dir='ltr'>nominatur.</span> <span class='ocrx_word' id='word_1_93' title='bbox 949 1116 1083 1163; x_wconf 86' lang='lat' dir='ltr'>Legiti-</span> 
     </span>
     <span class='ocr_line' id='line_1_20' title="bbox 409 1165 1083 1212; baseline 0 -12"><span class='ocrx_word' id='word_1_94' title='bbox 409 1177 467 1200; x_wconf 89' lang='lat' dir='ltr'>ma</span> <span class='ocrx_word' id='word_1_95' title='bbox 483 1166 684 1202; x_wconf 89' lang='lat' dir='ltr'>constitutio</span> <span class='ocrx_word' id='word_1_96' title='bbox 699 1166 759 1209; x_wconf 88' lang='lat' dir='ltr'>est,</span> <span class='ocrx_word' id='word_1_97' title='bbox 786 1178 866 1201; x_wconf 89' lang='lat' dir='ltr'>cum</span> <span class='ocrx_word' id='word_1_98' title='bbox 899 1165 933 1200; x_wconf 91' lang='lat' dir='ltr'>in</span> <span class='ocrx_word' id='word_1_99' title='bbox 957 1166 1083 1212; x_wconf 80' lang='lat' dir='ltr'>scripto</span> 
     </span>
     <span class='ocr_line' id='line_1_21' title="bbox 409 1214 1083 1262; baseline -0.001 -13"><span class='ocrx_word' id='word_1_100' title='bbox 409 1224 470 1249; x_wconf 89' lang='lat' dir='ltr'>aut</span> <span class='ocrx_word' id='word_1_101' title='bbox 486 1227 530 1249; x_wconf 89' lang='lat' dir='ltr'>ex</span> <span class='ocrx_word' id='word_1_102' title='bbox 548 1215 672 1262; x_wconf 88' lang='lat' dir='ltr'>scripto</span> <span class='ocrx_word' id='word_1_103' title='bbox 690 1215 821 1262; x_wconf 83' lang='lat' dir='ltr'>aliquid</span> <span class='ocrx_word' id='word_1_104' title='bbox 840 1214 1083 1249; x_wconf 78' lang='lat' dir='ltr'>controverfiae</span> 
     </span>
     <span class='ocr_line' id='line_1_22' title="bbox 409 1263 1083 1309; baseline -0.003 -11"><span class='ocrx_word' id='word_1_105' title='bbox 409 1263 567 1299; x_wconf 84' lang='lat' dir='ltr'>nascitur.</span> <span class='ocrx_word' id='word_1_106' title='bbox 610 1264 664 1299; x_wconf 91' lang='lat' dir='ltr'>Ea</span> <span class='ocrx_word' id='word_1_107' title='bbox 700 1263 870 1299; x_wconf 85' lang='lat' dir='ltr'>dividitur</span> <span class='ocrx_word' id='word_1_108' title='bbox 896 1263 938 1297; x_wconf 71' lang='lat' dir='ltr'>*in</span> <span class='ocrx_word' id='word_1_109' title='bbox 971 1272 1083 1309; x_wconf 84' lang='lat' dir='ltr'>partes</span> 
     </span>
     <span class='ocr_line' id='line_1_23' title="bbox 406 1311 1082 1360; baseline -0.003 -13"><span class='ocrx_word' id='word_1_110' title='bbox 406 1311 476 1354; x_wconf 63' lang='lat' dir='ltr'>seit,</span> <span class='ocrx_word' id='word_1_111' title='bbox 504 1312 670 1360; x_wconf 85' lang='lat' dir='ltr'>scriptum</span> <span class='ocrx_word' id='word_1_112' title='bbox 697 1322 731 1347; x_wconf 90' lang='lat' dir='ltr'>et</span> <span class='ocrx_word' id='word_1_113' title='bbox 758 1311 969 1353; x_wconf 84' lang='lat' dir='ltr'>sententiam,</span> <span class='ocrx_word' id='word_1_114' title='bbox 1000 1322 1082 1346; x_wconf 88' lang='lat' dir='ltr'>con-</span> 
     </span>
     <span class='ocr_line' id='line_1_24' title="bbox 406 1359 1081 1408; baseline -0.003 -12"><span class='ocrx_word' id='word_1_115' title='bbox 406 1360 527 1396; x_wconf 85' lang='lat' dir='ltr'>trarias</span> <span class='ocrx_word' id='word_1_116' title='bbox 544 1362 648 1408; x_wconf 86' lang='lat' dir='ltr'>leges,</span> <span class='ocrx_word' id='word_1_117' title='bbox 666 1361 885 1408; x_wconf 85' lang='lat' dir='ltr'>ambiguum,</span> <span class='ocrx_word' id='word_1_118' title='bbox 912 1359 1081 1395; x_wconf 87' lang='lat' dir='ltr'>definitio-</span> 
     </span>
     <span class='ocr_line' id='line_1_25' title="bbox 409 1408 1083 1453; baseline -0.003 -8"><span class='ocrx_word' id='word_1_119' title='bbox 409 1422 500 1453; x_wconf 87' lang='lat' dir='ltr'>nem,</span> <span class='ocrx_word' id='word_1_120' title='bbox 543 1410 808 1452; x_wconf 85' lang='lat' dir='ltr'>transsationem‚</span> <span class='ocrx_word' id='word_1_121' title='bbox 852 1408 1083 1444; x_wconf 82' lang='lat' dir='ltr'>ratiocinatio-</span> 
     </span>
     <span class='ocr_line' id='line_1_26' title="bbox 406 1456 1079 1507; baseline -0.003 -13"><span class='ocrx_word' id='word_1_122' title='bbox 406 1471 499 1495; x_wconf 85' lang='lat' dir='ltr'>nem.</span> <span class='ocrx_word' id='word_1_123' title='bbox 550 1460 607 1495; x_wconf 90' lang='lat' dir='ltr'>Ex</span> <span class='ocrx_word' id='word_1_124' title='bbox 628 1459 754 1507; x_wconf 89' lang='lat' dir='ltr'>scripto</span> <span class='ocrx_word' id='word_1_125' title='bbox 771 1469 805 1494; x_wconf 91' lang='lat' dir='ltr'>et</span> <span class='ocrx_word' id='word_1_126' title='bbox 830 1458 992 1494; x_wconf 87' lang='lat' dir='ltr'>sententia</span> <span class='ocrx_word' id='word_1_127' title='bbox 1009 1456 1079 1492; x_wconf 84' lang='lat' dir='ltr'>nas-</span> 
     </span>
     <span class='ocr_line' id='line_1_27' title="bbox 408 1507 1082 1550; baseline -0.001 -8"><span class='ocrx_word' id='word_1_128' title='bbox 408 1509 500 1543; x_wconf 83' lang='lat' dir='ltr'>citur</span> <span class='ocrx_word' id='word_1_129' title='bbox 538 1509 779 1550; x_wconf 81' lang='lat' dir='ltr'>controversia,</span> <span class='ocrx_word' id='word_1_130' title='bbox 828 1520 910 1543; x_wconf 87' lang='lat' dir='ltr'>cum</span> <span class='ocrx_word' id='word_1_131' title='bbox 943 1507 1082 1542; x_wconf 86' lang='lat' dir='ltr'>videtur</span> 
     </span>
     <span class='ocr_line' id='line_1_28' title="bbox 407 1556 1079 1605; baseline -0.003 -13"><span class='ocrx_word' id='word_1_132' title='bbox 407 1557 581 1605; x_wconf 85' lang='lat' dir='ltr'>scriptoris</span> <span class='ocrx_word' id='word_1_133' title='bbox 624 1558 786 1593; x_wconf 83' lang='lat' dir='ltr'>voluntas</span> <span class='ocrx_word' id='word_1_134' title='bbox 828 1569 910 1592; x_wconf 90' lang='lat' dir='ltr'>cum</span> <span class='ocrx_word' id='word_1_135' title='bbox 952 1556 1079 1603; x_wconf 87' lang='lat' dir='ltr'>scripto</span> 
     </span>
     <span class='ocr_line' id='line_1_29' title="bbox 408 1605 1079 1654; baseline -0.004 -12"><span class='ocrx_word' id='word_1_136' title='bbox 408 1606 481 1654; x_wconf 87' lang='lat' dir='ltr'>ipso</span> <span class='ocrx_word' id='word_1_137' title='bbox 498 1606 680 1650; x_wconf 78' lang='lat' dir='ltr'>dissentire,</span> <span class='ocrx_word' id='word_1_138' title='bbox 706 1607 772 1642; x_wconf 90' lang='lat' dir='ltr'>hoc</span> <span class='ocrx_word' id='word_1_139' title='bbox 799 1606 925 1641; x_wconf 88' lang='lat' dir='ltr'>modo:</span> <span class='ocrx_word' id='word_1_140' title='bbox 954 1606 1001 1640; x_wconf 88' lang='lat' dir='ltr'>Sit</span> <span class='ocrx_word' id='word_1_141' title='bbox 1018 1605 1079 1648; x_wconf 87' lang='lat' dir='ltr'>lex,</span> 
     </span>
     <span class='ocr_line' id='line_1_30' title="bbox 407 1654 1082 1704; baseline 0.001 -14"><span class='ocrx_word' id='word_1_142' title='bbox 407 1668 474 1704; x_wconf 83' lang='lat' dir='ltr'>quae</span> <span class='ocrx_word' id='word_1_143' title='bbox 479 1656 608 1703; x_wconf 86' lang='lat' dir='ltr'>jubeat,</span> <span class='ocrx_word' id='word_1_144' title='bbox 635 1668 695 1698; x_wconf 84' lang='lat' dir='ltr'>eos,</span> <span class='ocrx_word' id='word_1_145' title='bbox 717 1656 771 1704; x_wconf 87' lang='lat' dir='ltr'>qui</span> <span class='ocrx_word' id='word_1_146' title='bbox 783 1663 908 1702; x_wconf 86' lang='lat' dir='ltr'>propter</span> <span class='ocrx_word' id='word_1_147' title='bbox 923 1654 1082 1701; x_wconf 84' lang='lat' dir='ltr'>tempesta·</span> 
     </span>
     <span class='ocr_line' id='line_1_31' title="bbox 406 1705 1083 1753; baseline -0.004 -13"><span class='ocrx_word' id='word_1_148' title='bbox 406 1713 469 1740; x_wconf 79' lang='lat' dir='ltr'>tem</span> <span class='ocrx_word' id='word_1_149' title='bbox 507 1707 617 1740; x_wconf 90' lang='lat' dir='ltr'>navim</span> <span class='ocrx_word' id='word_1_150' title='bbox 656 1705 844 1753; x_wconf 83' lang='lat' dir='ltr'>reliquerint,</span> <span class='ocrx_word' id='word_1_151' title='bbox 879 1705 983 1739; x_wconf 87' lang='lat' dir='ltr'>omnia</span> <span class='ocrx_word' id='word_1_152' title='bbox 1006 1713 1083 1750; x_wconf 82' lang='lat' dir='ltr'>per-</span> 
     </span>
     <span class='ocr_line' id='line_1_32' title="bbox 406 1752 1086 1800; baseline -0.001 -12"><span class='ocrx_word' id='word_1_153' title='bbox 406 1753 502 1797; x_wconf 84' lang='lat' dir='ltr'>dere·,</span> <span class='ocrx_word' id='word_1_154' title='bbox 529 1765 634 1789; x_wconf 84' lang='lat' dir='ltr'>eorum</span> <span class='ocrx_word' id='word_1_155' title='bbox 651 1757 759 1789; x_wconf 84' lang='lat' dir='ltr'>navim</span> <span class='ocrx_word' id='word_1_156' title='bbox 787 1762 954 1800; x_wconf 78' lang='lat' dir='ltr'>caeteraque</span> <span class='ocrx_word' id='word_1_157' title='bbox 971 1752 1036 1799; x_wconf 84' lang='lat' dir='ltr'>effe,</span> <span class='ocrx_word' id='word_1_158' title='bbox 1051 1752 1086 1795; x_wconf 84' lang='lat' dir='ltr'>si</span> 
     </span>
     <span class='ocr_line' id='line_1_33' title="bbox 406 1801 1084 1851; baseline -0.004 -13"><span class='ocrx_word' id='word_1_159' title='bbox 406 1805 502 1838; x_wconf 88' lang='lat' dir='ltr'>navis</span> <span class='ocrx_word' id='word_1_160' title='bbox 526 1804 710 1850; x_wconf 82' lang='lat' dir='ltr'>conservata</span> <span class='ocrx_word' id='word_1_161' title='bbox 715 1803 777 1847; x_wconf 85' lang='lat' dir='ltr'>sit,</span> <span class='ocrx_word' id='word_1_162' title='bbox 803 1805 854 1851; x_wconf 85' lang='lat' dir='ltr'>qui</span> <span class='ocrx_word' id='word_1_163' title='bbox 880 1801 1084 1846; x_wconf 85' lang='lat' dir='ltr'>remanserint</span> 
     </span>
     <span class='ocr_line' id='line_1_34' title="bbox 406 1852 1083 1900; baseline -0.004 -13"><span class='ocrx_word' id='word_1_164' title='bbox 406 1855 441 1888; x_wconf 82' lang='lat' dir='ltr'>in</span> <span class='ocrx_word' id='word_1_165' title='bbox 456 1855 544 1889; x_wconf 88' lang='lat' dir='ltr'>navi.</span> <span class='ocrx_word' id='word_1_166' title='bbox 578 1853 804 1900; x_wconf 84' lang='lat' dir='ltr'>Magnitudine</span> <span class='ocrx_word' id='word_1_167' title='bbox 820 1852 1004 1898; x_wconf 75' lang='lat' dir='ltr'>tempestatis</span> <span class='ocrx_word' id='word_1_168' title='bbox 1019 1861 1083 1885; x_wconf 90' lang='lat' dir='ltr'>om-</span> 
     </span>
     <span class='ocr_line' id='line_1_35' title="bbox 409 1901 1083 1949; baseline -0.006 -12"><span class='ocrx_word' id='word_1_169' title='bbox 409 1913 460 1937; x_wconf 82' lang='lat' dir='ltr'>nes</span> <span class='ocrx_word' id='word_1_170' title='bbox 473 1904 639 1948; x_wconf 78' lang='lat' dir='ltr'>perterriti</span> <span class='ocrx_word' id='word_1_171' title='bbox 663 1904 772 1937; x_wconf 83' lang='lat' dir='ltr'>navim</span> <span class='ocrx_word' id='word_1_172' title='bbox 787 1901 987 1949; x_wconf 86' lang='lat' dir='ltr'>reliquerunt,</span> <span class='ocrx_word' id='word_1_173' title='bbox 1009 1901 1083 1946; x_wconf 90' lang='lat' dir='ltr'>sca-</span> 
     </span>
     <span class='ocr_line' id='line_1_36' title="bbox 403 1950 1085 1998; baseline -0.004 -12"><span class='ocrx_word' id='word_1_174' title='bbox 403 1952 504 1997; x_wconf 83' lang='lat' dir='ltr'>pham</span> <span class='ocrx_word' id='word_1_175' title='bbox 536 1950 782 1998; x_wconf 83' lang='lat' dir='ltr'>conscenderunt,</span> <span class='ocrx_word' id='word_1_176' title='bbox 821 1957 944 1996; x_wconf 82' lang='lat' dir='ltr'>praeter</span> <span class='ocrx_word' id='word_1_177' title='bbox 989 1960 1085 1985; x_wconf 90' lang='lat' dir='ltr'>unum</span> 
     </span>
     <span class='ocr_line' id='line_1_37' title="bbox 410 1998 1086 2047; baseline -0.006 -11"><span class='ocrx_word' id='word_1_178' title='bbox 410 2007 571 2047; x_wconf 77' lang='lat' dir='ltr'>aegrotum.</span> <span class='ocrx_word' id='word_1_179' title='bbox 629 2002 661 2036; x_wconf 90' lang='lat' dir='ltr'>Js</span> <span class='ocrx_word' id='word_1_180' title='bbox 686 2008 820 2046; x_wconf 79' lang='lat' dir='ltr'>propter</span> <span class='ocrx_word' id='word_1_181' title='bbox 838 1998 976 2034; x_wconf 83' lang='lat' dir='ltr'>morbum</span> <span class='ocrx_word' id='word_1_182' title='bbox 1001 1999 1086 2033; x_wconf 88' lang='lat' dir='ltr'>exire</span> 
     </span>
     <span class='ocr_line' id='line_1_38' title="bbox 410 2047 1084 2097; baseline -0.001 -14"><span class='ocrx_word' id='word_1_183' title='bbox 410 2057 440 2084; x_wconf 88' lang='lat' dir='ltr'>et</span> <span class='ocrx_word' id='word_1_184' title='bbox 449 2049 563 2097; x_wconf 84' lang='lat' dir='ltr'>fugere</span> <span class='ocrx_word' id='word_1_185' title='bbox 578 2061 638 2084; x_wconf 87' lang='lat' dir='ltr'>non</span> <span class='ocrx_word' id='word_1_186' title='bbox 649 2051 765 2096; x_wconf 88' lang='lat' dir='ltr'>potuit.</span> <span class='ocrx_word' id='word_1_187' title='bbox 804 2048 884 2094; x_wconf 87' lang='lat' dir='ltr'>Casu</span> <span class='ocrx_word' id='word_1_188' title='bbox 901 2056 930 2082; x_wconf 91' lang='lat' dir='ltr'>et</span> <span class='ocrx_word' id='word_1_189' title='bbox 939 2047 1084 2092; x_wconf 85' lang='lat' dir='ltr'>fortuitu</span> 
     </span>
     <span class='ocr_line' id='line_1_39' title="bbox 410 2095 1081 2145; baseline -0.003 -12"><span class='ocrx_word' id='word_1_190' title='bbox 410 2101 505 2133; x_wconf 85' lang='lat' dir='ltr'>navis</span> <span class='ocrx_word' id='word_1_191' title='bbox 529 2100 561 2134; x_wconf 84' lang='lat' dir='ltr'>in</span> <span class='ocrx_word' id='word_1_192' title='bbox 576 2107 701 2145; x_wconf 89' lang='lat' dir='ltr'>portum</span> <span class='ocrx_word' id='word_1_193' title='bbox 716 2099 874 2133; x_wconf 84' lang='lat' dir='ltr'>incolumis</span> <span class='ocrx_word' id='word_1_194' title='bbox 901 2097 1005 2132; x_wconf 85' lang='lat' dir='ltr'>delata</span> <span class='ocrx_word' id='word_1_195' title='bbox 1030 2095 1081 2140; x_wconf 88' lang='lat' dir='ltr'>est.</span> 
     </span>
     <span class='ocr_line' id='line_1_40' title="bbox 409 2146 1083 2194; baseline -0.009 -9"><span class='ocrx_word' id='word_1_196' title='bbox 409 2147 505 2185; x_wconf 85' lang='lat' dir='ltr'>Illam</span> <span class='ocrx_word' id='word_1_197' title='bbox 528 2156 660 2194; x_wconf 81' lang='lat' dir='ltr'>aegrotus</span> <span class='ocrx_word' id='word_1_198' title='bbox 688 2147 822 2194; x_wconf 85' lang='lat' dir='ltr'>poffidet.</span> <span class='ocrx_word' id='word_1_199' title='bbox 860 2146 987 2183; x_wconf 88' lang='lat' dir='ltr'>Navim</span> <span class='ocrx_word' id='word_1_200' title='bbox 1002 2147 1083 2191; x_wconf 81' lang='lat' dir='ltr'>petit</span> 
     </span>
     <span class='ocr_line' id='line_1_41' title="bbox 411 2194 1084 2244; baseline -0.004 -13"><span class='ocrx_word' id='word_1_201' title='bbox 411 2196 475 2238; x_wconf 85' lang='lat' dir='ltr'>ille,</span> <span class='ocrx_word' id='word_1_202' title='bbox 502 2198 584 2244; x_wconf 75' lang='lat' dir='ltr'>ctq&#39;us</span> <span class='ocrx_word' id='word_1_203' title='bbox 602 2197 732 2241; x_wconf 86' lang='lat' dir='ltr'>fuerat.</span> <span class='ocrx_word' id='word_1_204' title='bbox 772 2197 866 2231; x_wconf 85' lang='lat' dir='ltr'>Haec</span> <span class='ocrx_word' id='word_1_205' title='bbox 883 2194 1084 2230; x_wconf 86' lang='lat' dir='ltr'>constitutio</span> 
     </span>
     <span class='ocr_line' id='line_1_42' title="bbox 412 2243 1082 2293; baseline -0.003 -14"><span class='ocrx_word' id='word_1_206' title='bbox 412 2244 566 2292; x_wconf 85' lang='lat' dir='ltr'>legitima</span> <span class='ocrx_word' id='word_1_207' title='bbox 581 2245 628 2281; x_wconf 87' lang='lat' dir='ltr'>est</span> <span class='ocrx_word' id='word_1_208' title='bbox 644 2257 686 2280; x_wconf 89' lang='lat' dir='ltr'>ex</span> <span class='ocrx_word' id='word_1_209' title='bbox 708 2245 835 2293; x_wconf 87' lang='lat' dir='ltr'>scripto</span> <span class='ocrx_word' id='word_1_210' title='bbox 859 2254 894 2280; x_wconf 89' lang='lat' dir='ltr'>et</span> <span class='ocrx_word' id='word_1_211' title='bbox 910 2243 1082 2279; x_wconf 86' lang='lat' dir='ltr'>sententia.</span> 
     </span>
     <span class='ocr_line' id='line_1_43' title="bbox 412 2292 1086 2342; baseline -0.006 -12"><span class='ocrx_word' id='word_1_212' title='bbox 412 2295 470 2330; x_wconf 85' lang='lat' dir='ltr'>Ex</span> <span class='ocrx_word' id='word_1_213' title='bbox 493 2294 671 2329; x_wconf 83' lang='lat' dir='ltr'>contrariis</span> <span class='ocrx_word' id='word_1_214' title='bbox 694 2294 830 2342; x_wconf 87' lang='lat' dir='ltr'>legibus</span> <span class='ocrx_word' id='word_1_215' title='bbox 855 2292 1086 2329; x_wconf 71' lang='lat' dir='ltr'>controversia</span> 
     </span>
     <span class='ocr_line' id='line_1_44' title="bbox 413 2341 1088 2389; baseline -0.006 -10"><span class='ocrx_word' id='word_1_216' title='bbox 413 2343 558 2383; x_wconf 89' lang='lat' dir='ltr'>constat,</span> <span class='ocrx_word' id='word_1_217' title='bbox 592 2355 673 2378; x_wconf 88' lang='lat' dir='ltr'>cum</span> <span class='ocrx_word' id='word_1_218' title='bbox 704 2344 769 2378; x_wconf 86' lang='lat' dir='ltr'>alia</span> <span class='ocrx_word' id='word_1_219' title='bbox 808 2343 863 2378; x_wconf 83' lang='lat' dir='ltr'>lex</span> <span class='ocrx_word' id='word_1_220' title='bbox 886 2341 989 2389; x_wconf 88' lang='lat' dir='ltr'>jubet</span> <span class='ocrx_word' id='word_1_221' title='bbox 1027 2350 1088 2376; x_wconf 85' lang='lat' dir='ltr'>aut</span> 
     </span>
     <span class='ocr_line' id='line_1_45' title="bbox 414 2390 1087 2441; baseline -0.001 -15"><span class='ocrx_word' id='word_1_222' title='bbox 414 2392 595 2441; x_wconf 83' lang='lat' dir='ltr'>permittit,</span> <span class='ocrx_word' id='word_1_223' title='bbox 610 2391 675 2426; x_wconf 88' lang='lat' dir='ltr'>alia</span> <span class='ocrx_word' id='word_1_224' title='bbox 691 2401 784 2426; x_wconf 83' lang='lat' dir='ltr'>vetat</span> <span class='ocrx_word' id='word_1_225' title='bbox 801 2391 983 2439; x_wconf 85' lang='lat' dir='ltr'>quippiam</span> <span class='ocrx_word' id='word_1_226' title='bbox 1002 2390 1087 2432; x_wconf 84' lang='lat' dir='ltr'>fieri,</span> 
     </span>
     <span class='ocr_line' id='line_1_46' title="bbox 414 2439 1090 2486; baseline -0.004 -9"><span class='ocrx_word' id='word_1_227' title='bbox 414 2443 484 2477; x_wconf 80' lang='lat' dir='ltr'>hoc</span> <span class='ocrx_word' id='word_1_228' title='bbox 515 2441 642 2477; x_wconf 89' lang='lat' dir='ltr'>modo:</span> <span class='ocrx_word' id='word_1_229' title='bbox 671 2441 738 2476; x_wconf 83' lang='lat' dir='ltr'>Lex</span> <span class='ocrx_word' id='word_1_230' title='bbox 759 2447 850 2476; x_wconf 80' lang='lat' dir='ltr'>‘vetat</span> <span class='ocrx_word' id='word_1_231' title='bbox 875 2453 954 2483; x_wconf 89' lang='lat' dir='ltr'>eum,</span> <span class='ocrx_word' id='word_1_232' title='bbox 981 2441 1032 2486; x_wconf 87' lang='lat' dir='ltr'>qui</span> <span class='ocrx_word' id='word_1_233' title='bbox 1052 2439 1090 2474; x_wconf 89' lang='lat' dir='ltr'>de</span> 
     </span>
    </p>
   </div>
   <div class='ocr_carea' id='block_1_3' title="bbox 1739 203 1813 244">
    <p class='ocr_par' dir='ltr' id='par_1_3' title="bbox 1739 203 1813 244">
     <span class='ocr_line' id='line_1_47' title="bbox 1739 203 1813 244; baseline 0.014 -1"><span class='ocrx_word' id='word_1_234' title='bbox 1739 203 1813 244; x_wconf 81' lang='lat'>155</span> 
     </span>
    </p>
   </div>
   <div class='ocr_carea' id='block_1_4' title="bbox 1122 283 1814 2478">
    <p class='ocr_par' dir='ltr' id='par_1_4' title="bbox 1122 283 1814 2478">
     <span class='ocr_line' id='line_1_48' title="bbox 1129 283 1807 329; baseline 0 -11"><span class='ocrx_word' id='word_1_235' title='bbox 1129 285 1264 329; x_wconf 81' lang='lat' dir='ltr'>pecuniis</span> <span class='ocrx_word' id='word_1_236' title='bbox 1292 283 1470 328; x_wconf 74' lang='lat' dir='ltr'>repetundis</span> <span class='ocrx_word' id='word_1_237' title='bbox 1496 283 1662 319; x_wconf 81' lang='lat' dir='ltr'>damnatus</span> <span class='ocrx_word' id='word_1_238' title='bbox 1679 285 1739 328; x_wconf 69' lang='lat' dir='ltr'>fif,</span> <span class='ocrx_word' id='word_1_239' title='bbox 1774 286 1807 319; x_wconf 79' lang='lat' dir='ltr'>in</span> 
     </span>
     <span class='ocr_line' id='line_1_49' title="bbox 1133 334 1805 380; baseline -0.001 -14"><span class='ocrx_word' id='word_1_240' title='bbox 1133 335 1272 367; x_wconf 82' lang='lat' dir='ltr'>concione</span> <span class='ocrx_word' id='word_1_241' title='bbox 1305 335 1474 380; x_wconf 60' lang='lat' dir='ltr'>orationem</span> <span class='ocrx_word' id='word_1_242' title='bbox 1511 334 1636 368; x_wconf 69' lang='lat' dir='ltr'>habere.</span> <span class='ocrx_word' id='word_1_243' title='bbox 1693 334 1805 367; x_wconf 77' lang='lat' dir='ltr'>Altera</span> 
     </span>
     <span class='ocr_line' id='line_1_50' title="bbox 1130 382 1805 427; baseline 0 -11"><span class='ocrx_word' id='word_1_244' title='bbox 1130 382 1180 416; x_wconf 79' lang='lat' dir='ltr'>lex</span> <span class='ocrx_word' id='word_1_245' title='bbox 1194 382 1292 423; x_wconf 81' lang='lat' dir='ltr'>jubet,</span> <span class='ocrx_word' id='word_1_246' title='bbox 1312 393 1473 427; x_wconf 71' lang='lat' dir='ltr'>augurem,</span> <span class='ocrx_word' id='word_1_247' title='bbox 1492 383 1526 416; x_wconf 89' lang='lat' dir='ltr'>in</span> <span class='ocrx_word' id='word_1_248' title='bbox 1543 382 1694 416; x_wconf 78' lang='lat' dir='ltr'>demortui</span> <span class='ocrx_word' id='word_1_249' title='bbox 1710 383 1805 416; x_wconf 82' lang='lat' dir='ltr'>locum</span> 
     </span>
     <span class='ocr_line' id='line_1_51' title="bbox 1129 432 1803 478; baseline 0.003 -14"><span class='ocrx_word' id='word_1_250' title='bbox 1129 433 1182 478; x_wconf 85' lang='lat' dir='ltr'>qui</span> <span class='ocrx_word' id='word_1_251' title='bbox 1195 438 1300 475; x_wconf 84' lang='lat' dir='ltr'>petat,</span> <span class='ocrx_word' id='word_1_252' title='bbox 1318 432 1352 464; x_wconf 86' lang='lat' dir='ltr'>in</span> <span class='ocrx_word' id='word_1_253' title='bbox 1369 433 1508 465; x_wconf 82' lang='lat' dir='ltr'>concione</span> <span class='ocrx_word' id='word_1_254' title='bbox 1524 434 1693 465; x_wconf 69' lang='lat' dir='ltr'>nominare.</span> <span class='ocrx_word' id='word_1_255' title='bbox 1734 432 1803 466; x_wconf 83' lang='lat' dir='ltr'>Au-</span> 
     </span>
     <span class='ocr_line' id='line_1_52' title="bbox 1125 478 1805 526; baseline 0.003 -14"><span class='ocrx_word' id='word_1_256' title='bbox 1125 491 1190 526; x_wconf 83' lang='lat' dir='ltr'>gur</span> <span class='ocrx_word' id='word_1_257' title='bbox 1201 479 1326 526; x_wconf 82' lang='lat' dir='ltr'>quidam</span> <span class='ocrx_word' id='word_1_258' title='bbox 1340 478 1505 514; x_wconf 84' lang='lat' dir='ltr'>damnatus</span> <span class='ocrx_word' id='word_1_259' title='bbox 1519 479 1556 513; x_wconf 87' lang='lat' dir='ltr'>de</span> <span class='ocrx_word' id='word_1_260' title='bbox 1567 482 1704 525; x_wconf 86' lang='lat' dir='ltr'>pecuniis</span> <span class='ocrx_word' id='word_1_261' title='bbox 1717 489 1805 524; x_wconf 82' lang='lat' dir='ltr'>repe-</span> 
     </span>
     <span class='ocr_line' id='line_1_53' title="bbox 1131 528 1804 574; baseline 0.001 -12"><span class='ocrx_word' id='word_1_262' title='bbox 1131 529 1244 571; x_wconf 79' lang='lat' dir='ltr'>tundis,</span> <span class='ocrx_word' id='word_1_263' title='bbox 1271 531 1304 562; x_wconf 84' lang='lat' dir='ltr'>in</span> <span class='ocrx_word' id='word_1_264' title='bbox 1329 528 1482 562; x_wconf 78' lang='lat' dir='ltr'>demortui</span> <span class='ocrx_word' id='word_1_265' title='bbox 1508 528 1606 562; x_wconf 81' lang='lat' dir='ltr'>locum</span> <span class='ocrx_word' id='word_1_266' title='bbox 1634 531 1688 574; x_wconf 74' lang='lat' dir='ltr'>qui</span> <span class='ocrx_word' id='word_1_267' title='bbox 1701 536 1804 574; x_wconf 84' lang='lat' dir='ltr'>petat,</span> 
     </span>
     <span class='ocr_line' id='line_1_54' title="bbox 1129 577 1733 623; baseline 0 -12"><span class='ocrx_word' id='word_1_268' title='bbox 1129 578 1315 623; x_wconf 78' lang='lat' dir='ltr'>nominavit.</span> <span class='ocrx_word' id='word_1_269' title='bbox 1360 578 1487 612; x_wconf 55' lang='lat' dir='ltr'>Petitur</span> <span class='ocrx_word' id='word_1_270' title='bbox 1504 577 1544 611; x_wconf 80' lang='lat' dir='ltr'>ab</span> <span class='ocrx_word' id='word_1_271' title='bbox 1560 589 1591 611; x_wconf 87' lang='lat' dir='ltr'>eo</span> <span class='ocrx_word' id='word_1_272' title='bbox 1607 577 1733 612; x_wconf 65' lang='lat' dir='ltr'>maleta.</span> 
     </span>
     <span class='ocr_line' id='line_1_55' title="bbox 1180 625 1804 672; baseline -0.002 -11"><span class='ocrx_word' id='word_1_273' title='bbox 1180 626 1266 661; x_wconf 85' lang='lat' dir='ltr'><strong>XII.</strong></span> <span class='ocrx_word' id='word_1_274' title='bbox 1294 625 1505 660; x_wconf 85' lang='lat' dir='ltr'>Constitutio</span> <span class='ocrx_word' id='word_1_275' title='bbox 1538 625 1618 660; x_wconf 74' lang='lat' dir='ltr'>haec</span> <span class='ocrx_word' id='word_1_276' title='bbox 1652 626 1804 672; x_wconf 80' lang='lat' dir='ltr'>legitima</span> 
     </span>
     <span class='ocr_line' id='line_1_56' title="bbox 1129 674 1804 721; baseline -0.001 -12"><span class='ocrx_word' id='word_1_277' title='bbox 1129 674 1177 710; x_wconf 85' lang='lat' dir='ltr'>est</span> <span class='ocrx_word' id='word_1_278' title='bbox 1194 686 1236 709; x_wconf 84' lang='lat' dir='ltr'>ex</span> <span class='ocrx_word' id='word_1_279' title='bbox 1263 674 1440 710; x_wconf 84' lang='lat' dir='ltr'>contrariis</span> <span class='ocrx_word' id='word_1_280' title='bbox 1460 674 1605 721; x_wconf 83' lang='lat' dir='ltr'>legibus.</span> <span class='ocrx_word' id='word_1_281' title='bbox 1649 675 1706 709; x_wconf 80' lang='lat' dir='ltr'>Ex</span> <span class='ocrx_word' id='word_1_282' title='bbox 1733 686 1804 709; x_wconf 84' lang='lat' dir='ltr'>am-</span> 
     </span>
     <span class='ocr_line' id='line_1_57' title="bbox 1132 722 1805 770; baseline 0.001 -12"><span class='ocrx_word' id='word_1_283' title='bbox 1132 723 1241 770; x_wconf 82' lang='lat' dir='ltr'>biguo</span> <span class='ocrx_word' id='word_1_284' title='bbox 1271 723 1502 759; x_wconf 74' lang='lat' dir='ltr'>controversia</span> <span class='ocrx_word' id='word_1_285' title='bbox 1536 722 1696 765; x_wconf 83' lang='lat' dir='ltr'>nascitur,</span> <span class='ocrx_word' id='word_1_286' title='bbox 1723 735 1805 759; x_wconf 88' lang='lat' dir='ltr'>cum</span> 
     </span>
     <span class='ocr_line' id='line_1_58' title="bbox 1131 771 1805 820; baseline 0 -14"><span class='ocrx_word' id='word_1_287' title='bbox 1131 771 1296 820; x_wconf 85' lang='lat' dir='ltr'>scriptum</span> <span class='ocrx_word' id='word_1_288' title='bbox 1322 773 1408 807; x_wconf 88' lang='lat' dir='ltr'>duas</span> <span class='ocrx_word' id='word_1_289' title='bbox 1435 782 1494 806; x_wconf 84' lang='lat' dir='ltr'>aut</span> <span class='ocrx_word' id='word_1_290' title='bbox 1529 772 1645 818; x_wconf 81' lang='lat' dir='ltr'>plures</span> <span class='ocrx_word' id='word_1_291' title='bbox 1675 773 1805 806; x_wconf 83' lang='lat' dir='ltr'>senten-</span> 
     </span>
     <span class='ocr_line' id='line_1_59' title="bbox 1132 821 1805 868; baseline 0 -13"><span class='ocrx_word' id='word_1_292' title='bbox 1132 821 1196 856; x_wconf 84' lang='lat' dir='ltr'>tias</span> <span class='ocrx_word' id='word_1_293' title='bbox 1227 821 1408 868; x_wconf 81' lang='lat' dir='ltr'>fignificat,</span> <span class='ocrx_word' id='word_1_294' title='bbox 1435 821 1501 856; x_wconf 83' lang='lat' dir='ltr'>hoc</span> <span class='ocrx_word' id='word_1_295' title='bbox 1531 821 1657 855; x_wconf 89' lang='lat' dir='ltr'>modo:</span> <span class='ocrx_word' id='word_1_296' title='bbox 1687 822 1805 855; x_wconf 85' lang='lat' dir='ltr'>Pater-</span> 
     </span>
     <span class='ocr_line' id='line_1_60' title="bbox 1124 869 1805 916; baseline 0 -12"><span class='ocrx_word' id='word_1_297' title='bbox 1124 869 1283 916; x_wconf 82' lang='lat' dir='ltr'>familias,</span> <span class='ocrx_word' id='word_1_298' title='bbox 1302 869 1482 912; x_wconf 86' lang='lat' dir='ltr'>cumfilium</span> <span class='ocrx_word' id='word_1_299' title='bbox 1505 869 1647 904; x_wconf 82' lang='lat' dir='ltr'>heredem</span> <span class='ocrx_word' id='word_1_300' title='bbox 1664 869 1805 914; x_wconf 79' lang='lat' dir='ltr'>faceret,</span> 
     </span>
     <span class='ocr_line' id='line_1_61' title="bbox 1133 919 1806 965; baseline -0.003 -11"><span class='ocrx_word' id='word_1_301' title='bbox 1133 921 1308 964; x_wconf 68' lang='lat' dir='ltr'>testamento</span> <span class='ocrx_word' id='word_1_302' title='bbox 1335 919 1415 964; x_wconf 74' lang='lat' dir='ltr'>vasa</span> <span class='ocrx_word' id='word_1_303' title='bbox 1433 926 1586 965; x_wconf 81' lang='lat' dir='ltr'>argentea</span> <span class='ocrx_word' id='word_1_304' title='bbox 1607 922 1697 953; x_wconf 83' lang='lat' dir='ltr'>uxori</span> <span class='ocrx_word' id='word_1_305' title='bbox 1721 919 1806 965; x_wconf 81' lang='lat' dir='ltr'>lega-</span> 
     </span>
     <span class='ocr_line' id='line_1_62' title="bbox 1131 967 1806 1011; baseline -0.001 -9"><span class='ocrx_word' id='word_1_306' title='bbox 1131 970 1194 1011; x_wconf 87' lang='lat' dir='ltr'>vit,</span> <span class='ocrx_word' id='word_1_307' title='bbox 1222 968 1287 1003; x_wconf 91' lang='lat' dir='ltr'>hoc</span> <span class='ocrx_word' id='word_1_308' title='bbox 1314 969 1441 1003; x_wconf 87' lang='lat' dir='ltr'>modo:</span> <span class='ocrx_word' id='word_1_309' title='bbox 1469 971 1498 1002; x_wconf 77' lang='lat' dir='ltr'>‘J</span> <span class='ocrx_word' id='word_1_310' title='bbox 1499 967 1591 1002; x_wconf 84' lang='lat' dir='ltr'>ullius</span> <span class='ocrx_word' id='word_1_311' title='bbox 1606 967 1692 1002; x_wconf 85' lang='lat' dir='ltr'>heres</span> <span class='ocrx_word' id='word_1_312' title='bbox 1721 979 1806 1002; x_wconf 83' lang='lat' dir='ltr'>meus</span> 
     </span>
     <span class='ocr_line' id='line_1_63' title="bbox 1131 1015 1807 1062; baseline 0 -11"><span class='ocrx_word' id='word_1_313' title='bbox 1131 1018 1287 1052; x_wconf 69' lang='lat' dir='ltr'>Terentiae</span> <span class='ocrx_word' id='word_1_314' title='bbox 1304 1019 1396 1052; x_wconf 82' lang='lat' dir='ltr'>uxori</span> <span class='ocrx_word' id='word_1_315' title='bbox 1413 1028 1484 1052; x_wconf 84' lang='lat' dir='ltr'>meae</span> <span class='ocrx_word' id='word_1_316' title='bbox 1501 1017 1609 1052; x_wconf 83' lang='lat' dir='ltr'><em>XXX.</em></span> <span class='ocrx_word' id='word_1_317' title='bbox 1623 1015 1727 1062; x_wconf 88' lang='lat' dir='ltr'>pondo</span> <span class='ocrx_word' id='word_1_318' title='bbox 1744 1029 1807 1051; x_wconf 83' lang='lat' dir='ltr'>va-</span> 
     </span>
     <span class='ocr_line' id='line_1_64' title="bbox 1124 1065 1806 1112; baseline -0.001 -11"><span class='ocrx_word' id='word_1_319' title='bbox 1124 1066 1243 1112; x_wconf 86' lang='lat' dir='ltr'>sorum.</span> <span class='ocrx_word' id='word_1_320' title='bbox 1266 1073 1486 1112; x_wconf 85' lang='lat' dir='ltr'>argenteorum</span> <span class='ocrx_word' id='word_1_321' title='bbox 1520 1065 1595 1100; x_wconf 87' lang='lat' dir='ltr'>dato</span> <span class='ocrx_word' id='word_1_322' title='bbox 1621 1078 1688 1112; x_wconf 85' lang='lat' dir='ltr'>quae</span> <span class='ocrx_word' id='word_1_323' title='bbox 1711 1066 1806 1101; x_wconf 79' lang='lat' dir='ltr'>volet,</span> 
     </span>
     <span class='ocr_line' id='line_1_65' title="bbox 1133 1114 1807 1162; baseline -0.001 -12"><span class='ocrx_word' id='word_1_324' title='bbox 1133 1115 1206 1159; x_wconf 88' lang='lat' dir='ltr'>Post</span> <span class='ocrx_word' id='word_1_325' title='bbox 1223 1121 1347 1150; x_wconf 85' lang='lat' dir='ltr'>mortem</span> <span class='ocrx_word' id='word_1_326' title='bbox 1369 1116 1434 1162; x_wconf 72' lang='lat' dir='ltr'>ejus</span> <span class='ocrx_word' id='word_1_327' title='bbox 1455 1115 1533 1160; x_wconf 89' lang='lat' dir='ltr'>vasa</span> <span class='ocrx_word' id='word_1_328' title='bbox 1545 1114 1685 1160; x_wconf 89' lang='lat' dir='ltr'>pretiosa</span> <span class='ocrx_word' id='word_1_329' title='bbox 1703 1122 1733 1148; x_wconf 92' lang='lat' dir='ltr'>et</span> <span class='ocrx_word' id='word_1_330' title='bbox 1761 1127 1807 1149; x_wconf 89' lang='lat' dir='ltr'>ce-</span> 
     </span>
     <span class='ocr_line' id='line_1_66' title="bbox 1132 1163 1808 1210; baseline 0.001 -12"><span class='ocrx_word' id='word_1_331' title='bbox 1132 1163 1203 1198; x_wconf 89' lang='lat' dir='ltr'>lata</span> <span class='ocrx_word' id='word_1_332' title='bbox 1232 1163 1392 1210; x_wconf 86' lang='lat' dir='ltr'>magnifice</span> <span class='ocrx_word' id='word_1_333' title='bbox 1415 1165 1495 1209; x_wconf 84' lang='lat' dir='ltr'>petit</span> <span class='ocrx_word' id='word_1_334' title='bbox 1522 1164 1641 1198; x_wconf 83' lang='lat' dir='ltr'>mulier.</span> <span class='ocrx_word' id='word_1_335' title='bbox 1686 1163 1808 1199; x_wconf 76' lang='lat' dir='ltr'>Tullius</span> 
     </span>
     <span class='ocr_line' id='line_1_67' title="bbox 1122 1212 1808 1260; baseline 0 -13"><span class='ocrx_word' id='word_1_336' title='bbox 1122 1213 1172 1257; x_wconf 71' lang='lat' dir='ltr'>se,</span> <span class='ocrx_word' id='word_1_337' title='bbox 1199 1225 1266 1260; x_wconf 79' lang='lat' dir='ltr'>quae</span> <span class='ocrx_word' id='word_1_338' title='bbox 1291 1212 1371 1247; x_wconf 88' lang='lat' dir='ltr'>velit</span> <span class='ocrx_word' id='word_1_339' title='bbox 1392 1212 1466 1258; x_wconf 73' lang='lat' dir='ltr'>ipse,</span> <span class='ocrx_word' id='word_1_340' title='bbox 1507 1213 1617 1248; x_wconf 88' lang='lat' dir='ltr'><em>XXX.</em></span> <span class='ocrx_word' id='word_1_341' title='bbox 1647 1212 1750 1257; x_wconf 89' lang='lat' dir='ltr'>pondo</span> <span class='ocrx_word' id='word_1_342' title='bbox 1779 1215 1808 1247; x_wconf 91' lang='lat' dir='ltr'>ei</span> 
     </span>
     <span class='ocr_line' id='line_1_68' title="bbox 1132 1260 1808 1308; baseline 0.001 -13"><span class='ocrx_word' id='word_1_343' title='bbox 1132 1261 1241 1296; x_wconf 85' lang='lat' dir='ltr'>debere</span> <span class='ocrx_word' id='word_1_344' title='bbox 1265 1261 1352 1297; x_wconf 87' lang='lat' dir='ltr'>dicit.</span> <span class='ocrx_word' id='word_1_345' title='bbox 1391 1260 1604 1296; x_wconf 83' lang='lat' dir='ltr'>Constitutio</span> <span class='ocrx_word' id='word_1_346' title='bbox 1625 1261 1672 1295; x_wconf 86' lang='lat' dir='ltr'>est</span> <span class='ocrx_word' id='word_1_347' title='bbox 1695 1261 1808 1308; x_wconf 80' lang='lat' dir='ltr'>legiti-</span> 
     </span>
     <span class='ocr_line' id='line_1_69' title="bbox 1133 1309 1809 1356; baseline 0.001 -12"><span class='ocrx_word' id='word_1_348' title='bbox 1133 1321 1190 1344; x_wconf 86' lang='lat' dir='ltr'>ma</span> <span class='ocrx_word' id='word_1_349' title='bbox 1217 1321 1260 1344; x_wconf 87' lang='lat' dir='ltr'>ex</span> <span class='ocrx_word' id='word_1_350' title='bbox 1295 1309 1473 1356; x_wconf 83' lang='lat' dir='ltr'>ambiguo.</span> <span class='ocrx_word' id='word_1_351' title='bbox 1517 1309 1574 1344; x_wconf 88' lang='lat' dir='ltr'>Ex</span> <span class='ocrx_word' id='word_1_352' title='bbox 1609 1309 1809 1345; x_wconf 83' lang='lat' dir='ltr'>definitione</span> 
     </span>
     <span class='ocr_line' id='line_1_70' title="bbox 1130 1357 1810 1398; baseline 0 -5"><span class='ocrx_word' id='word_1_353' title='bbox 1130 1358 1264 1393; x_wconf 87' lang='lat' dir='ltr'>constat</span> <span class='ocrx_word' id='word_1_354' title='bbox 1292 1357 1402 1398; x_wconf 88' lang='lat' dir='ltr'>causa,</span> <span class='ocrx_word' id='word_1_355' title='bbox 1439 1369 1522 1392; x_wconf 90' lang='lat' dir='ltr'>cum</span> <span class='ocrx_word' id='word_1_356' title='bbox 1557 1357 1591 1392; x_wconf 91' lang='lat' dir='ltr'>in</span> <span class='ocrx_word' id='word_1_357' title='bbox 1609 1367 1810 1393; x_wconf 81' lang='lat' dir='ltr'>controver-</span> 
     </span>
     <span class='ocr_line' id='line_1_71' title="bbox 1133 1405 1809 1454; baseline -0.001 -12"><span class='ocrx_word' id='word_1_358' title='bbox 1133 1407 1178 1442; x_wconf 88' lang='lat' dir='ltr'>fia</span> <span class='ocrx_word' id='word_1_359' title='bbox 1194 1407 1254 1449; x_wconf 91' lang='lat' dir='ltr'>est,</span> <span class='ocrx_word' id='word_1_360' title='bbox 1265 1419 1336 1454; x_wconf 90' lang='lat' dir='ltr'>quo</span> <span class='ocrx_word' id='word_1_361' title='bbox 1351 1406 1490 1442; x_wconf 86' lang='lat' dir='ltr'>nornine</span> <span class='ocrx_word' id='word_1_362' title='bbox 1506 1405 1639 1441; x_wconf 73' lang='lat' dir='ltr'>fac‘tum</span> <span class='ocrx_word' id='word_1_363' title='bbox 1657 1407 1809 1454; x_wconf 84' lang='lat' dir='ltr'>appelle--</span> 
     </span>
     <span class='ocr_line' id='line_1_72' title="bbox 1130 1454 1809 1502; baseline -0.003 -10"><span class='ocrx_word' id='word_1_364' title='bbox 1130 1466 1198 1492; x_wconf 87' lang='lat' dir='ltr'>tur.</span> <span class='ocrx_word' id='word_1_365' title='bbox 1227 1457 1281 1492; x_wconf 81' lang='lat' dir='ltr'>Ea</span> <span class='ocrx_word' id='word_1_366' title='bbox 1295 1455 1343 1490; x_wconf 83' lang='lat' dir='ltr'>est</span> <span class='ocrx_word' id='word_1_367' title='bbox 1362 1454 1556 1502; x_wconf 87' lang='lat' dir='ltr'>hujusmodi</span> <span class='ocrx_word' id='word_1_368' title='bbox 1573 1469 1581 1490; x_wconf 78' lang='grc' dir='ltr'>ε</span> <span class='ocrx_word' id='word_1_369' title='bbox 1598 1456 1676 1490; x_wconf 90' lang='lat' dir='ltr'>Cum</span> <span class='ocrx_word' id='word_1_370' title='bbox 1693 1457 1736 1490; x_wconf 94' lang='lat' dir='ltr'>L.</span> <span class='ocrx_word' id='word_1_371' title='bbox 1751 1457 1809 1490; x_wconf 83' lang='lat' dir='ltr'>Sa-</span> 
     </span>
     <span class='ocr_line' id='line_1_73' title="bbox 1131 1504 1808 1551; baseline -0.003 -11"><span class='ocrx_word' id='word_1_372' title='bbox 1131 1508 1276 1541; x_wconf 85' lang='lat' dir='ltr'>turninus</span> <span class='ocrx_word' id='word_1_373' title='bbox 1288 1506 1381 1551; x_wconf 83' lang='lat' dir='ltr'>legem</span> <span class='ocrx_word' id='word_1_374' title='bbox 1385 1505 1678 1549; x_wconf 87' lang='lat' dir='ltr'>frumentariamde</span> <span class='ocrx_word' id='word_1_375' title='bbox 1682 1504 1808 1550; x_wconf 75' lang='lat' dir='ltr'>somff-</span> 
     </span>
     <span class='ocr_line' id='line_1_74' title="bbox 1129 1553 1809 1601; baseline -0.001 -11"><span class='ocrx_word' id='word_1_376' title='bbox 1129 1555 1185 1590; x_wconf 91' lang='lat' dir='ltr'>bus</span> <span class='ocrx_word' id='word_1_377' title='bbox 1195 1562 1224 1590; x_wconf 92' lang='lat' dir='ltr'>et</span> <span class='ocrx_word' id='word_1_378' title='bbox 1242 1554 1410 1589; x_wconf 84' lang='lat' dir='ltr'>trientibus</span> <span class='ocrx_word' id='word_1_379' title='bbox 1427 1554 1550 1589; x_wconf 90' lang='lat' dir='ltr'>laturus</span> <span class='ocrx_word' id='word_1_380' title='bbox 1560 1553 1639 1601; x_wconf 67' lang='lat' dir='ltr'>effa,</span> <span class='ocrx_word' id='word_1_381' title='bbox 1651 1554 1696 1601; x_wconf 92' lang='lat' dir='ltr'><em>Q</em></span> <span class='ocrx_word' id='word_1_382' title='bbox 1703 1555 1809 1600; x_wconf 86' lang='lat' dir='ltr'>Caepio</span> 
     </span>
     <span class='ocr_line' id='line_1_75' title="bbox 1129 1603 1809 1652; baseline -0.003 -13"><span class='ocrx_word' id='word_1_383' title='bbox 1129 1606 1182 1652; x_wconf 86' lang='lat' dir='ltr'>qui</span> <span class='ocrx_word' id='word_1_384' title='bbox 1205 1603 1318 1650; x_wconf 79' lang='lat' dir='ltr'>perid</span> <span class='ocrx_word' id='word_1_385' title='bbox 1339 1605 1486 1648; x_wconf 86' lang='lat' dir='ltr'>temporis</span> <span class='ocrx_word' id='word_1_386' title='bbox 1512 1603 1640 1650; x_wconf 63' lang='lat' dir='ltr'>quaestor</span> <span class='ocrx_word' id='word_1_387' title='bbox 1667 1603 1809 1638; x_wconf 85' lang='lat' dir='ltr'>urbanus</span> 
     </span>
     <span class='ocr_line' id='line_1_76' title="bbox 1132 1651 1809 1698; baseline -0.001 -11"><span class='ocrx_word' id='word_1_388' title='bbox 1132 1662 1217 1695; x_wconf 85' lang='lat' dir='ltr'>erat,</span> <span class='ocrx_word' id='word_1_389' title='bbox 1243 1652 1348 1687; x_wconf 87' lang='lat' dir='ltr'>docuit</span> <span class='ocrx_word' id='word_1_390' title='bbox 1369 1651 1527 1698; x_wconf 75' lang='lat' dir='ltr'>finatum,</span> <span class='ocrx_word' id='word_1_391' title='bbox 1553 1653 1704 1688; x_wconf 83' lang='lat' dir='ltr'>aerarium</span> <span class='ocrx_word' id='word_1_392' title='bbox 1731 1653 1809 1698; x_wconf 86' lang='lat' dir='ltr'>pati</span> 
     </span>
     <span class='ocr_line' id='line_1_77' title="bbox 1133 1701 1809 1750; baseline -0.001 -13"><span class='ocrx_word' id='word_1_393' title='bbox 1133 1715 1192 1737; x_wconf 88' lang='lat' dir='ltr'>non</span> <span class='ocrx_word' id='word_1_394' title='bbox 1202 1703 1283 1750; x_wconf 78' lang='lat' dir='ltr'>poffi’</span> <span class='ocrx_word' id='word_1_395' title='bbox 1299 1701 1497 1747; x_wconf 81' lang='lat' dir='ltr'>largitionem</span> <span class='ocrx_word' id='word_1_396' title='bbox 1515 1708 1651 1736; x_wconf 88' lang='lat' dir='ltr'>tantam.</span> <span class='ocrx_word' id='word_1_397' title='bbox 1679 1701 1809 1736; x_wconf 82' lang='lat' dir='ltr'>Senatus</span> 
     </span>
     <span class='ocr_line' id='line_1_78' title="bbox 1132 1749 1810 1796; baseline -0.003 -10"><span class='ocrx_word' id='word_1_398' title='bbox 1132 1751 1284 1793; x_wconf 87' lang='lat' dir='ltr'>decrevit,</span> <span class='ocrx_word' id='word_1_399' title='bbox 1300 1750 1335 1792; x_wconf 87' lang='lat' dir='ltr'><em>st</em></span> <span class='ocrx_word' id='word_1_400' title='bbox 1363 1761 1431 1784; x_wconf 83' lang='lat' dir='ltr'>cam</span> <span class='ocrx_word' id='word_1_401' title='bbox 1463 1749 1558 1796; x_wconf 83' lang='lat' dir='ltr'>legem</span> <span class='ocrx_word' id='word_1_402' title='bbox 1589 1749 1634 1784; x_wconf 84' lang='lat' dir='ltr'>ad</span> <span class='ocrx_word' id='word_1_403' title='bbox 1658 1750 1810 1795; x_wconf 89' lang='lat' dir='ltr'>populum</span> 
     </span>
     <span class='ocr_line' id='line_1_79' title="bbox 1122 1798 1808 1845; baseline -0.001 -11"><span class='ocrx_word' id='word_1_404' title='bbox 1122 1800 1233 1845; x_wconf 89' lang='lat' dir='ltr'>ferat,</span> <span class='ocrx_word' id='word_1_405' title='bbox 1259 1799 1407 1844; x_wconf 71' lang='lat' dir='ltr'>adversus</span> <span class='ocrx_word' id='word_1_406' title='bbox 1419 1808 1514 1845; x_wconf 83' lang='lat' dir='ltr'>remp.</span> <span class='ocrx_word' id='word_1_407' title='bbox 1550 1798 1653 1833; x_wconf 87' lang='lat' dir='ltr'>videri</span> <span class='ocrx_word' id='word_1_408' title='bbox 1669 1810 1736 1833; x_wconf 91' lang='lat' dir='ltr'>eum</span> <span class='ocrx_word' id='word_1_409' title='bbox 1745 1798 1808 1844; x_wconf 90' lang='lat' dir='ltr'>fa-</span> 
     </span>
     <span class='ocr_line' id='line_1_80' title="bbox 1133 1848 1808 1894; baseline -0.004 -10"><span class='ocrx_word' id='word_1_410' title='bbox 1133 1860 1209 1884; x_wconf 88' lang='lat' dir='ltr'>cere.</span> <span class='ocrx_word' id='word_1_411' title='bbox 1250 1850 1439 1883; x_wconf 87' lang='lat' dir='ltr'>Saturninus</span> <span class='ocrx_word' id='word_1_412' title='bbox 1462 1848 1554 1894; x_wconf 86' lang='lat' dir='ltr'>ferre</span> <span class='ocrx_word' id='word_1_413' title='bbox 1581 1849 1682 1893; x_wconf 75' lang='lat' dir='ltr'>caepit.</span> <span class='ocrx_word' id='word_1_414' title='bbox 1734 1848 1808 1883; x_wconf 89' lang='lat' dir='ltr'>Col-</span> 
     </span>
     <span class='ocr_line' id='line_1_81' title="bbox 1133 1896 1809 1945; baseline -0.004 -12"><span class='ocrx_word' id='word_1_415' title='bbox 1133 1899 1208 1945; x_wconf 84' lang='lat' dir='ltr'>legae</span> <span class='ocrx_word' id='word_1_416' title='bbox 1223 1896 1419 1933; x_wconf 86' lang='lat' dir='ltr'>intercedere.</span> <span class='ocrx_word' id='word_1_417' title='bbox 1468 1896 1525 1931; x_wconf 84' lang='lat' dir='ltr'>Ille</span> <span class='ocrx_word' id='word_1_418' title='bbox 1541 1896 1736 1931; x_wconf 87' lang='lat' dir='ltr'>nihilominus</span> <span class='ocrx_word' id='word_1_419' title='bbox 1753 1898 1809 1943; x_wconf 91' lang='lat' dir='ltr'>cis-</span> 
     </span>
     <span class='ocr_line' id='line_1_82' title="bbox 1135 1945 1811 1992; baseline -0.003 -10"><span class='ocrx_word' id='word_1_420' title='bbox 1135 1947 1242 1982; x_wconf 89' lang='lat' dir='ltr'>tellam</span> <span class='ocrx_word' id='word_1_421' title='bbox 1258 1946 1382 1982; x_wconf 81' lang='lat' dir='ltr'>detulit.</span> <span class='ocrx_word' id='word_1_422' title='bbox 1410 1946 1525 1992; x_wconf 63' lang='lat' dir='ltr'>Capio,</span> <span class='ocrx_word' id='word_1_423' title='bbox 1541 1952 1577 1980; x_wconf 83' lang='lat' dir='ltr'>ut</span> <span class='ocrx_word' id='word_1_424' title='bbox 1593 1945 1682 1980; x_wconf 88' lang='lat' dir='ltr'>illum</span> <span class='ocrx_word' id='word_1_425' title='bbox 1699 1953 1811 1981; x_wconf 86' lang='lat' dir='ltr'>contra</span> 
     </span>
     <span class='ocr_line' id='line_1_83' title="bbox 1135 1993 1809 2041; baseline -0.004 -9"><span class='ocrx_word' id='word_1_426' title='bbox 1135 1997 1167 2031; x_wconf 93' lang='lat' dir='ltr'>S.</span> <span class='ocrx_word' id='word_1_427' title='bbox 1196 1998 1230 2032; x_wconf 90' lang='lat' dir='ltr'>C.</span> <span class='ocrx_word' id='word_1_428' title='bbox 1255 1993 1514 2030; x_wconf 81' lang='lat' dir='ltr'>intercedentibus</span> <span class='ocrx_word' id='word_1_429' title='bbox 1540 1994 1660 2041; x_wconf 85' lang='lat' dir='ltr'>collegis</span> <span class='ocrx_word' id='word_1_430' title='bbox 1693 1994 1809 2030; x_wconf 87' lang='lat' dir='ltr'>adver-</span> 
     </span>
     <span class='ocr_line' id='line_1_84' title="bbox 1125 2043 1810 2092; baseline -0.006 -11"><span class='ocrx_word' id='word_1_431' title='bbox 1125 2047 1181 2092; x_wconf 92' lang='lat' dir='ltr'>sus</span> <span class='ocrx_word' id='word_1_432' title='bbox 1198 2055 1294 2091; x_wconf 90' lang='lat' dir='ltr'>remp.</span> <span class='ocrx_word' id='word_1_433' title='bbox 1323 2044 1408 2079; x_wconf 84' lang='lat' dir='ltr'>vidit</span> <span class='ocrx_word' id='word_1_434' title='bbox 1418 2043 1523 2089; x_wconf 82' lang='lat' dir='ltr'>ferre,</span> <span class='ocrx_word' id='word_1_435' title='bbox 1542 2056 1608 2078; x_wconf 87' lang='lat' dir='ltr'>cum</span> <span class='ocrx_word' id='word_1_436' title='bbox 1624 2045 1707 2078; x_wconf 86' lang='lat' dir='ltr'>viris</span> <span class='ocrx_word' id='word_1_437' title='bbox 1723 2043 1810 2078; x_wconf 86' lang='lat' dir='ltr'>bonis</span> 
     </span>
     <span class='ocr_line' id='line_1_85' title="bbox 1132 2092 1809 2141; baseline -0.006 -11"><span class='ocrx_word' id='word_1_438' title='bbox 1132 2097 1276 2141; x_wconf 85' lang='lat' dir='ltr'>impetum</span> <span class='ocrx_word' id='word_1_439' title='bbox 1284 2094 1386 2140; x_wconf 88' lang='lat' dir='ltr'>facit,</span> <span class='ocrx_word' id='word_1_440' title='bbox 1405 2100 1515 2139; x_wconf 85' lang='lat' dir='ltr'>pontes</span> <span class='ocrx_word' id='word_1_441' title='bbox 1536 2092 1704 2136; x_wconf 86' lang='lat' dir='ltr'>disturbat,</span> <span class='ocrx_word' id='word_1_442' title='bbox 1721 2093 1809 2137; x_wconf 86' lang='lat' dir='ltr'>cistas</span> 
     </span>
     <span class='ocr_line' id='line_1_86' title="bbox 1132 2141 1809 2190; baseline -0.007 -11"><span class='ocrx_word' id='word_1_443' title='bbox 1132 2144 1251 2190; x_wconf 86' lang='lat' dir='ltr'>dejicit,</span> <span class='ocrx_word' id='word_1_444' title='bbox 1289 2141 1502 2189; x_wconf 85' lang='lat' dir='ltr'>impedimento</span> <span class='ocrx_word' id='word_1_445' title='bbox 1536 2142 1590 2185; x_wconf 75' lang='lat' dir='ltr'>est,</span> <span class='ocrx_word' id='word_1_446' title='bbox 1623 2153 1680 2187; x_wconf 86' lang='lat' dir='ltr'>quo</span> <span class='ocrx_word' id='word_1_447' title='bbox 1705 2141 1809 2186; x_wconf 75' lang='lat' dir='ltr'>ficius</span> 
     </span>
     <span class='ocr_line' id='line_1_87' title="bbox 1124 2190 1808 2239; baseline -0.007 -11"><span class='ocrx_word' id='word_1_448' title='bbox 1124 2194 1263 2239; x_wconf 87' lang='lat' dir='ltr'>feratur</span> <span class='ocrx_word' id='word_1_449' title='bbox 1290 2193 1349 2228; x_wconf 84' lang='lat' dir='ltr'>lex.</span> <span class='ocrx_word' id='word_1_450' title='bbox 1389 2190 1556 2234; x_wconf 71' lang='lat' dir='ltr'>Arceffitur</span> <span class='ocrx_word' id='word_1_451' title='bbox 1574 2191 1675 2234; x_wconf 76' lang='lat' dir='ltr'>Caepio</span> <span class='ocrx_word' id='word_1_452' title='bbox 1701 2190 1808 2237; x_wconf 57' lang='lat' dir='ltr'>majest</span> 
     </span>
     <span class='ocr_line' id='line_1_88' title="bbox 1133 2237 1808 2285; baseline -0.004 -8"><span class='ocrx_word' id='word_1_453' title='bbox 1133 2245 1224 2278; x_wconf 84' lang='lat' dir='ltr'>tatis.</span> <span class='ocrx_word' id='word_1_454' title='bbox 1268 2239 1480 2277; x_wconf 87' lang='lat' dir='ltr'>Constitutio</span> <span class='ocrx_word' id='word_1_455' title='bbox 1506 2238 1553 2273; x_wconf 89' lang='lat' dir='ltr'>est</span> <span class='ocrx_word' id='word_1_456' title='bbox 1583 2237 1737 2285; x_wconf 75' lang='lat' dir='ltr'>legitima</span> <span class='ocrx_word' id='word_1_457' title='bbox 1765 2250 1808 2274; x_wconf 78' lang='lat' dir='ltr'>ex</span> 
     </span>
     <span class='ocr_line' id='line_1_89' title="bbox 1133 2287 1808 2326; baseline -0.009 0"><span class='ocrx_word' id='word_1_458' title='bbox 1133 2290 1342 2326; x_wconf 82' lang='lat' dir='ltr'>definitione.</span> <span class='ocrx_word' id='word_1_459' title='bbox 1371 2287 1594 2323; x_wconf 86' lang='lat' dir='ltr'>Vocabulum</span> <span class='ocrx_word' id='word_1_460' title='bbox 1612 2287 1704 2321; x_wconf 88' lang='lat' dir='ltr'>enim</span> <span class='ocrx_word' id='word_1_461' title='bbox 1721 2287 1808 2322; x_wconf 81' lang='lat' dir='ltr'>defi-</span> 
     </span>
     <span class='ocr_line' id='line_1_90' title="bbox 1138 2335 1810 2387; baseline -0.007 -12"><span class='ocrx_word' id='word_1_462' title='bbox 1138 2341 1232 2375; x_wconf 87' lang='lat' dir='ltr'>nitur</span> <span class='ocrx_word' id='word_1_463' title='bbox 1262 2339 1386 2387; x_wconf 88' lang='lat' dir='ltr'>ipsum,</span> <span class='ocrx_word' id='word_1_464' title='bbox 1413 2349 1494 2372; x_wconf 86' lang='lat' dir='ltr'>cum</span> <span class='ocrx_word' id='word_1_465' title='bbox 1525 2335 1696 2383; x_wconf 83' lang='lat' dir='ltr'>quaeritur</span> <span class='ocrx_word' id='word_1_466' title='bbox 1721 2336 1810 2382; x_wconf 88' lang='lat' dir='ltr'>quid</span> 
     </span>
     <span class='ocr_line' id='line_1_91' title="bbox 1139 2384 1812 2433; baseline -0.007 -9"><span class='ocrx_word' id='word_1_467' title='bbox 1139 2390 1177 2424; x_wconf 84' lang='lat' dir='ltr'>fit</span> <span class='ocrx_word' id='word_1_468' title='bbox 1196 2388 1347 2424; x_wconf 85' lang='lat' dir='ltr'>minuere</span> <span class='ocrx_word' id='word_1_469' title='bbox 1371 2384 1588 2433; x_wconf 81' lang='lat' dir='ltr'>majestatem.</span> <span class='ocrx_word' id='word_1_470' title='bbox 1631 2384 1689 2420; x_wconf 87' lang='lat' dir='ltr'>Ex</span> <span class='ocrx_word' id='word_1_471' title='bbox 1706 2384 1812 2419; x_wconf 86' lang='lat' dir='ltr'>trans-</span> 
     </span>
     <span class='ocr_line' id='line_1_92' title="bbox 1138 2432 1814 2478; baseline -0.007 -4"><span class='ocrx_word' id='word_1_472' title='bbox 1138 2438 1265 2474; x_wconf 82' lang='lat' dir='ltr'>latione</span> <span class='ocrx_word' id='word_1_473' title='bbox 1293 2434 1521 2472; x_wconf 77' lang='lat' dir='ltr'>controversia</span> <span class='ocrx_word' id='word_1_474' title='bbox 1544 2432 1704 2478; x_wconf 77' lang='lat' dir='ltr'>nascitur,</span> <span class='ocrx_word' id='word_1_475' title='bbox 1731 2445 1814 2470; x_wconf 85' lang='lat' dir='ltr'>cum</span> 
     </span>
    </p>
   </div>
   <div class='ocr_carea' id='block_1_5' title="bbox 1426 2527 1516 2566">
    <p class='ocr_par' dir='ltr' id='par_1_5' title="bbox 1426 2527 1516 2566">
     <span class='ocr_line' id='line_1_93' title="bbox 1426 2527 1516 2566; baseline 0 0"><span class='ocrx_word' id='word_1_476' title='bbox 1426 2527 1516 2566; x_wconf 90' lang='lat' dir='ltr'>V2</span> 
     </span>
    </p>
   </div>
  </div>
 </body>
</html>
