2241 2994
706 251 1322 294 HISTORIA.

320 349 552 398 omnibusque
577 349 671 385 'visus
705 347 774 384 fuit
803 348 864 384 suo
895 360 990 383 more

320 411 472 440 vomere,
499 410 567 434 non
585 398 706 433 dicere.
750 397 909 432 Ciceroni
927 408 990 431 au-

321 458 391 483 tern
427 447 579 494 cupienti
613 446 648 481 in
678 446 830 481 senatum
862 446 990 486 venire,

320 508 384 543 per
412 497 541 531 amicos
567 507 638 530 non
665 494 787 535 licuit;
822 506 863 529 eo
893 495 991 541 quod

321 545 501 579 Antonius
536 555 556 578 a
589 543 755 579 Cicerone
787 543 893 577 caedis
928 543 991 578 ini-

321 592 411 628 tium
436 602 618 640 quaereret,
643 591 866 639 faelurusque
891 601 991 639 puta—

322 651 428 684 retur,
454 641 596 688 Philipp.
627 641 688 676 111.
716 650 784 686 cap.
815 653 867 675 12.
894 651 929 675 et
946 641 990 676 V.

323 699 357 736 7.
384 700 419 725 et
434 699 481 735 ep.
505 702 562 736 25.
589 689 643 725 lib.
664 690 748 725 XII.
776 690 891 724 Famil.

370 738 529 774 Antonio
559 740 613 774 M.
646 738 790 772 Tullius
819 737 992 785 respondit

318 786 443 834 scripta
461 787 569 822 nobili
586 797 621 822 et
636 786 761 829 divina,
782 798 820 822 ut
837 787 990 832 Juvena-

319 835 362 870 lis
378 835 425 870 ait
442 837 510 870 Sat.
530 836 576 871 X.
603 835 686 880 verfi
709 847 789 880 125.
817 836 989 883 Philippi-

319 895 361 918 ca
376 883 534 926 secunda,
563 884 596 919 in
614 895 685 931 qua
702 884 854 931 primurn
873 884 988 919 crimi-

318 944 363 967 na
389 933 450 967 fibi
480 931 615 979 objecta
639 932 778 976 refutat,
804 943 839 968 et
866 933 989 968 deinde

318 990 428 1016 totam
466 982 614 1016 Antonii
647 982 755 1016 vitam
790 994 808 1016 a
842 982 989 1030 pueritia

316 1030 457 1066 exorsus
484 1031 710 1077 reprehendit.
763 1032 838 1065 Nec
866 1042 988 1066 verum

316 1078 378 1121 est,
395 1079 492 1126 quod
511 1080 708 1127 interpretes
726 1080 768 1114 ad
785 1091 894 1114 unum
913 1091 988 1114 om-

318 1139 377 1162 nes
419 1137 599 1175 putarunt,
650 1128 850 1163 Ciceronem
894 1128 987 1163 illam

317 1176 507 1212 orationem
537 1177 570 1211 in
594 1176 708 1211 senatu
730 1177 896 1224 praesente
916 1180 988 1212 An-

319 1226 415 1259 tonio
434 1225 598 1268 habuifl'e,
625 1225 678 1260 sed
697 1226 743 1261 ita
767 1227 890 1261 Cicero
913 1238 988 1260 eam

317 1273 459 1321 scripsit,
487 1275 582 1320 quasi
603 1274 636 1308 in
654 1275 854 1321 praesentem
875 1277 988 1309 Anto—

317 1322 416 1357 nium
434 1334 504 1357 xln
533 1323 612 1357 Kal.
643 1323 723 1358 oet.
755 1323 873 1358 habita
894 1323 984 1358 esset.

317 1372 540 1418 Argumento
570 1371 648 1406 sunt
682 1373 788 1406 verba
819 1372 877 1406 illa
915 1381 984 1417 cap.

315 1431 375 1465 43.
425 1421 543 1467 Qtaero
559 1420 706 1466 deinceps,
732 1433 805 1455 num
822 1419 987 1455 hodiernus

314 1468 378 1503 dies
392 1471 446 1516 qui
450 1470 499 1512 fit
516 1472 637 1516 ignores
650 1482 662 1503 .·
688 1469 782 1514 nescis
806 1470 875 1504 heri
890 1475 986 1516 qu'ar-

314 1525 382 1552 tum
408 1520 444 1552 in
467 1520 546 1553 circo
572 1518 652 1553 diem
673 1518 810 1553 ludorum
830 1519 985 1553 Romano-

313 1577 387 1601 rum
405 1567 532 1612 susse?
570 1577 734 1614 quartum
763 1567 855 1602 diem
885 1567 983 1602 ludo-

316 1626 394 1649 rum
426 1617 553 1650 Rornae
590 1616 624 1651 in
663 1616 756 1651 circo
792 1615 892 1651 fuiffe
919 1627 986 1651 xiv

317 1664 396 1699 Kal.
415 1665 544 1700 Ostob.
571 1677 614 1700 ex
641 1665 850 1700 Kalendario
872 1674 986 1700 vetere

316 1722 439 1748 notum
457 1713 515 1748 est.

365 1762 543 1796 Antonius
575 1762 700 1797 deinde
728 1761 870 1797 obviarn
903 1774 983 1809 pro-

315 1808 426 1845 feetus
441 1811 489 1845 est
506 1811 702 1858 legionibus
720 1821 884 1858 quatuor,
901 1823 984 1857 quae

316 1857 350 1892 in
378 1859 623 1894 Macedoniarn
653 1871 672 1894 a
701 1859 835 1894 Caesare
863 1860 982 1901 miffae,

315 1907 392 1954 post
408 1907 481 1955 ejus
504 1909 635 1944 caedem
666 1908 700 1942 in
723 1908 857 1943 Italiam
876 1920 984 1943 rever-

314 1966 442 2000 terunt,
470 1967 509 1992 ut
535 1969 590 1992 eas
615 1957 762 2005 pecunia
788 1957 849 1992 fibi
867 1957 983 1992 conci-

316 2004 424 2047 liaret,
450 2015 484 2041 et
514 2007 557 2041 ad
581 2008 702 2041 urbem
731 2006 786 2040 vel
813 2007 929 2053 potius
948 2006 982 2041 in

314 2052 436 2089 urbem
453 2055 657 2091 adduceret:
678 2055 983 2102 Brundufiumque

313 2103 409 2137 venit
440 2116 496 2140 vu
529 2105 610 2139 Idus
641 2104 769 2139 octob.
808 2105 892 2149 epist.
923 2116 942 2138 2
950 2117 981 2150 3.

315 2150 369 2185 lib.
390 2151 614 2198 XiL-Famil.
633 2163 667 2188 et
685 2153 821 2199 Philipp.
842 2153 886 2188 V.
913 2163 983 2199 cap.

318 2200 350 2234 8.
392 2200 554 2236 Profecto
572 2203 744 2245 Antonio,
771 2202 984 2237 Octavianus

316 2250 470 2295 primum
489 2262 507 2283 a
524 2250 672 2294 Galatia,
699 2258 781 2286 m'ox
799 2263 818 2285 a
835 2251 986 2286 Casilino

317 2306 491 2332 veteranos
520 2309 681 2346 paternos
707 2300 857 2334 excivit:
895 2311 984 2347 quo-

315 2357 392 2380 rum
409 2348 608 2394 exemplum
625 2348 729 2382 secuti
746 2349 803 2383 alii
835 2350 929 2383 brevi
949 2351 982 2384 in

314 2393 463 2429 formam
475 2393 559 2442 justi
575 2396 743 2431 exercitus
761 2399 892 2438 coiere,
910 2398 982 2432 Vel-

314 2443 389 2478 leius
405 2444 457 2480 lib.
477 2445 522 2481 ll.
548 2453 617 2492 cap.
639 2446 695 2482 61.
722 2446 830 2482 Cicero
846 2447 930 2493 epist‘.
948 2449 981 2483 8.

1631 270 1709 310 335

1038 347 1093 382 lib.
1128 348 1231 384 XVI.
1268 349 1314 384 ad
1342 351 1415 386 Att.
1467 352 1559 387 Cum
1595 363 1710 389 autem

1041 396 1217 431 Antonius
1237 398 1417 434 Brundusii
1436 401 1604 436 militibus
1631 415 1709 438 cen-

1042 455 1135 479 tenas
1165 445 1344 481 drachmas
1374 449 1600 495 promitteret,
1637 451 1709 486 for-

1040 494 1174 528 tissimae
1191 494 1340 541 legiones
1367 495 1440 542 ejus
1469 499 1636 544 promissis
1659 513 1710 535 re-

1041 543 1246 585 clamarunt,
1272 553 1306 578 et
1332 545 1546 592 congiarium
1570 547 1636 583 hoc
1654 561 1710 584 ac-

1041 591 1154 638 cipere
1187 591 1382 627 noluerunt.
1436 595 1558 641 ltaque
1590 608 1710 633 centu-

1041 641 1151 675 riones
1167 640 1314 675 domurn
1332 642 1374 676 ad
1404 641 1436 676 se
1466 645 1579 678 venire
1600 644 1709 691 juffit,

1041 689 1165 736 eosque
1183 699 1260 723 ante
1289 690 1392 736 pedes
1421 690 1498 726 suos
1526 694 1711 742 uxorisque

1041 737 1110 773 suae
1120 737 1276 785 jugulari
1293 739 1416 786 coegit.
1449 741 1553 776 Cicero
1569 743 1708 790 Philipp.

1039 787 1102 822 111.
1131 797 1198 833 cap.
1221 798 1253 822 2.
1283 795 1313 822 et
1330 802 1363 831 4.
1382 788 1427 823 V.
1449 791 1481 825 8.
1501 790 1604 826 XIII.
1627 794 1658 827 8.
1676 803 1710 828 et

1037 837 1119 879 epist.
1142 838 1174 872 8.
1200 836 1253 870 lib.
1273 836 1373 872 XVI.
1400 837 1446 872 ad
1461 840 1534 874 Ate.
1569 840 1636 875 Dio
1653 840 1708 876 lib.

1038 884 1156 919 XLV.
1183 887 1348 930 Appianas
1364 885 1415 920 lib.
1437 887 1500 922 ΙΙΙ.

1086 932 1208 968 Cicero
1232 943 1307 968 tum
1336 934 1576 978 rusticabatur,
1604 947 1709 986 atque

1037 981 1144 1017 libros
1177 982 1220 1016 de
1248 983 1384 1018 Officiis
1417 985 1628 1032 perficiebat,
1668 999 1708 1022 ut

1038 1030 1257 1078 cognoscitur
1273 1033 1355 1077 epist.
1378 1035 1409 1068 8.
1431 1042 1464 1068 et
1482 1033 1630 1081 sequent.
1650 1035 1706 1073 lib.

1038 1079 1139 1114 XVI.
1180 1080 1224 1113 ad
1255 1083 1326 1115 Att.
1379 1082 1468 1117 Sunt
1494 1084 1610 1126 etiam,
1645 1086 1708 1132 qui

1036 1139 1078 1163 eo
1096 1138 1250 1176 tempore
1268 1129 1441 1165 Paradoxa
1470 1131 1594 1178 scripta
1609 1131 1709 1169 fuisse

1037 1177 1240 1220 existiment,
1253 1178 1350 1224 quod
1368 1179 1516 1215 secundo
1529 1182 1708 1218 Paradoxo

1039 1226 1072 1260 in
1119 1226 1315 1261 Antonium
1367 1227 1482 1262 invehi
1523 1230 1704 1267 videatur:

1038 1275 1199 1321 quamvis
1232 1275 1265 1309 in
1295 1277 1470 1323 prooemio
1503 1278 1546 1313 de
1575 1279 1713 1316 Catone*

1036 1325 1129 1370 quali
1148 1324 1231 1359 vivo
1248 1325 1423 1371 loquatur.

1086 1372 1277 1415 Antonius,
1304 1385 1385 1408 curn
1403 1374 1567 1417 edixiflet,
1592 1387 1631 1412 ut
1648 1379 1707 1413 ad·

1035 1421 1114 1456 effet
1149 1421 1281 1456 senatus
1310 1421 1472 1470 frequens
1502 1436 1531 1459 a.
1567 1425 1600 1460 d.
1633 1425 1713 1462 vnx'

1036 1470 1115 1505 Kal.
1135 1470 1302 1505 Decemb.
1322 1482 1474 1519 eumque
1496 1473 1586 1508 diem
1610 1474 1707 1511 obire

1036 1519 1244 1565 neglexiffet,
1270 1520 1304 1553 in
1329 1530 1406 1555 ante
1431 1521 1521 1555 diem
1540 1520 1714 1569 quartum¹

1036 1568 1116 1603 Kal.
1146 1567 1291 1610 distulit,
1330 1569 1436 1604 adesse
1467 1569 1500 1604 in
1531 1572 1707 1619 Capitolio

1030 1616 1138 1663 jussit.
1191 1617 1278 1664 Qio
1296 1629 1376 1652 cum
1396 1618 1438 1652 de
1457 1619 1589 1666 legione
1608 1621 1706 1656 Mar—

1036 1666 1083 1700 tia
1098 1675 1133 1700 et
1150 1666 1298 1714 Quarta,
1312 1678 1393 1712 quae
1411 1667 1529 1703 relicio
1546 1670 1706 1706 Antonio

1034 1715 1078 1749 ad
1105 1715 1275 1749 Caesaoern
1305 1715 1538 1751 octavianum
1568 1719 1704 1754 transie-

1035 1773 1122 1805 rant,
1150 1765 1292 1798 nuntius
1321 1764 1400 1798 efl‘et
1429 1765 1565 1809 allatus,
1591 1768 1719 1803 mente

1034 1811 1196 1854 concidit,
1222 1822 1257 1846 et
1285 1812 1470 1859 paludatus
1499 1815 1534 1849 in
1551 1815 1703 1852 Galliam

1034 1861 1237 1902 citeriorem,
1264 1872 1372 1908 quam
1399 1874 1418 1896 a
1446 1864 1581 1911 populo
1612 1865 1703 1900 obti-

1034 1919 1166 1952 nuerat,
1193 1921 1274 1944 cum
1291 1921 1329 1944 ea
1345 1910 1392 1945 D.
1410 1909 1504 1946 Bruti
1523 1913 1705 1960 provincia

1033 1958 1124 2000 esset,
1157 1959 1366 2006 properavit,
1403 1961 1480 2002 Dio,
1523 1964 1703 2007 Appianas,

1032 2007 1178 2047 Velleius,
1204 2009 1310 2042 Cicero
1330 2008 1391 2054 ipse
1408 2009 1586 2056 Philippica
1604 2015 1704 2046 tertia

1034 2060 1120 2102 (cap.
1149 2059 1180 2091 8.
1204 2064 1235 2090 et
1263 2057 1315 2104 9.)
1343 2058 1587 2105 etsequentihus.
1637 2062 1704 2096 Sed

1033 2104 1231 2139 Antonium
1271 2106 1398 2140 Brutus
1434 2108 1611 2154 provincia
1644 2121 1701 2144 ex-

1033 2154 1147 2197 clufit,
1199 2159 1303 2201 atque
1345 2155 1497 2193 exercitu
1540 2157 1702 2193 obsistens

1034 2203 1186 2237 edietum
1209 2203 1400 2251 proposuit,
1427 2215 1499 2250 quo
1522 2206 1700 2251 promitte-

1035 2251 1106 2295 bat,
1122 2251 1169 2298 ¹se¹
1182 2252 1396 2299 provinciam
1421 2253 1570 2289 Galliam
1593 2265 1700 2289 reten-

1035 2301 1215 2335 turum'in
1243 2301 1374 2335 senatus
1405 2302 1606 2348 populique
1626 2304 1700 2337 Ro-

1033 2349 1124 2384 mani
1157 2350 1332 2397 potestate,
1369 2349 1507 2395 Philipp.
1541 2351 1603 2385 111.
1631 2362 1699 2398 cap.

1033 2413 1067 2441 4.
1102 2409 1136 2433 et
1172 2410 1223 2442 15.
1268 2399 1387 2449 Quare
1416 2409 1496 2433 cum
1527 2399 1650 2434 Cicero
1677 2412 1701 2436 v

1033 2447 1130 2482 Idus'
1152 2447 1336 2483 Decembr.
1367 2447 1517 2484 Romam
1548 2446 1700 2494 venisset,
