2335 3009
529 248 607 290 208

527 359 591 394 qua
617 347 794 382 continetur
815 343 954 391 dignitas
979 349 1009 377 et
1027 340 1198 388 amplitudo

527 397 682 431 civitatis.
734 393 833 435 Item,
868 393 1001 439 Injuriae
1015 393 1107 435 sunt,
1132 403 1198 438 quae

527 452 586 479 aut
614 442 789 490 pulsatione
817 450 939 487 corpus,
972 448 1030 474 aut
1058 441 1198 474 convicio

526 503 632 533 aures,
657 498 717 526 aut
744 491 851 538 aliqua
880 487 1073 535 turpitudine
1095 491 1197 523 vitam

527 541 707 588 cujuspiam,
732 539 866 574 violant.
918 539 1018 579 Item,
1049 537 1127 573 Non
1156 536 1198 580 est

526 590 587 635 ista
619 589 792 636 diligentia,
821 585 883 632 sed
919 588 1091 626 avaritieu
1132 584 1198 620 ideo

526 638 609 686 quod
621 637 784 685 diligentia
801 636 844 680 ςβ
866 642 1017 670 accurata
1033 635 1196 679 conserva-

526 690 572 723 tio
577 686 731 734 suorum;
756 685 915 725 avaritia,
937 683 1086 730 injuriosa
1103 691 1198 728 appe-

526 737 599 771 titio
625 735 808 771 alienorum.
861 733 964 774 Item,
991 731 1067 766 Non
1083 731 1124 774 ψ
1140 731 1198 774 ista

517 783 696 830 fortitudo,
724 783 784 828 sed
810 783 994 820 temeritas·,
1027 786 1197 825 propterea

527 832 609 881 quod
611 831 777 878 fortitudo
804 831 843 875 ιβ
872 830 1053 873 contemptio
1081 827 1198 862 laboris

527 889 561 917 et
570 881 703 928 periculi
731 892 798 915 cum
823 881 946 913 ratione
973 876 1139 917 utilitatis,
1165 883 1198 910 et

527 930 765 976 compensatione
791 925 1035 967 commodorum
1073 927 1195 960 temeri-

527 987 581 1014 tas
595 980 635 1023 est
651 989 719 1014 cum
734 975 958 1020 inconfiderata
975 974 1116 1009 laborum
1122 983 1197 1020 per-

524 1027 651 1074 peffione
655 1025 852 1073 gladiatoria
861 1023 1066 1070 periculorum
1077 1022 1198 1068 ficfiep-

527 1079 583 1111 tio.
627 1076 722 1110 Haec
742 1074 818 1110 ideo
844 1072 1029 1108 commoda
1054 1081 1199 1118 putatur

526 1123 717 1165 exornatio,
743 1122 840 1170 quod
857 1132 996 1156 omnem
1013 1120 1059 1154 rei
1085 1118 1196 1165 cujus-

526 1172 622 1220 piam
649 1171 722 1206 vim
743 1180 779 1205 et
804 1169 1006 1218 potestatem
1032 1167 1079 1202 ita
1104 1168 1195 1202 dilu-

527 1221 604 1257 cide
620 1219 799 1268 proponit,
816 1229 850 1254 et
868 1217 1016 1253 breviter
1031 1216 1196 1263 explicat,

528 1279 569 1305 ut
594 1280 706 1316 neque
726 1267 888 1316 pluribus
912 1265 1026 1301 verbis
1050 1275 1196 1312 oportu-

529 1318 586 1353 iffe
613 1317 683 1353 dici
713 1317 883 1358 videatur,
910 1325 1022 1362 neque
1047 1312 1199 1349 lucidius

527 1366 676 1416 potuiss‘e
691 1365 761 1400 dici
776 1374 929 1413 putetur.

578 1415 719 1450 XXVI.
748 1412 924 1448 Transitio
939 1420 1099 1453 vocatur,
1116 1421 1198 1458 quae

528 1475 612 1499 cum
625 1463 771 1498 ostendit
785 1461 945 1503 breviter,
963 1459 1050 1507 quid
1063 1459 1197 1494 dietum

530 1513 584 1555 fit,
613 1511 777 1559 proponit
805 1511 884 1545 item
909 1508 1004 1544 brevi
1032 1508 1120 1555 quid
1149 1507 1197 1542 se-

529 1571 670 1609 quatur,
698 1560 762 1594 hoc
782 1559 908 1594 modo:
937 1558 976 1592 In
987 1559 1131 1603 patriam
1147 1569 1198 1591 cu-

516 1610 655 1658 jusmodi
662 1609 780 1655 fuerit,
806 1607 953 1642 habetis:
981 1608 1116 1646 nuncin
1134 1614 1198 1650 pa-

527 1666 631 1694 rentes
670 1656 769 1705 qualis
811 1657 962 1697 extiterit,
1004 1655 1198 1698 confiderate.

528 1708 630 1750 Item,
656 1709 736 1742 Mea
759 1706 793 1740 in
808 1704 897 1749 istum
915 1702 1061 1748 beneficia
1079 1702 1200 1750 cognos-

528 1758 624 1791 citis:
651 1766 746 1795 nunc,
770 1753 913 1801 quomodo
938 1753 989 1797 iste
1015 1752 1094 1788 mibi
1117 1763 1197 1798 gra·

527 1808 608 1840 tiam
649 1802 817 1845 retulerit,
850 1803 991 1848 accipite.
1054 1800 1201 1836 Proficit

529 1854 606 1889 haec
624 1853 842 1900 aliquantum
858 1848 1037 1886 exornatio
1054 1849 1096 1884 acl
1114 1849 1200 1885 duas

529 1915 592 1938 res.
636 1902 731 1936 Nam
748 1910 783 1936 et
799 1899 887 1948 quid
903 1898 1029 1934 dixerit
1045 1909 1201 1934 commo-

531 1961 599 1989 net.
625 1959 660 1985 et
689 1949 731 1984 ad
755 1949 929 1996 reliquum
945 1957 1124 1995 comparat
1140 1958 1200 1982 au-

529 1999 689 2034 ditorem.
741 1997 920 2032 Correfflo
945 1996 1006 2039 est,
1033 2008 1116 2043 quae
1135 1996 1199 2031 tol-

531 2048 572 2084 lit
603 2048 650 2090 id,
678 2046 775 2095 quod
793 2045 926 2081 dictum
942 2044 1003 2087 est,
1028 2054 1063 2079 et
1081 2057 1144 2091 pro
1159 2057 1202 2079 eo

532 2097 581 2139 id,
607 2097 705 2144 quod
734 2095 844 2142 magis
871 2094 1033 2129 idoneum
1050 2093 1201 2136 videtur,

532 2145 681 2193 reponit,
717 2144 783 2179 hoc
816 2144 942 2191 paeto:
977 2141 1074 2188 Quod
1089 2143 1123 2186 fi
1149 2142 1203 2186 iste

521 2195 594 2242 suos
617 2194 747 2239 hospites
775 2191 917 2240 rogaſjet,
943 2193 1036 2226 immo
1063 2191 1203 2238 inwfflt

529 2241 640 2284 παιάν,
666 2243 721 2277 boc
729 2241 832 2288 facile
842 2240 953 2288 perfici
968 2240 1073 2287 pofflt.
1101 2240 1200 2281 Item,

533 2293 623 2329 Nam
649 2293 808 2338 postquam
837 2291 885 2336 iffi
917 2292 1071 2331 vicerunt,
1109 2297 1205 2337 atque

533 2341 607 2375 adeo
625 2344 702 2374 vieti
723 2341 812 2386 sunt,
839 2350 907 2374 ean·
932 2337 1077 2387 quomodo
1103 2341 1204 2372 victo·

533 2394 617 2424 riom
647 2390 807 2435 appeHm,
843 2401 909 2436 que
932 2387 1107 2422 viantibus
1132 2387 1205 2433 plus

533 2439 742 2478 calamitatis,
767 2449 858 2484 quana
886 2437 969 2477 boni.
994 2435 1114 2471 dederit
1129 2438 1146 2471 ζ)
1172 2438 1203 2471 Ο

531 2489 664 2524 virtutis
687 2498 780 2523 comet
795 2486 930 2529 invidia,
957 2497 1025 2534 quae
1048 2485 1138 2522 bonos
1153 2487 1203 2520 in-

837 243 1615 287 RHETORICORUM

1236 341 1372 389 sequeris
1383 341 1572 388 plerumque,
1590 347 1680 387 atque
1695 338 1768 375 adeo
1784 339 1914 385 inseffas

1245 391 1316 425 ris!
1343 391 1596 425 Commovetur
1612 388 1677 424 hoc
1695 399 1816 435 genere
1840 390 1911 423 ani-

1246 451 1324 473 mus
1347 438 1523 473 auditoris.
1550 438 1620 473 Res
1636 438 1728 472 enim
1754 448 1913 472 commu-

1247 488 1280 522 ni
1300 487 1407 522 verbo
1423 488 1523 528 elata,
1549 486 1793 521 tantummodo
1821 485 1914 520 dic'la

1246 535 1384 570 videtur
1399 549 1406 570 :
1435 535 1483 569 ast
1499 546 1539 569 ea
1555 534 1630 581 post
1647 534 1751 581 ipsius
1768 534 1914 569 oratoris

1245 584 1490 619 correctionem
1511 583 1620 630 magis
1639 583 1759 617 idonea
1775 583 1816 617 fit
1832 594 1913 629 pro·

1245 632 1470 667 nuntiatione.
1537 632 1621 666 Non
1663 631 1769 678 igitur
1810 630 1916 665 satius

1244 681 1336 723 esset,
1361 680 1451 715 dicet
1469 679 1606 727 aliquis,
1632 679 1677 713 ab
1695 679 1804 720 initio,
1821 690 1913 726 prae-

1247 729 1358 764 sertim
1385 741 1466 764 cum
1497 728 1634 770 scribas,
1668 728 1710 762 ad
1738 728 1916 775 optimum

1244 788 1280 812 et
1295 778 1531 812 eleffiffimurn
1550 777 1696 812 verbum
1723 776 1883 812 devenire
1898 777 1913 811 ?

1245 826 1320 868 Est,
1346 837 1427 861 cum
1452 838 1521 861 non
1547 825 1597 860 est
1624 825 1740 868 satius,
1765 825 1788 860 sl
1818 836 1914 860 com-

1246 875 1394 910 mutatio
1418 875 1515 910 verbi
1533 874 1567 909 id
1584 875 1648 909 erit
1664 873 1914 909 demonstratu-

1248 935 1295 966 ra,
1330 922 1497 971 ejusmodi
1531 934 1602 958 rem
1630 923 1706 966 effe,
1745 932 1797 964 ut,
1832 933 1916 957 cum

1246 984 1322 1007 eam
1354 973 1533 1008 communi
1571 971 1680 1006 verbo
1719 971 1915 1018 appellaris,

1248 1021 1359 1056 levius
1391 1021 1510 1056 dixisse
1542 1020 1712 1060 videari33
1756 1031 1837 1054 cum
1871 1020 1916 1054 ad

1246 1069 1387 1104 electius
1425 1069 1573 1104 verbum
1610 1068 1772 1110 accedas,
1812 1067 1917 1115 infig-

1247 1117 1386 1152 niorem'
1395 1129 1466 1152 rem
1484 1115 1601 1152 facias.
1653 1116 1764 1164 Qod
1791 1116 1815 1151 si
1832 1127 1916 1152 con-

1247 1166 1346 1201 tinuo
1364 1165 1505 1201 veniffes
1534 1166 1577 1201 ad
1606 1165 1642 1200 id
1668 1165 1829 1208 verbum,
1853 1176 1919 1200 nec

1247 1214 1306 1257 rei,
1333 1226 1395 1250 nec
1412 1214 1523 1257 verbi,
1549 1213 1660 1262 gratia
1685 1213 1919 1249 animadversa

1245 1263 1336 1298 esset.

1297 1311 1457 1347 XXVII.
1498 1310 1697 1359 Occupatio
1728 1310 1798 1353 est,
1833 1322 1917 1346 cum

1247 1360 1410 1403 dicimus,
1442 1372 1503 1396 nos
1537 1360 1724 1408 praeterire,
1753 1369 1815 1395 aut
1847 1371 1918 1395 non

1248 1409 1342 1451 scire,
1380 1419 1440 1444 aut
1469 1409 1562 1444 nolle
1590 1408 1702 1444 dicere
1733 1408 1780 1451 id,
1819 1409 1918 1456 quod

1248 1468 1332 1493 tunc
1351 1457 1499 1493 maxime
1515 1457 1677 1500 dicimus,
1705 1458 1769 1493 hoc
1788 1457 1916 1493 modo:

1247 1506 1336 1542 Nam
1363 1506 1399 1541 de
1418 1509 1560 1552 pueritia
1589 1506 1708 1554 quiden
1729 1515 1802 1549 tuo,
1827 1517 1922 1554 quam

1247 1563 1282 1590 tu
1311 1557 1393 1590 omni
1419 1557 1668 1602 intemperantiae
1689 1555 1845 1600 addixisti,
1869 1553 1920 1589 di-

1247 1616 1358 1647 cerem,
1373 1604 1409 1649 si
1428 1605 1484 1639 hoc
1513 1613 1632 1650 tempus
1657 1603 1797 1639 idoneum
1820 1612 1923 1650 puta·

1246 1665 1311 1688 rem
1325 1667 1336 1688 :
1362 1664 1443 1688 nunc
1459 1652 1594 1698 consulto
1609 1653 1757 1700 relinquo.
1784 1655 1830 1689 Et
1843 1651 1923 1687 illud

1243 1711 1408 1748 pretereo,
1433 1701 1512 1749 quod
1527 1710 1559 1736 te
1571 1701 1691 1737 tribuni
1706 1703 1754 1736 rei
1768 1701 1920 1737 militaris

1247 1750 1469 1798 infrequentem
1517 1749 1727 1785 tradiderunt.
1797 1749 1921 1786 Deinde

1248 1798 1330 1848 quod
1351 1800 1541 1846 injuriarum
1566 1798 1745 1846 sotisfecisti
1776 1799 1820 1834 L.
1852 1799 1922 1834 La.

1248 1850 1347 1891 beoni,
1384 1849 1465 1883 nibil
1492 1848 1536 1883 ad
1562 1860 1624 1884 rem
1646 1850 1806 1894 pertinere
1828 1855 1919 1894 puto.

1250 1899 1374 1933 Horum
1390 1897 1475 1931 nibil
1487 1896 1575 1933 dico.-
1601 1905 1746 1932 revertor
1762 1895 1805 1931 ad
1830 1897 1920 1940 illud,

1249 1946 1288 1981 de
1302 1958 1360 1994 quo
1368 1946 1523 1994 judicium
1536 1946 1588 1990 ιβ.
1633 1946 1734 1987 Ioem,
1760 1944 1838 1981 Non
1854 1945 1922 1981 dico

1250 2004 1282 2031 te
1308 1996 1351 2030 ab
1376 1995 1467 2041 sociis
1492 1996 1644 2042 pecunias
1673 1993 1837 2041 accepg'ffe:
1863 2007 1923 2030 non

1241 2047 1315 2090 sum
1341 2046 1374 2079 in
1397 2055 1431 2079 eo
1457 2053 1631 2091 occupatus,
1657 2043 1737 2092 qnod
1762 2045 1922 2086 civitates,

1250 2105 1360 2139 regna,
1401 2092 1503 2128 domos
1540 2096 1684 2134 omniunt,
1726 2092 1924 2139 depeculatus

1252 2153 1283 2176 es
1296 2155 1308 2177 :
1330 2143 1441 2185 furta,
1466 2143 1598 2188 rapinas
1614 2150 1686 2176 tuos
1703 2152 1804 2176 omnes
1830 2146 1921 2176 omit-

1253 2199 1296 2226 to.
1350 2190 1445 2226 Haec
1473 2190 1570 2226 utilis
1601 2191 1649 2226 est
1679 2191 1868 2231 exornatio,
1898 2191 1921 2226 fi

1253 2249 1312 2274 aut
1342 2251 1426 2281 rem,
1452 2251 1559 2286 quam
1578 2251 1646 2275 non
1666 2240 1831 2287 pertineat
1849 2239 1925 2275 aliis

1252 2288 1437 2329 ostendere,
1461 2288 1598 2324 occulte
1615 2288 1826 2323 admonuisti:
1844 2300 1926 2336 pro-

1253 2337 1338 2380 dest,
1364 2346 1423 2372 aut
1441 2337 1464 2372 si
1484 2338 1629 2385 longum
1647 2337 1707 2379 cst,
1734 2347 1793 2372 aut
1826 2338 1924 2385 igno-

1255 2387 1336 2428 bile,
1362 2396 1422 2421 aut
1449 2386 1606 2434 planum,
1633 2396 1691 2421 aut
1718 2398 1786 2421 non
1814 2386 1925 2434 potest

1254 2435 1338 2477 ficri,
1375 2444 1435 2470 aut
1469 2434 1569 2470 r'acile
1600 2434 1709 2483 potest
1744 2435 1924 2483 reprehen-

1253 2484 1319 2527 ὡς
1352 2493 1392 2521 ut
1426 2484 1547 2521 utilius
1578 2485 1617 2520 sit
1646 2484 1784 2521 occulte
1811 2482 1925 2520 feciffe
