<?xml version="1.0" encoding="UTF-8"?>
<!DOCTYPE html PUBLIC "-//W3C//DTD XHTML 1.0 Transitional//EN"
    "http://www.w3.org/TR/xhtml1/DTD/xhtml1-transitional.dtd">
<html xmlns="http://www.w3.org/1999/xhtml" xml:lang="en" lang="en">
 <head>
  <title>
</title>
<meta http-equiv="Content-Type" content="text/html;charset=utf-8" />
  <meta name='ocr-system' content='tesseract 3.04.00' />
  <meta name='ocr-capabilities' content='ocr_page ocr_carea ocr_par ocr_line ocrx_word'/>
</head>
<body>
  <div class='ocr_page' id='page_1' title='image "./operacumindicibu09ciceuoft_0251.png"; bbox 0 0 2335 3009; ppageno 0'>
   <div class='ocr_carea' id='block_1_1' title="bbox 767 209 1039 249">
    <p class='ocr_par' dir='ltr' id='par_1_1' title="bbox 767 209 1039 249">
     <span class='ocr_line' id='line_1_1' title="bbox 767 209 1039 249; baseline 0 -1"><span class='ocrx_word' id='word_1_1' title='bbox 767 209 1039 249; x_wconf 86' lang='lat' dir='ltr'>HIST</span> 
     </span>
    </p>
   </div>
   <div class='ocr_carea' id='block_1_2' title="bbox 396 305 1026 362">
    <p class='ocr_par' dir='ltr' id='par_1_2' title="bbox 396 305 1026 362">
     <span class='ocr_line' id='line_1_2' title="bbox 396 305 1026 362; baseline 0.002 -16"><span class='ocrx_word' id='word_1_2' title='bbox 396 307 509 346; x_wconf 86' lang='lat' dir='ltr'>Anno</span> <span class='ocrx_word' id='word_1_3' title='bbox 527 305 637 346; x_wconf 85' lang='lat' dir='ltr'><em>Urbis</em></span> <span class='ocrx_word' id='word_1_4' title='bbox 656 305 680 345; x_wconf 91' lang='lat'><strong>6</strong></span> <span class='ocrx_word' id='word_1_5' title='bbox 687 318 752 360; x_wconf 80' lang='lat'>53.</span> <span class='ocrx_word' id='word_1_6' title='bbox 785 305 967 346; x_wconf 83' lang='lat' dir='ltr'><em>Ciceronis</em></span> <span class='ocrx_word' id='word_1_7' title='bbox 987 322 1026 362; x_wconf 89' lang='lat'>7.</span> 
     </span>
    </p>
   </div>
   <div class='ocr_carea' id='block_1_3' title="bbox 380 375 1044 537">
    <p class='ocr_par' dir='ltr' id='par_1_3' title="bbox 380 375 1044 537">
     <span class='ocr_line' id='line_1_3' title="bbox 523 375 907 416; baseline 0 -1"><span class='ocrx_word' id='word_1_8' title='bbox 523 376 714 415; x_wconf 89' lang='lat' dir='ltr'>Consules</span> <span class='ocrx_word' id='word_1_9' title='bbox 743 375 907 416; x_wconf 84' lang='lat' dir='ltr'>fuerunt</span> 
     </span>
     <span class='ocr_line' id='line_1_4' title="bbox 380 436 1044 482; baseline 0.002 -7"><span class='ocrx_word' id='word_1_10' title='bbox 380 437 428 475; x_wconf 92' lang='lat' dir='ltr'>C.</span> <span class='ocrx_word' id='word_1_11' title='bbox 461 436 657 476; x_wconf 80' lang='lat' dir='ltr'>MARms</span> <span class='ocrx_word' id='word_1_12' title='bbox 686 437 761 482; x_wconf 91' lang='lat' dir='ltr'>VI,</span> <span class='ocrx_word' id='word_1_13' title='bbox 806 438 857 477; x_wconf 92' lang='lat' dir='ltr'>L.</span> <span class='ocrx_word' id='word_1_14' title='bbox 886 438 1044 476; x_wconf 74' lang='lat' dir='ltr'><strong>VALE-</strong></span> 
     </span>
     <span class='ocr_line' id='line_1_5' title="bbox 528 498 899 537; baseline 0.003 -1"><span class='ocrx_word' id='word_1_15' title='bbox 528 510 633 537; x_wconf 81' lang='lat' dir='ltr'>R1us</span> <span class='ocrx_word' id='word_1_16' title='bbox 667 498 899 537; x_wconf 83' lang='lat' dir='ltr'>FLAccus.</span> 
     </span>
    </p>
   </div>
   <div class='ocr_carea' id='block_1_4' title="bbox 339 593 1046 2479">
    <p class='ocr_par' dir='ltr' id='par_1_4' title="bbox 339 593 1046 1322">
     <span class='ocr_line' id='line_1_6' title="bbox 426 593 1046 643; baseline 0.003 -14"><span class='ocrx_word' id='word_1_17' title='bbox 426 594 570 630; x_wconf 90' lang='lat' dir='ltr'>Horum</span> <span class='ocrx_word' id='word_1_18' title='bbox 601 594 783 630; x_wconf 84' lang='lat' dir='ltr'>consulum</span> <span class='ocrx_word' id='word_1_19' title='bbox 812 593 973 643; x_wconf 88' lang='lat' dir='ltr'>frequens</span> <span class='ocrx_word' id='word_1_20' title='bbox 998 596 1046 631; x_wconf 88' lang='lat' dir='ltr'>est</span> 
     </span>
     <span class='ocr_line' id='line_1_7' title="bbox 377 643 1046 691; baseline 0 -13"><span class='ocrx_word' id='word_1_21' title='bbox 377 643 506 678; x_wconf 84' lang='lat' dir='ltr'>mentio</span> <span class='ocrx_word' id='word_1_22' title='bbox 524 644 617 691; x_wconf 91' lang='lat' dir='ltr'>apud</span> <span class='ocrx_word' id='word_1_23' title='bbox 637 643 838 679; x_wconf 85' lang='lat' dir='ltr'>Ciceronem</span> <span class='ocrx_word' id='word_1_24' title='bbox 850 654 914 690; x_wconf 88' lang='lat' dir='ltr'>pro</span> <span class='ocrx_word' id='word_1_25' title='bbox 940 645 1046 680; x_wconf 88' lang='lat' dir='ltr'>Rabi-</span> 
     </span>
     <span class='ocr_line' id='line_1_8' title="bbox 374 693 1046 739; baseline 0.003 -13"><span class='ocrx_word' id='word_1_26' title='bbox 374 694 434 733; x_wconf 87' lang='lat' dir='ltr'><em>rio,</em></span> <span class='ocrx_word' id='word_1_27' title='bbox 461 701 530 738; x_wconf 83' lang='lat' dir='ltr'>cap.</span> <span class='ocrx_word' id='word_1_28' title='bbox 563 704 597 739; x_wconf 92' lang='lat'>7.</span> <span class='ocrx_word' id='word_1_29' title='bbox 624 694 658 727; x_wconf 89' lang='lat' dir='ltr'>in</span> <span class='ocrx_word' id='word_1_30' title='bbox 683 694 796 735; x_wconf 86' lang='lat' dir='ltr'>Bruto,</span> <span class='ocrx_word' id='word_1_31' title='bbox 822 703 891 739; x_wconf 88' lang='lat' dir='ltr'>cap.</span> <span class='ocrx_word' id='word_1_32' title='bbox 925 693 981 728; x_wconf 88' lang='lat'>62.</span> <span class='ocrx_word' id='word_1_33' title='bbox 1012 696 1046 728; x_wconf 77' lang='lat' dir='ltr'>in</span> 
     </span>
     <span class='ocr_line' id='line_1_9' title="bbox 374 740 1044 788; baseline 0.003 -13"><span class='ocrx_word' id='word_1_34' title='bbox 374 740 550 775; x_wconf 81' lang='lat' dir='ltr'><em>Catilinam</em></span> <span class='ocrx_word' id='word_1_35' title='bbox 567 742 595 777; x_wconf 90' lang='lat'>1.</span> <span class='ocrx_word' id='word_1_36' title='bbox 623 750 693 788; x_wconf 88' lang='lat' dir='ltr'>cap.</span> <span class='ocrx_word' id='word_1_37' title='bbox 714 752 747 776; x_wconf 84' lang='lat'>2.</span> <span class='ocrx_word' id='word_1_38' title='bbox 776 749 807 776; x_wconf 88' lang='lat' dir='ltr'>et</span> <span class='ocrx_word' id='word_1_39' title='bbox 824 743 858 776; x_wconf 90' lang='lat' dir='ltr'>in</span> <span class='ocrx_word' id='word_1_40' title='bbox 875 742 1044 777; x_wconf 81' lang='lat' dir='ltr'>Antonium</span> 
     </span>
     <span class='ocr_line' id='line_1_10' title="bbox 374 788 1042 838; baseline 0.003 -15"><span class='ocrx_word' id='word_1_41' title='bbox 374 788 474 824; x_wconf 90' lang='lat' dir='ltr'>VIII.</span> <span class='ocrx_word' id='word_1_42' title='bbox 503 799 570 835; x_wconf 90' lang='lat' dir='ltr'>cap.</span> <span class='ocrx_word' id='word_1_43' title='bbox 591 800 624 834; x_wconf 86' lang='lat'>5.</span> <span class='ocrx_word' id='word_1_44' title='bbox 678 789 822 838; x_wconf 82' lang='lat' dir='ltr'>Qibus</span> <span class='ocrx_word' id='word_1_45' title='bbox 851 790 893 825; x_wconf 87' lang='lat' dir='ltr'>L.</span> <span class='ocrx_word' id='word_1_46' title='bbox 914 791 1042 838; x_wconf 89' lang='lat' dir='ltr'>Appu-</span> 
     </span>
     <span class='ocr_line' id='line_1_11' title="bbox 374 837 1042 875; baseline 0.006 -4"><span class='ocrx_word' id='word_1_47' title='bbox 374 837 460 872; x_wconf 88' lang='lat' dir='ltr'>leius</span> <span class='ocrx_word' id='word_1_48' title='bbox 477 838 681 873; x_wconf 84' lang='lat' dir='ltr'>Saturninus</span> <span class='ocrx_word' id='word_1_49' title='bbox 699 839 896 874; x_wconf 84' lang='lat' dir='ltr'>seditionem</span> <span class='ocrx_word' id='word_1_50' title='bbox 920 839 1042 875; x_wconf 86' lang='lat' dir='ltr'>movit.</span> 
     </span>
     <span class='ocr_line' id='line_1_12' title="bbox 374 885 1025 934; baseline 0.005 -15"><span class='ocrx_word' id='word_1_51' title='bbox 374 885 406 920; x_wconf 92' lang='lat' dir='ltr'>Is</span> <span class='ocrx_word' id='word_1_52' title='bbox 424 886 528 929; x_wconf 86' lang='lat' dir='ltr'>enim,</span> <span class='ocrx_word' id='word_1_53' title='bbox 556 898 636 921; x_wconf 87' lang='lat' dir='ltr'>cum</span> <span class='ocrx_word' id='word_1_54' title='bbox 655 899 744 922; x_wconf 92' lang='lat' dir='ltr'>anno</span> <span class='ocrx_word' id='word_1_55' title='bbox 771 887 942 934; x_wconf 81' lang='lat' dir='ltr'>superiore</span> <span class='ocrx_word' id='word_1_56' title='bbox 960 888 1025 922; x_wconf 84' lang='lat' dir='ltr'>Tri</span> 
     </span>
     <span class='ocr_line' id='line_1_13' title="bbox 375 934 1042 982; baseline 0.003 -14"><span class='ocrx_word' id='word_1_57' title='bbox 375 934 525 970; x_wconf 85' lang='lat' dir='ltr'>bunatus</span> <span class='ocrx_word' id='word_1_58' title='bbox 543 935 803 982; x_wconf 86' lang='lat' dir='ltr'>competitorem</span> <span class='ocrx_word' id='word_1_59' title='bbox 823 937 868 971; x_wconf 88' lang='lat' dir='ltr'>A.</span> <span class='ocrx_word' id='word_1_60' title='bbox 883 935 1042 971; x_wconf 87' lang='lat' dir='ltr'>Nonium</span> 
     </span>
     <span class='ocr_line' id='line_1_14' title="bbox 374 983 1040 1031; baseline 0.003 -14"><span class='ocrx_word' id='word_1_61' title='bbox 374 983 434 1028; x_wconf 91' lang='lat' dir='ltr'>(de</span> <span class='ocrx_word' id='word_1_62' title='bbox 463 996 536 1031; x_wconf 88' lang='lat' dir='ltr'>quo</span> <span class='ocrx_word' id='word_1_63' title='bbox 565 984 704 1019; x_wconf 87' lang='lat' dir='ltr'>nomine</span> <span class='ocrx_word' id='word_1_64' title='bbox 729 984 809 1019; x_wconf 87' lang='lat' dir='ltr'>vide</span> <span class='ocrx_word' id='word_1_65' title='bbox 832 985 1040 1020; x_wconf 84' lang='lat' dir='ltr'>Annotatio-</span> 
     </span>
     <span class='ocr_line' id='line_1_15' title="bbox 373 1032 1042 1078; baseline 0.004 -13"><span class='ocrx_word' id='word_1_66' title='bbox 373 1043 430 1066; x_wconf 86' lang='lat' dir='ltr'>nes</span> <span class='ocrx_word' id='word_1_67' title='bbox 449 1032 576 1067; x_wconf 88' lang='lat' dir='ltr'>nostras</span> <span class='ocrx_word' id='word_1_68' title='bbox 594 1032 629 1068; x_wconf 90' lang='lat' dir='ltr'>in</span> <span class='ocrx_word' id='word_1_69' title='bbox 647 1041 714 1078; x_wconf 86' lang='lat' dir='ltr'>cap.</span> <span class='ocrx_word' id='word_1_70' title='bbox 740 1045 793 1078; x_wconf 91' lang='lat'>17·</span> <span class='ocrx_word' id='word_1_71' title='bbox 813 1033 863 1068; x_wconf 86' lang='lat' dir='ltr'>lib.</span> <span class='ocrx_word' id='word_1_72' title='bbox 879 1034 922 1068; x_wconf 88' lang='lat' dir='ltr'>V.</span> <span class='ocrx_word' id='word_1_73' title='bbox 950 1035 1042 1068; x_wconf 91' lang='lat' dir='ltr'>Oro-</span> 
     </span>
     <span class='ocr_line' id='line_1_16' title="bbox 374 1079 1040 1128; baseline 0.003 -14"><span class='ocrx_word' id='word_1_74' title='bbox 374 1080 427 1122; x_wconf 81' lang='lat' dir='ltr'>sii)</span> <span class='ocrx_word' id='word_1_75' title='bbox 447 1079 631 1128; x_wconf 80' lang='lat' dir='ltr'>adjuvante</span> <span class='ocrx_word' id='word_1_76' title='bbox 649 1082 690 1116; x_wconf 92' lang='lat' dir='ltr'>C.</span> <span class='ocrx_word' id='word_1_77' title='bbox 710 1081 829 1116; x_wconf 86' lang='lat' dir='ltr'>Mario</span> <span class='ocrx_word' id='word_1_78' title='bbox 854 1081 1040 1125; x_wconf 77' lang='lat' dir='ltr'>occidisset,</span> 
     </span>
     <span class='ocr_line' id='line_1_17' title="bbox 370 1130 1040 1177; baseline 0.004 -15"><span class='ocrx_word' id='word_1_79' title='bbox 370 1140 480 1176; x_wconf 85' lang='lat' dir='ltr'>eaque</span> <span class='ocrx_word' id='word_1_80' title='bbox 497 1130 626 1165; x_wconf 89' lang='lat' dir='ltr'>ratione</span> <span class='ocrx_word' id='word_1_81' title='bbox 643 1130 827 1165; x_wconf 80' lang='lat' dir='ltr'>Tribunus</span> <span class='ocrx_word' id='word_1_82' title='bbox 854 1130 946 1177; x_wconf 85' lang='lat' dir='ltr'>pleb.</span> <span class='ocrx_word' id='word_1_83' title='bbox 980 1130 1040 1165; x_wconf 86' lang='lat' dir='ltr'>ite-</span> 
     </span>
     <span class='ocr_line' id='line_1_18' title="bbox 373 1178 1042 1226; baseline 0.004 -15"><span class='ocrx_word' id='word_1_84' title='bbox 373 1190 450 1212; x_wconf 87' lang='lat' dir='ltr'>rum</span> <span class='ocrx_word' id='word_1_85' title='bbox 474 1178 598 1221; x_wconf 50' lang='lat' dir='ltr'>fabius,</span> <span class='ocrx_word' id='word_1_86' title='bbox 626 1179 734 1226; x_wconf 84' lang='lat' dir='ltr'>legem</span> <span class='ocrx_word' id='word_1_87' title='bbox 767 1179 950 1226; x_wconf 86' lang='lat' dir='ltr'>Agrariarn</span> <span class='ocrx_word' id='word_1_88' title='bbox 980 1191 1042 1226; x_wconf 85' lang='lat' dir='ltr'>per</span> 
     </span>
     <span class='ocr_line' id='line_1_19' title="bbox 371 1227 1040 1274; baseline 0.003 -14"><span class='ocrx_word' id='word_1_89' title='bbox 371 1227 444 1260; x_wconf 80' lang='lat' dir='ltr'>vim</span> <span class='ocrx_word' id='word_1_90' title='bbox 473 1227 611 1268; x_wconf 74' lang='lat' dir='ltr'>tulisset,</span> <span class='ocrx_word' id='word_1_91' title='bbox 651 1228 684 1261; x_wconf 92' lang='lat' dir='ltr'>in</span> <span class='ocrx_word' id='word_1_92' title='bbox 711 1239 818 1274; x_wconf 88' lang='lat' dir='ltr'>quam</span> <span class='ocrx_word' id='word_1_93' title='bbox 850 1239 868 1261; x_wconf 92' lang='lat' dir='ltr'>a</span> <span class='ocrx_word' id='word_1_94' title='bbox 898 1228 1040 1274; x_wconf 79' lang='lat' dir='ltr'>singulis</span> 
     </span>
     <span class='ocr_line' id='line_1_20' title="bbox 339 1274 1039 1322; baseline 0.003 -14"><span class='ocrx_word' id='word_1_95' title='bbox 339 1320 343 1321; x_wconf 38' lang='lat'>.</span> <span class='ocrx_word' id='word_1_96' title='bbox 371 1274 582 1310; x_wconf 84' lang='lat' dir='ltr'>senatoribus</span> <span class='ocrx_word' id='word_1_97' title='bbox 598 1274 707 1321; x_wconf 87' lang='lat' dir='ltr'>jurari</span> <span class='ocrx_word' id='word_1_98' title='bbox 734 1275 861 1318; x_wconf 88' lang='lat' dir='ltr'>voluit,</span> <span class='ocrx_word' id='word_1_99' title='bbox 887 1277 942 1322; x_wconf 93' lang='lat' dir='ltr'>Q</span> <span class='ocrx_word' id='word_1_100' title='bbox 958 1277 1039 1310; x_wconf 89' lang='lat' dir='ltr'>Me-</span> 
     </span>
    </p>

    <p class='ocr_par' dir='ltr' id='par_1_5' title="bbox 364 1323 1038 2479">
     <span class='ocr_line' id='line_1_21' title="bbox 370 1323 1038 1370; baseline 0.003 -13"><span class='ocrx_word' id='word_1_101' title='bbox 370 1323 454 1358; x_wconf 87' lang='lat' dir='ltr'>tello</span> <span class='ocrx_word' id='word_1_102' title='bbox 478 1324 684 1366; x_wconf 87' lang='lat' dir='ltr'>Numidico,</span> <span class='ocrx_word' id='word_1_103' title='bbox 710 1323 772 1370; x_wconf 90' lang='lat' dir='ltr'>qui</span> <span class='ocrx_word' id='word_1_104' title='bbox 803 1336 893 1359; x_wconf 88' lang='lat' dir='ltr'>unus</span> <span class='ocrx_word' id='word_1_105' title='bbox 912 1325 946 1359; x_wconf 90' lang='lat' dir='ltr'>in</span> <span class='ocrx_word' id='word_1_106' title='bbox 963 1336 1038 1359; x_wconf 87' lang='lat' dir='ltr'>eam</span> 
     </span>
     <span class='ocr_line' id='line_1_22' title="bbox 364 1369 1037 1418; baseline 0.001 -12"><span class='ocrx_word' id='word_1_107' title='bbox 364 1369 480 1418; x_wconf 84' lang='lat' dir='ltr'>jurare</span> <span class='ocrx_word' id='word_1_108' title='bbox 497 1372 622 1414; x_wconf 88' lang='lat' dir='ltr'>noluit,</span> <span class='ocrx_word' id='word_1_109' title='bbox 648 1372 740 1407; x_wconf 88' lang='lat' dir='ltr'>diem</span> <span class='ocrx_word' id='word_1_110' title='bbox 758 1372 857 1407; x_wconf 84' lang='lat' dir='ltr'>dixit.</span> <span class='ocrx_word' id='word_1_111' title='bbox 911 1373 1037 1407; x_wconf 86' lang='lat' dir='ltr'>Metel-</span> 
     </span>
     <span class='ocr_line' id='line_1_23' title="bbox 369 1420 1036 1469; baseline 0.001 -14"><span class='ocrx_word' id='word_1_112' title='bbox 369 1420 425 1455; x_wconf 87' lang='lat' dir='ltr'>lus</span> <span class='ocrx_word' id='word_1_113' title='bbox 454 1430 581 1464; x_wconf 89' lang='lat' dir='ltr'>autem‚</span> <span class='ocrx_word' id='word_1_114' title='bbox 607 1420 664 1456; x_wconf 89' lang='lat' dir='ltr'>cui</span> <span class='ocrx_word' id='word_1_115' title='bbox 690 1421 813 1469; x_wconf 87' lang='lat' dir='ltr'>patriae</span> <span class='ocrx_word' id='word_1_116' title='bbox 843 1421 931 1456; x_wconf 87' lang='lat' dir='ltr'>salus</span> <span class='ocrx_word' id='word_1_117' title='bbox 957 1421 1036 1456; x_wconf 87' lang='lat' dir='ltr'>dul-</span> 
     </span>
     <span class='ocr_line' id='line_1_24' title="bbox 369 1469 1037 1517; baseline 0.001 -14"><span class='ocrx_word' id='word_1_118' title='bbox 369 1469 441 1504; x_wconf 89' lang='lat' dir='ltr'>cior</span> <span class='ocrx_word' id='word_1_119' title='bbox 457 1481 564 1517; x_wconf 87' lang='lat' dir='ltr'>quam</span> <span class='ocrx_word' id='word_1_120' title='bbox 589 1469 791 1517; x_wconf 55' lang='lat' dir='ltr'>conspeetus</span> <span class='ocrx_word' id='word_1_121' title='bbox 819 1479 902 1512; x_wconf 86' lang='lat' dir='ltr'>erat,</span> <span class='ocrx_word' id='word_1_122' title='bbox 929 1470 972 1504; x_wconf 89' lang='lat' dir='ltr'>de</span> <span class='ocrx_word' id='word_1_123' title='bbox 989 1469 1037 1505; x_wconf 87' lang='lat' dir='ltr'>ci-</span> 
     </span>
     <span class='ocr_line' id='line_1_25' title="bbox 371 1518 1037 1566; baseline 0.002 -14"><span class='ocrx_word' id='word_1_124' title='bbox 371 1518 477 1553; x_wconf 88' lang='lat' dir='ltr'>vitate</span> <span class='ocrx_word' id='word_1_125' title='bbox 508 1518 632 1554; x_wconf 84' lang='lat' dir='ltr'>maluit</span> <span class='ocrx_word' id='word_1_126' title='bbox 662 1531 770 1566; x_wconf 88' lang='lat' dir='ltr'>quarn</span> <span class='ocrx_word' id='word_1_127' title='bbox 799 1519 842 1553; x_wconf 86' lang='lat' dir='ltr'>de</span> <span class='ocrx_word' id='word_1_128' title='bbox 875 1519 1037 1554; x_wconf 88' lang='lat' dir='ltr'>sententia</span> 
     </span>
     <span class='ocr_line' id='line_1_26' title="bbox 369 1567 1035 1602; baseline 0.002 -1"><span class='ocrx_word' id='word_1_129' title='bbox 369 1567 560 1602; x_wconf 84' lang='lat' dir='ltr'>dimoveri:</span> <span class='ocrx_word' id='word_1_130' title='bbox 600 1577 634 1601; x_wconf 86' lang='lat' dir='ltr'>et</span> <span class='ocrx_word' id='word_1_131' title='bbox 671 1568 712 1602; x_wconf 89' lang='lat' dir='ltr'>C.</span> <span class='ocrx_word' id='word_1_132' title='bbox 747 1567 864 1602; x_wconf 83' lang='lat' dir='ltr'>Mario</span> <span class='ocrx_word' id='word_1_133' title='bbox 903 1567 1035 1602; x_wconf 86' lang='lat' dir='ltr'>sextum</span> 
     </span>
     <span class='ocr_line' id='line_1_27' title="bbox 369 1614 1035 1664; baseline 0.003 -15"><span class='ocrx_word' id='word_1_134' title='bbox 369 1615 513 1658; x_wconf 89' lang='lat' dir='ltr'>consuli,</span> <span class='ocrx_word' id='word_1_135' title='bbox 530 1625 563 1651; x_wconf 91' lang='lat' dir='ltr'>et</span> <span class='ocrx_word' id='word_1_136' title='bbox 579 1614 652 1663; x_wconf 85' lang='lat' dir='ltr'>ejus</span> <span class='ocrx_word' id='word_1_137' title='bbox 673 1616 808 1651; x_wconf 52' lang='lat' dir='ltr'>invictis</span> <span class='ocrx_word' id='word_1_138' title='bbox 826 1615 1035 1664; x_wconf 85' lang='lat' dir='ltr'>legionibus,</span> 
     </span>
     <span class='ocr_line' id='line_1_28' title="bbox 369 1664 1036 1712; baseline 0.001 -14"><span class='ocrx_word' id='word_1_139' title='bbox 369 1676 411 1698; x_wconf 85' lang='lat' dir='ltr'>ne</span> <span class='ocrx_word' id='word_1_140' title='bbox 445 1664 546 1700; x_wconf 87' lang='lat' dir='ltr'>armis</span> <span class='ocrx_word' id='word_1_141' title='bbox 585 1665 796 1712; x_wconf 84' lang='lat' dir='ltr'>confligeret,</span> <span class='ocrx_word' id='word_1_142' title='bbox 844 1665 1036 1700; x_wconf 86' lang='lat' dir='ltr'>cedendum</span> 
     </span>
     <span class='ocr_line' id='line_1_29' title="bbox 367 1713 1034 1760; baseline 0.003 -13"><span class='ocrx_word' id='word_1_143' title='bbox 367 1713 431 1748; x_wconf 81' lang='lat' dir='ltr'>effe</span> <span class='ocrx_word' id='word_1_144' title='bbox 448 1713 559 1748; x_wconf 84' lang='lat' dir='ltr'>duxit.</span> <span class='ocrx_word' id='word_1_145' title='bbox 612 1715 720 1749; x_wconf 87' lang='lat' dir='ltr'>Cicero</span> <span class='ocrx_word' id='word_1_146' title='bbox 741 1724 803 1760; x_wconf 85' lang='lat' dir='ltr'>pro</span> <span class='ocrx_word' id='word_1_147' title='bbox 828 1714 940 1755; x_wconf 81' lang='lat' dir='ltr'>Balbo,</span> <span class='ocrx_word' id='word_1_148' title='bbox 967 1724 1034 1759; x_wconf 82' lang='lat' dir='ltr'>cap.</span> 
     </span>
     <span class='ocr_line' id='line_1_30' title="bbox 368 1763 1034 1808; baseline 0.002 -13"><span class='ocrx_word' id='word_1_149' title='bbox 368 1775 400 1808; x_wconf 88' lang='lat'>5.</span> <span class='ocrx_word' id='word_1_150' title='bbox 414 1771 476 1808; x_wconf 92' lang='lat' dir='ltr'>pro</span> <span class='ocrx_word' id='word_1_151' title='bbox 507 1763 622 1806; x_wconf 81' lang='lat' dir='ltr'>Sextio,</span> <span class='ocrx_word' id='word_1_152' title='bbox 649 1772 718 1808; x_wconf 84' lang='lat' dir='ltr'>cap.</span> <span class='ocrx_word' id='word_1_153' title='bbox 745 1763 798 1797; x_wconf 86' lang='lat'>16.</span> <span class='ocrx_word' id='word_1_154' title='bbox 830 1771 859 1797; x_wconf 86' lang='lat' dir='ltr'>et</span> <span class='ocrx_word' id='word_1_155' title='bbox 883 1765 916 1797; x_wconf 86' lang='lat' dir='ltr'>in</span> <span class='ocrx_word' id='word_1_156' title='bbox 946 1763 1034 1808; x_wconf 88' lang='lat' dir='ltr'>Piso-</span> 
     </span>
     <span class='ocr_line' id='line_1_31' title="bbox 366 1811 1033 1857; baseline 0.001 -13"><span class='ocrx_word' id='word_1_157' title='bbox 366 1822 444 1853; x_wconf 87' lang='lat' dir='ltr'>nem,</span> <span class='ocrx_word' id='word_1_158' title='bbox 470 1821 538 1856; x_wconf 85' lang='lat' dir='ltr'>cap.</span> <span class='ocrx_word' id='word_1_159' title='bbox 571 1825 604 1857; x_wconf 92' lang='lat'>9.</span> <span class='ocrx_word' id='word_1_160' title='bbox 657 1811 725 1846; x_wconf 88' lang='lat' dir='ltr'>Sed</span> <span class='ocrx_word' id='word_1_161' title='bbox 748 1823 829 1846; x_wconf 88' lang='lat' dir='ltr'>curu</span> <span class='ocrx_word' id='word_1_162' title='bbox 861 1811 950 1845; x_wconf 81' lang='lat' dir='ltr'>idem</span> <span class='ocrx_word' id='word_1_163' title='bbox 975 1813 1033 1846; x_wconf 87' lang='lat' dir='ltr'>Sa-</span> 
     </span>
     <span class='ocr_line' id='line_1_32' title="bbox 366 1859 1033 1895; baseline 0 -1"><span class='ocrx_word' id='word_1_164' title='bbox 366 1860 524 1895; x_wconf 86' lang='lat' dir='ltr'>turninus</span> <span class='ocrx_word' id='word_1_165' title='bbox 554 1861 594 1895; x_wconf 94' lang='lat' dir='ltr'>C.</span> <span class='ocrx_word' id='word_1_166' title='bbox 625 1859 837 1894; x_wconf 86' lang='lat' dir='ltr'>Memmium</span> <span class='ocrx_word' id='word_1_167' title='bbox 872 1860 1033 1894; x_wconf 83' lang='lat' dir='ltr'>candida-</span> 
     </span>
     <span class='ocr_line' id='line_1_33' title="bbox 366 1907 1031 1954; baseline 0 -12"><span class='ocrx_word' id='word_1_168' title='bbox 366 1918 443 1943; x_wconf 89' lang='lat' dir='ltr'>tum</span> <span class='ocrx_word' id='word_1_169' title='bbox 471 1908 669 1944; x_wconf 89' lang='lat' dir='ltr'>consulatus</span> <span class='ocrx_word' id='word_1_170' title='bbox 697 1907 924 1949; x_wconf 84' lang='lat' dir='ltr'>interfecisset,</span> <span class='ocrx_word' id='word_1_171' title='bbox 950 1921 1031 1954; x_wconf 87' lang='lat' dir='ltr'>ope-</span> 
     </span>
     <span class='ocr_line' id='line_1_34' title="bbox 366 1957 1031 2005; baseline 0 -13"><span class='ocrx_word' id='word_1_172' title='bbox 366 1969 509 2005; x_wconf 88' lang='lat' dir='ltr'>ramque</span> <span class='ocrx_word' id='word_1_173' title='bbox 544 1957 663 1999; x_wconf 88' lang='lat' dir='ltr'>daret,</span> <span class='ocrx_word' id='word_1_174' title='bbox 703 1968 741 1992; x_wconf 85' lang='lat' dir='ltr'>ut</span> <span class='ocrx_word' id='word_1_175' title='bbox 780 1958 821 1991; x_wconf 90' lang='lat' dir='ltr'>C.</span> <span class='ocrx_word' id='word_1_176' title='bbox 867 1957 1031 1992; x_wconf 87' lang='lat' dir='ltr'>Servilius</span> 
     </span>
     <span class='ocr_line' id='line_1_35' title="bbox 365 2005 1030 2054; baseline 0 -14"><span class='ocrx_word' id='word_1_177' title='bbox 365 2006 513 2040; x_wconf 87' lang='lat' dir='ltr'>Glaucia</span> <span class='ocrx_word' id='word_1_178' title='bbox 537 2016 678 2054; x_wconf 86' lang='lat' dir='ltr'>praetor,</span> <span class='ocrx_word' id='word_1_179' title='bbox 705 2005 822 2040; x_wconf 89' lang='lat' dir='ltr'>consul</span> <span class='ocrx_word' id='word_1_180' title='bbox 850 2005 966 2040; x_wconf 88' lang='lat' dir='ltr'>fieret:</span> <span class='ocrx_word' id='word_1_181' title='bbox 995 2006 1030 2040; x_wconf 92' lang='lat' dir='ltr'>S.</span> 
     </span>
     <span class='ocr_line' id='line_1_36' title="bbox 366 2054 1032 2096; baseline 0 -7"><span class='ocrx_word' id='word_1_182' title='bbox 366 2055 408 2089; x_wconf 92' lang='lat' dir='ltr'>C.</span> <span class='ocrx_word' id='word_1_183' title='bbox 439 2054 572 2090; x_wconf 66' lang='lat' dir='ltr'>faEtum</span> <span class='ocrx_word' id='word_1_184' title='bbox 599 2055 657 2096; x_wconf 84' lang='lat' dir='ltr'>est,</span> <span class='ocrx_word' id='word_1_185' title='bbox 685 2065 726 2089; x_wconf 90' lang='lat' dir='ltr'>ut</span> <span class='ocrx_word' id='word_1_186' title='bbox 754 2054 908 2089; x_wconf 89' lang='lat' dir='ltr'>consules</span> <span class='ocrx_word' id='word_1_187' title='bbox 937 2054 1032 2089; x_wconf 90' lang='lat' dir='ltr'>vide-</span> 
     </span>
     <span class='ocr_line' id='line_1_37' title="bbox 366 2102 1029 2151; baseline 0 -14"><span class='ocrx_word' id='word_1_188' title='bbox 366 2112 452 2146; x_wconf 87' lang='lat' dir='ltr'>rent,</span> <span class='ocrx_word' id='word_1_189' title='bbox 478 2114 519 2137; x_wconf 89' lang='lat' dir='ltr'>ne</span> <span class='ocrx_word' id='word_1_190' title='bbox 536 2102 622 2150; x_wconf 88' lang='lat' dir='ltr'>quid</span> <span class='ocrx_word' id='word_1_191' title='bbox 640 2103 831 2151; x_wconf 88' lang='lat' dir='ltr'>respublica</span> <span class='ocrx_word' id='word_1_192' title='bbox 847 2103 1029 2138; x_wconf 88' lang='lat' dir='ltr'>detrimen-</span> 
     </span>
     <span class='ocr_line' id='line_1_38' title="bbox 367 2151 1034 2199; baseline 0.001 -14"><span class='ocrx_word' id='word_1_193' title='bbox 367 2151 392 2185; x_wconf 92' lang='lat' dir='ltr'>ti</span> <span class='ocrx_word' id='word_1_194' title='bbox 417 2162 561 2199; x_wconf 86' lang='lat' dir='ltr'>caperet.</span> <span class='ocrx_word' id='word_1_195' title='bbox 613 2152 736 2199; x_wconf 87' lang='lat' dir='ltr'>Itaque</span> <span class='ocrx_word' id='word_1_196' title='bbox 765 2152 970 2187; x_wconf 86' lang='lat' dir='ltr'>Saturninus</span> <span class='ocrx_word' id='word_1_197' title='bbox 999 2162 1034 2186; x_wconf 88' lang='lat' dir='ltr'>et</span> 
     </span>
     <span class='ocr_line' id='line_1_39' title="bbox 367 2199 1032 2236; baseline 0 -2"><span class='ocrx_word' id='word_1_198' title='bbox 367 2200 515 2235; x_wconf 86' lang='lat' dir='ltr'>Glaucia</span> <span class='ocrx_word' id='word_1_199' title='bbox 530 2200 642 2235; x_wconf 88' lang='lat' dir='ltr'>statim</span> <span class='ocrx_word' id='word_1_200' title='bbox 660 2201 737 2236; x_wconf 90' lang='lat' dir='ltr'>sunt</span> <span class='ocrx_word' id='word_1_201' title='bbox 754 2199 932 2235; x_wconf 65' lang='lat' dir='ltr'>interfefti.</span> <span class='ocrx_word' id='word_1_202' title='bbox 979 2202 1032 2236; x_wconf 88' lang='lat' dir='ltr'>Ci-</span> 
     </span>
     <span class='ocr_line' id='line_1_40' title="bbox 365 2249 1034 2296; baseline 0.003 -14"><span class='ocrx_word' id='word_1_203' title='bbox 365 2260 431 2283; x_wconf 87' lang='lat' dir='ltr'>cero</span> <span class='ocrx_word' id='word_1_204' title='bbox 444 2258 504 2294; x_wconf 86' lang='lat' dir='ltr'>pro</span> <span class='ocrx_word' id='word_1_205' title='bbox 522 2249 668 2290; x_wconf 82' lang='lat' dir='ltr'>Rabirio,</span> <span class='ocrx_word' id='word_1_206' title='bbox 695 2259 761 2295; x_wconf 86' lang='lat' dir='ltr'>cap.</span> <span class='ocrx_word' id='word_1_207' title='bbox 783 2262 814 2296; x_wconf 90' lang='lat'>7.</span> <span class='ocrx_word' id='word_1_208' title='bbox 832 2251 866 2283; x_wconf 89' lang='lat' dir='ltr'>in</span> <span class='ocrx_word' id='word_1_209' title='bbox 883 2249 980 2283; x_wconf 88' lang='lat' dir='ltr'>Catil.</span> <span class='ocrx_word' id='word_1_210' title='bbox 1008 2250 1034 2284; x_wconf 92' lang='lat'>1.</span> 
     </span>
     <span class='ocr_line' id='line_1_41' title="bbox 365 2296 1037 2343; baseline 0 -12"><span class='ocrx_word' id='word_1_211' title='bbox 365 2306 435 2342; x_wconf 86' lang='lat' dir='ltr'>cap.</span> <span class='ocrx_word' id='word_1_212' title='bbox 456 2307 489 2331; x_wconf 92' lang='lat'>2.</span> <span class='ocrx_word' id='word_1_213' title='bbox 534 2296 658 2343; x_wconf 85' lang='lat' dir='ltr'>Philip.</span> <span class='ocrx_word' id='word_1_214' title='bbox 677 2298 777 2333; x_wconf 90' lang='lat' dir='ltr'>V111.</span> <span class='ocrx_word' id='word_1_215' title='bbox 804 2307 875 2343; x_wconf 87' lang='lat' dir='ltr'>cap.</span> <span class='ocrx_word' id='word_1_216' title='bbox 896 2309 929 2342; x_wconf 87' lang='lat'>5.</span> <span class='ocrx_word' id='word_1_217' title='bbox 949 2305 979 2332; x_wconf 83' lang='lat' dir='ltr'>et</span> <span class='ocrx_word' id='word_1_218' title='bbox 1003 2301 1037 2332; x_wconf 90' lang='lat' dir='ltr'>in</span> 
     </span>
     <span class='ocr_line' id='line_1_42' title="bbox 365 2345 1038 2394; baseline 0.001 -14"><span class='ocrx_word' id='word_1_219' title='bbox 365 2345 467 2380; x_wconf 87' lang='lat' dir='ltr'>Bruto</span> <span class='ocrx_word' id='word_1_220' title='bbox 503 2354 573 2390; x_wconf 90' lang='lat' dir='ltr'>cap.</span> <span class='ocrx_word' id='word_1_221' title='bbox 615 2347 673 2380; x_wconf 86' lang='lat'>62.</span> <span class='ocrx_word' id='word_1_222' title='bbox 725 2346 900 2381; x_wconf 88' lang='lat' dir='ltr'>Saturnini</span> <span class='ocrx_word' id='word_1_223' title='bbox 932 2357 1038 2394; x_wconf 90' lang='lat' dir='ltr'>caput</span> 
     </span>
     <span class='ocr_line' id='line_1_43' title="bbox 366 2393 1034 2442; baseline 0.001 -14"><span class='ocrx_word' id='word_1_224' title='bbox 366 2393 550 2429; x_wconf 85' lang='lat' dir='ltr'>Rabirium</span> <span class='ocrx_word' id='word_1_225' title='bbox 569 2394 742 2440; x_wconf 87' lang='lat' dir='ltr'>quendam</span> <span class='ocrx_word' id='word_1_226' title='bbox 757 2395 954 2429; x_wconf 86' lang='lat' dir='ltr'>Senatorem</span> <span class='ocrx_word' id='word_1_227' title='bbox 973 2407 1034 2442; x_wconf 89' lang='lat' dir='ltr'>per</span> 
     </span>
     <span class='ocr_line' id='line_1_44' title="bbox 365 2442 1035 2479; baseline 0.001 -2"><span class='ocrx_word' id='word_1_228' title='bbox 365 2442 528 2479; x_wconf 84' lang='lat' dir='ltr'>convivia</span> <span class='ocrx_word' id='word_1_229' title='bbox 555 2443 799 2478; x_wconf 84' lang='lat' dir='ltr'>circumtuliffe</span> <span class='ocrx_word' id='word_1_230' title='bbox 825 2443 964 2478; x_wconf 63' lang='lat' dir='ltr'>Auctor</span> <span class='ocrx_word' id='word_1_231' title='bbox 992 2444 1035 2478; x_wconf 90' lang='lat' dir='ltr'>de</span> 
     </span>
    </p>
   </div>
   <div class='ocr_carea' id='block_1_5' title="bbox 1088 210 1768 270">
    <p class='ocr_par' dir='ltr' id='par_1_6' title="bbox 1088 210 1768 270">
     <span class='ocr_line' id='line_1_45' title="bbox 1088 210 1768 270; baseline 0.012 -22"><span class='ocrx_word' id='word_1_232' title='bbox 1088 210 1383 253; x_wconf 91' lang='lat' dir='ltr'>ORIA.</span> <span class='ocrx_word' id='word_1_233' title='bbox 1692 228 1768 270; x_wconf 83' lang='lat'>243</span> 
     </span>
    </p>
   </div>
   <div class='ocr_carea' id='block_1_6' title="bbox 1087 304 1768 886">
    <p class='ocr_par' dir='ltr' id='par_1_7' title="bbox 1087 304 1768 886">
     <span class='ocr_line' id='line_1_46' title="bbox 1098 304 1768 355; baseline 0.01 -18"><span class='ocrx_word' id='word_1_234' title='bbox 1098 304 1191 340; x_wconf 88' lang='lat' dir='ltr'>Viris</span> <span class='ocrx_word' id='word_1_235' title='bbox 1231 305 1428 341; x_wconf 85' lang='lat' dir='ltr'>Illustribus</span> <span class='ocrx_word' id='word_1_236' title='bbox 1467 306 1594 344; x_wconf 88' lang='lat' dir='ltr'>scribit.</span> <span class='ocrx_word' id='word_1_237' title='bbox 1647 309 1768 355; x_wconf 80' lang='lat' dir='ltr'>Qare</span> 
     </span>
     <span class='ocr_line' id='line_1_47' title="bbox 1097 353 1766 400; baseline 0.007 -13"><span class='ocrx_word' id='word_1_238' title='bbox 1097 353 1214 400; x_wconf 85' lang='lat' dir='ltr'>postea</span> <span class='ocrx_word' id='word_1_239' title='bbox 1239 355 1404 390; x_wconf 86' lang='lat' dir='ltr'>Cicerone</span> <span class='ocrx_word' id='word_1_240' title='bbox 1429 355 1567 390; x_wconf 86' lang='lat' dir='ltr'>consule</span> <span class='ocrx_word' id='word_1_241' title='bbox 1595 357 1636 392; x_wconf 93' lang='lat' dir='ltr'>C.</span> <span class='ocrx_word' id='word_1_242' title='bbox 1657 358 1766 392; x_wconf 87' lang='lat' dir='ltr'>Rabi-</span> 
     </span>
     <span class='ocr_line' id='line_1_48' title="bbox 1096 401 1763 449; baseline 0.009 -14"><span class='ocrx_word' id='word_1_243' title='bbox 1096 401 1167 436; x_wconf 90' lang='lat' dir='ltr'>rius</span> <span class='ocrx_word' id='word_1_244' title='bbox 1186 403 1362 438; x_wconf 88' lang='lat' dir='ltr'>accusatus</span> <span class='ocrx_word' id='word_1_245' title='bbox 1389 403 1457 439; x_wconf 90' lang='lat' dir='ltr'>fuit</span> <span class='ocrx_word' id='word_1_246' title='bbox 1485 416 1504 439; x_wconf 91' lang='lat' dir='ltr'>a</span> <span class='ocrx_word' id='word_1_247' title='bbox 1526 405 1574 439; x_wconf 88' lang='lat' dir='ltr'>T.</span> <span class='ocrx_word' id='word_1_248' title='bbox 1593 405 1763 449; x_wconf 87' lang='lat' dir='ltr'>Labieno,</span> 
     </span>
     <span class='ocr_line' id='line_1_49' title="bbox 1095 448 1764 501; baseline 0.009 -17"><span class='ocrx_word' id='word_1_249' title='bbox 1095 448 1196 496; x_wconf 90' lang='lat' dir='ltr'>cujus</span> <span class='ocrx_word' id='word_1_250' title='bbox 1226 461 1370 498; x_wconf 84' lang='lat' dir='ltr'>patruus</span> <span class='ocrx_word' id='word_1_251' title='bbox 1399 454 1454 501; x_wconf 97' lang='lat' dir='ltr'>Q</span> <span class='ocrx_word' id='word_1_252' title='bbox 1476 452 1654 489; x_wconf 87' lang='lat' dir='ltr'>Labienus</span> <span class='ocrx_word' id='word_1_253' title='bbox 1682 466 1764 489; x_wconf 86' lang='lat' dir='ltr'>curn</span> 
     </span>
     <span class='ocr_line' id='line_1_50' title="bbox 1095 498 1764 538; baseline 0.009 -6"><span class='ocrx_word' id='word_1_254' title='bbox 1095 498 1281 534; x_wconf 87' lang='lat' dir='ltr'>Saturnino</span> <span class='ocrx_word' id='word_1_255' title='bbox 1314 500 1444 535; x_wconf 91' lang='lat' dir='ltr'>occisus</span> <span class='ocrx_word' id='word_1_256' title='bbox 1483 500 1606 538; x_wconf 88' lang='lat' dir='ltr'>fuerat.</span> <span class='ocrx_word' id='word_1_257' title='bbox 1657 503 1764 538; x_wconf 84' lang='lat' dir='ltr'>Cicero</span> 
     </span>
     <span class='ocr_line' id='line_1_51' title="bbox 1087 547 1756 598; baseline 0.009 -17"><span class='ocrx_word' id='word_1_258' title='bbox 1087 555 1149 592; x_wconf 88' lang='lat' dir='ltr'>pro</span> <span class='ocrx_word' id='word_1_259' title='bbox 1166 547 1313 583; x_wconf 90' lang='lat' dir='ltr'>Rabirio.</span> <span class='ocrx_word' id='word_1_260' title='bbox 1341 549 1464 591; x_wconf 81' lang='lat' dir='ltr'>Orosius</span> <span class='ocrx_word' id='word_1_261' title='bbox 1481 549 1534 585; x_wconf 89' lang='lat' dir='ltr'>lib.</span> <span class='ocrx_word' id='word_1_262' title='bbox 1548 550 1591 585; x_wconf 93' lang='lat' dir='ltr'>V.</span> <span class='ocrx_word' id='word_1_263' title='bbox 1615 561 1686 598; x_wconf 86' lang='lat' dir='ltr'>cap.</span> <span class='ocrx_word' id='word_1_264' title='bbox 1713 564 1756 598; x_wconf 81' lang='lat'>17</span> 
     </span>
     <span class='ocr_line' id='line_1_52' title="bbox 1096 596 1761 646; baseline 0.006 -16"><span class='ocrx_word' id='word_1_265' title='bbox 1096 596 1133 630; x_wconf 90' lang='lat' dir='ltr'><strong>A</strong></span> <span class='ocrx_word' id='word_1_266' title='bbox 1151 596 1338 632; x_wconf 89' lang='lat' dir='ltr'>Saturnino</span> <span class='ocrx_word' id='word_1_267' title='bbox 1364 597 1443 632; x_wconf 85' lang='lat' dir='ltr'>latae</span> <span class='ocrx_word' id='word_1_268' title='bbox 1467 597 1544 632; x_wconf 89' lang='lat' dir='ltr'>sunt</span> <span class='ocrx_word' id='word_1_269' title='bbox 1568 599 1656 644; x_wconf 84' lang='lat' dir='ltr'>leges</span> <span class='ocrx_word' id='word_1_270' title='bbox 1685 601 1761 646; x_wconf 88' lang='lat' dir='ltr'>Ap-</span> 
     </span>
     <span class='ocr_line' id='line_1_53' title="bbox 1095 645 1763 694; baseline 0.004 -15"><span class='ocrx_word' id='word_1_271' title='bbox 1095 645 1246 692; x_wconf 87' lang='lat' dir='ltr'>puleiae:</span> <span class='ocrx_word' id='word_1_272' title='bbox 1280 646 1313 680; x_wconf 92' lang='lat' dir='ltr'>in</span> <span class='ocrx_word' id='word_1_273' title='bbox 1341 646 1471 693; x_wconf 90' lang='lat' dir='ltr'>quibus</span> <span class='ocrx_word' id='word_1_274' title='bbox 1501 645 1570 681; x_wconf 89' lang='lat' dir='ltr'>fuit</span> <span class='ocrx_word' id='word_1_275' title='bbox 1597 647 1666 689; x_wconf 88' lang='lat' dir='ltr'>illa,</span> <span class='ocrx_word' id='word_1_276' title='bbox 1692 660 1763 694; x_wconf 85' lang='lat' dir='ltr'>qua</span> 
     </span>
     <span class='ocr_line' id='line_1_54' title="bbox 1095 693 1762 737; baseline 0.004 -9"><span class='ocrx_word' id='word_1_277' title='bbox 1095 693 1300 729; x_wconf 88' lang='lat' dir='ltr'>Saturninus</span> <span class='ocrx_word' id='word_1_278' title='bbox 1326 695 1368 729; x_wconf 90' lang='lat' dir='ltr'>C.</span> <span class='ocrx_word' id='word_1_279' title='bbox 1400 694 1518 729; x_wconf 88' lang='lat' dir='ltr'>Mario</span> <span class='ocrx_word' id='word_1_280' title='bbox 1539 695 1633 737; x_wconf 86' lang='lat' dir='ltr'>tulit,</span> <span class='ocrx_word' id='word_1_281' title='bbox 1659 704 1699 730; x_wconf 88' lang='lat' dir='ltr'>ut</span> <span class='ocrx_word' id='word_1_282' title='bbox 1727 697 1762 731; x_wconf 90' lang='lat' dir='ltr'>in</span> 
     </span>
     <span class='ocr_line' id='line_1_55' title="bbox 1094 742 1760 789; baseline 0.003 -12"><span class='ocrx_word' id='word_1_283' title='bbox 1094 742 1244 789; x_wconf 76' lang='lat' dir='ltr'>singulas</span> <span class='ocrx_word' id='word_1_284' title='bbox 1273 743 1425 778; x_wconf 90' lang='lat' dir='ltr'>colonias</span> <span class='ocrx_word' id='word_1_285' title='bbox 1448 753 1560 778; x_wconf 88' lang='lat' dir='ltr'>ternos</span> <span class='ocrx_word' id='word_1_286' title='bbox 1578 744 1670 778; x_wconf 83' lang='lat' dir='ltr'>cives</span> <span class='ocrx_word' id='word_1_287' title='bbox 1688 745 1760 779; x_wconf 93' lang='lat' dir='ltr'>Ro-</span> 
     </span>
     <span class='ocr_line' id='line_1_56' title="bbox 1093 790 1760 840; baseline 0.006 -16"><span class='ocrx_word' id='word_1_288' title='bbox 1093 802 1213 826; x_wconf 88' lang='lat' dir='ltr'>manos</span> <span class='ocrx_word' id='word_1_289' title='bbox 1231 790 1341 826; x_wconf 88' lang='lat' dir='ltr'>facere</span> <span class='ocrx_word' id='word_1_290' title='bbox 1357 792 1476 839; x_wconf 80' lang='lat' dir='ltr'>poffet,</span> <span class='ocrx_word' id='word_1_291' title='bbox 1490 792 1533 826; x_wconf 92' lang='lat' dir='ltr'>de</span> <span class='ocrx_word' id='word_1_292' title='bbox 1549 803 1620 840; x_wconf 90' lang='lat' dir='ltr'>qua</span> <span class='ocrx_word' id='word_1_293' title='bbox 1636 792 1760 828; x_wconf 89' lang='lat' dir='ltr'>Cicero</span> 
     </span>
     <span class='ocr_line' id='line_1_57' title="bbox 1089 839 1454 886; baseline 0.005 -13"><span class='ocrx_word' id='word_1_294' title='bbox 1089 848 1150 884; x_wconf 89' lang='lat' dir='ltr'>pro</span> <span class='ocrx_word' id='word_1_295' title='bbox 1167 839 1282 881; x_wconf 88' lang='lat' dir='ltr'>Balbo,</span> <span class='ocrx_word' id='word_1_296' title='bbox 1308 849 1374 886; x_wconf 89' lang='lat' dir='ltr'>cap.</span> <span class='ocrx_word' id='word_1_297' title='bbox 1397 852 1454 875; x_wconf 84' lang='lat'>21.</span> 
     </span>
    </p>
   </div>
   <div class='ocr_carea' id='block_1_7' title="bbox 1110 988 1736 1040">
    <p class='ocr_par' dir='ltr' id='par_1_8' title="bbox 1110 988 1736 1040">
     <span class='ocr_line' id='line_1_58' title="bbox 1110 988 1736 1040; baseline 0.003 -13"><span class='ocrx_word' id='word_1_298' title='bbox 1110 989 1221 1027; x_wconf 85' lang='lat' dir='ltr'>Anno</span> <span class='ocrx_word' id='word_1_299' title='bbox 1242 988 1351 1027; x_wconf 86' lang='lat' dir='ltr'>Urbis</span> <span class='ocrx_word' id='word_1_300' title='bbox 1371 988 1394 1026; x_wconf 91' lang='lat'><em>6</em></span> <span class='ocrx_word' id='word_1_301' title='bbox 1401 1001 1465 1040; x_wconf 81' lang='lat'>54.</span> <span class='ocrx_word' id='word_1_302' title='bbox 1499 989 1678 1028; x_wconf 82' lang='lat' dir='ltr'>Ciceronis</span> <span class='ocrx_word' id='word_1_303' title='bbox 1699 988 1736 1030; x_wconf 87' lang='lat'>8.</span> 
     </span>
    </p>
   </div>
   <div class='ocr_carea' id='block_1_8' title="bbox 1091 1057 1756 1220">
    <p class='ocr_par' dir='ltr' id='par_1_9' title="bbox 1091 1057 1756 1220">
     <span class='ocr_line' id='line_1_59' title="bbox 1234 1057 1617 1098; baseline 0.005 -2"><span class='ocrx_word' id='word_1_304' title='bbox 1234 1058 1424 1096; x_wconf 87' lang='lat' dir='ltr'>Consules</span> <span class='ocrx_word' id='word_1_305' title='bbox 1454 1057 1617 1098; x_wconf 86' lang='lat' dir='ltr'>fuerunt</span> 
     </span>
     <span class='ocr_line' id='line_1_60' title="bbox 1091 1119 1756 1163; baseline 0.005 -7"><span class='ocrx_word' id='word_1_306' title='bbox 1091 1119 1155 1157; x_wconf 91' lang='lat' dir='ltr'>M.</span> <span class='ocrx_word' id='word_1_307' title='bbox 1188 1119 1453 1163; x_wconf 66' lang='lat' dir='ltr'>Aru-omns,</span> <span class='ocrx_word' id='word_1_308' title='bbox 1493 1121 1546 1158; x_wconf 90' lang='lat' dir='ltr'>A.</span> <span class='ocrx_word' id='word_1_309' title='bbox 1579 1121 1756 1159; x_wconf 73' lang='lat' dir='ltr'>Pos‘ru-</span> 
     </span>
     <span class='ocr_line' id='line_1_61' title="bbox 1235 1181 1607 1220; baseline 0.005 -3"><span class='ocrx_word' id='word_1_310' title='bbox 1235 1192 1349 1218; x_wconf 82' lang='lat' dir='ltr'>M1us</span> <span class='ocrx_word' id='word_1_311' title='bbox 1382 1181 1607 1220; x_wconf 65' lang='lat' dir='ltr'>Ammus.</span> 
     </span>
    </p>
   </div>
   <div class='ocr_carea' id='block_1_9' title="bbox 1080 1275 1755 2489">
    <p class='ocr_par' dir='ltr' id='par_1_10' title="bbox 1081 1275 1755 2040">
     <span class='ocr_line' id='line_1_62' title="bbox 1139 1275 1755 1324; baseline 0 -14"><span class='ocrx_word' id='word_1_312' title='bbox 1139 1276 1194 1310; x_wconf 89' lang='lat' dir='ltr'>De</span> <span class='ocrx_word' id='word_1_313' title='bbox 1212 1275 1263 1310; x_wconf 84' lang='lat' dir='ltr'>his</span> <span class='ocrx_word' id='word_1_314' title='bbox 1290 1276 1413 1310; x_wconf 88' lang='lat' dir='ltr'>Cicero</span> <span class='ocrx_word' id='word_1_315' title='bbox 1436 1279 1468 1311; x_wconf 82' lang='lat' dir='ltr'>in</span> <span class='ocrx_word' id='word_1_316' title='bbox 1491 1277 1588 1312; x_wconf 79' lang='lat' dir='ltr'>Orat.</span> <span class='ocrx_word' id='word_1_317' title='bbox 1607 1277 1674 1324; x_wconf 87' lang='lat' dir='ltr'>post</span> <span class='ocrx_word' id='word_1_318' title='bbox 1691 1278 1755 1312; x_wconf 78' lang='lat' dir='ltr'>Re.</span> 
     </span>
     <span class='ocr_line' id='line_1_63' title="bbox 1087 1323 1754 1371; baseline 0.006 -14"><span class='ocrx_word' id='word_1_319' title='bbox 1087 1323 1188 1358; x_wconf 82' lang='lat' dir='ltr'>ditum</span> <span class='ocrx_word' id='word_1_320' title='bbox 1217 1325 1259 1358; x_wconf 88' lang='lat' dir='ltr'>ad</span> <span class='ocrx_word' id='word_1_321' title='bbox 1290 1325 1460 1368; x_wconf 84' lang='lat' dir='ltr'>Quirites,</span> <span class='ocrx_word' id='word_1_322' title='bbox 1486 1336 1554 1371; x_wconf 89' lang='lat' dir='ltr'>cap.</span> <span class='ocrx_word' id='word_1_323' title='bbox 1579 1337 1626 1371; x_wconf 90' lang='lat'>5:</span> <span class='ocrx_word' id='word_1_324' title='bbox 1658 1326 1754 1361; x_wconf 86' lang='lat' dir='ltr'><em>Nun·</em></span> 
     </span>
     <span class='ocr_line' id='line_1_64' title="bbox 1087 1372 1755 1419; baseline 0.006 -13"><span class='ocrx_word' id='word_1_325' title='bbox 1087 1384 1179 1419; x_wconf 88' lang='lat' dir='ltr'>quam</span> <span class='ocrx_word' id='word_1_326' title='bbox 1211 1372 1248 1407; x_wconf 87' lang='lat' dir='ltr'>de</span> <span class='ocrx_word' id='word_1_327' title='bbox 1275 1372 1320 1419; x_wconf 98' lang='grc' dir='ltr'><strong><em>ἐζ..</em></strong></span> <span class='ocrx_word' id='word_1_328' title='bbox 1357 1373 1486 1409; x_wconf 67' lang='grc' dir='ltr'><em>ΜειεΙΙο</em></span> <span class='ocrx_word' id='word_1_329' title='bbox 1533 1375 1568 1410; x_wconf 90' lang='lat' dir='ltr'>C.</span> <span class='ocrx_word' id='word_1_330' title='bbox 1606 1376 1755 1416; x_wconf 80' lang='lat' dir='ltr'>Marius,</span> 
     </span>
     <span class='ocr_line' id='line_1_65' title="bbox 1086 1422 1753 1471; baseline 0.003 -16"><span class='ocrx_word' id='word_1_331' title='bbox 1086 1424 1138 1468; x_wconf 86' lang='lat' dir='ltr'>qui</span> <span class='ocrx_word' id='word_1_332' title='bbox 1166 1427 1236 1455; x_wconf 83' lang='lat' dir='ltr'>erat</span> <span class='ocrx_word' id='word_1_333' title='bbox 1268 1423 1433 1464; x_wconf 77' lang='lat' dir='ltr'>inimicu53</span> <span class='ocrx_word' id='word_1_334' title='bbox 1463 1422 1523 1468; x_wconf 70' lang='lat' dir='ltr'>fid</span> <span class='ocrx_word' id='word_1_335' title='bbox 1555 1434 1592 1458; x_wconf 85' lang='lat' dir='ltr'>ne</span> <span class='ocrx_word' id='word_1_336' title='bbox 1622 1426 1650 1457; x_wconf 91' lang='lat' dir='ltr'>is</span> <span class='ocrx_word' id='word_1_337' title='bbox 1685 1425 1753 1471; x_wconf 83' lang='lat' dir='ltr'>qui-</span> 
     </span>
     <span class='ocr_line' id='line_1_66' title="bbox 1086 1470 1752 1517; baseline 0.003 -13"><span class='ocrx_word' id='word_1_338' title='bbox 1086 1470 1165 1511; x_wconf 80' lang='lat' dir='ltr'>dem,</span> <span class='ocrx_word' id='word_1_339' title='bbox 1195 1471 1246 1517; x_wconf 89' lang='lat' dir='ltr'>qui</span> <span class='ocrx_word' id='word_1_340' title='bbox 1265 1470 1392 1516; x_wconf 84' lang='lat' dir='ltr'>secutus</span> <span class='ocrx_word' id='word_1_341' title='bbox 1419 1471 1470 1516; x_wconf 81' lang='lat' dir='ltr'>est,</span> <span class='ocrx_word' id='word_1_342' title='bbox 1496 1472 1552 1506; x_wconf 93' lang='lat' dir='ltr'>M.</span> <span class='ocrx_word' id='word_1_343' title='bbox 1582 1474 1752 1514; x_wconf 79' lang='lat' dir='ltr'>Antonius,</span> 
     </span>
     <span class='ocr_line' id='line_1_67' title="bbox 1085 1518 1754 1566; baseline 0.006 -14"><span class='ocrx_word' id='word_1_344' title='bbox 1085 1519 1174 1553; x_wconf 89' lang='lat' dir='ltr'>homo</span> <span class='ocrx_word' id='word_1_345' title='bbox 1201 1518 1458 1566; x_wconf 69' lang='lat' dir='ltr'>eloquentiffi&#39;mus,</span> <span class='ocrx_word' id='word_1_346' title='bbox 1485 1532 1550 1555; x_wconf 88' lang='lat' dir='ltr'>cum</span> <span class='ocrx_word' id='word_1_347' title='bbox 1579 1521 1622 1555; x_wconf 92' lang='lat' dir='ltr'>A.</span> <span class='ocrx_word' id='word_1_348' title='bbox 1638 1521 1754 1556; x_wconf 89' lang='lat' dir='ltr'>Albino</span> 
     </span>
     <span class='ocr_line' id='line_1_68' title="bbox 1087 1567 1754 1615; baseline 0.001 -12"><span class='ocrx_word' id='word_1_349' title='bbox 1087 1567 1215 1614; x_wconf 83' lang='lat' dir='ltr'>collega,</span> <span class='ocrx_word' id='word_1_350' title='bbox 1242 1570 1389 1603; x_wconf 79' lang='lat' dir='ltr'>Senatum</span> <span class='ocrx_word' id='word_1_351' title='bbox 1406 1577 1464 1603; x_wconf 87' lang='lat' dir='ltr'>aut</span> <span class='ocrx_word' id='word_1_352' title='bbox 1474 1568 1621 1615; x_wconf 83' lang='lat' dir='ltr'>populum</span> <span class='ocrx_word' id='word_1_353' title='bbox 1642 1571 1680 1614; x_wconf 70' lang='lat' dir='ltr'>est</span> <span class='ocrx_word' id='word_1_354' title='bbox 1703 1581 1754 1604; x_wconf 86' lang='lat' dir='ltr'>co-</span> 
     </span>
     <span class='ocr_line' id='line_1_69' title="bbox 1085 1616 1752 1653; baseline 0.004 -3"><span class='ocrx_word' id='word_1_355' title='bbox 1085 1616 1242 1651; x_wconf 80' lang='lat' dir='ltr'>hortatus.</span> <span class='ocrx_word' id='word_1_356' title='bbox 1294 1616 1378 1652; x_wconf 93' lang='lat' dir='ltr'>Hoc</span> <span class='ocrx_word' id='word_1_357' title='bbox 1409 1627 1521 1652; x_wconf 88' lang='lat' dir='ltr'>tamen</span> <span class='ocrx_word' id='word_1_358' title='bbox 1552 1629 1642 1653; x_wconf 88' lang='lat' dir='ltr'>anno</span> <span class='ocrx_word' id='word_1_359' title='bbox 1672 1618 1752 1653; x_wconf 81' lang='lat' dir='ltr'>Me-</span> 
     </span>
     <span class='ocr_line' id='line_1_70' title="bbox 1087 1665 1752 1713; baseline 0.003 -13"><span class='ocrx_word' id='word_1_360' title='bbox 1087 1666 1189 1700; x_wconf 89' lang='lat' dir='ltr'>tellus</span> <span class='ocrx_word' id='word_1_361' title='bbox 1208 1665 1310 1700; x_wconf 90' lang='lat' dir='ltr'>unius</span> <span class='ocrx_word' id='word_1_362' title='bbox 1339 1665 1470 1700; x_wconf 87' lang='lat' dir='ltr'>tribuni</span> <span class='ocrx_word' id='word_1_363' title='bbox 1498 1667 1547 1713; x_wconf 85' lang='lat' dir='ltr'>pl.</span> <span class='ocrx_word' id='word_1_364' title='bbox 1576 1666 1752 1713; x_wconf 85' lang='lat' dir='ltr'>rogatione</span> 
     </span>
     <span class='ocr_line' id='line_1_71' title="bbox 1085 1714 1750 1763; baseline 0.005 -15"><span class='ocrx_word' id='word_1_365' title='bbox 1085 1714 1129 1748; x_wconf 90' lang='lat' dir='ltr'>ab</span> <span class='ocrx_word' id='word_1_366' title='bbox 1155 1714 1259 1749; x_wconf 86' lang='lat' dir='ltr'>exilio</span> <span class='ocrx_word' id='word_1_367' title='bbox 1290 1724 1468 1749; x_wconf 90' lang='lat' dir='ltr'>revocatus</span> <span class='ocrx_word' id='word_1_368' title='bbox 1497 1714 1569 1756; x_wconf 87' lang='lat' dir='ltr'>est;</span> <span class='ocrx_word' id='word_1_369' title='bbox 1605 1715 1687 1761; x_wconf 84' lang='lat' dir='ltr'>epist.</span> <span class='ocrx_word' id='word_1_370' title='bbox 1715 1728 1750 1763; x_wconf 88' lang='lat'>9.</span> 
     </span>
     <span class='ocr_line' id='line_1_72' title="bbox 1085 1762 1753 1812; baseline 0.003 -16"><span class='ocrx_word' id='word_1_371' title='bbox 1085 1763 1139 1797; x_wconf 87' lang='lat' dir='ltr'>lib.</span> <span class='ocrx_word' id='word_1_372' title='bbox 1169 1763 1198 1797; x_wconf 90' lang='lat' dir='ltr'>l.</span> <span class='ocrx_word' id='word_1_373' title='bbox 1232 1763 1325 1798; x_wconf 86' lang='lat' dir='ltr'>Fam.</span> <span class='ocrx_word' id='word_1_374' title='bbox 1378 1763 1562 1797; x_wconf 85' lang='lat' dir='ltr'>Tribunus</span> <span class='ocrx_word' id='word_1_375' title='bbox 1596 1762 1666 1799; x_wconf 88' lang='lat' dir='ltr'>fuit</span> <span class='ocrx_word' id='word_1_376' title='bbox 1699 1764 1753 1812; x_wconf 87' lang='lat' dir='ltr'>Q</span> 
     </span>
     <span class='ocr_line' id='line_1_73' title="bbox 1084 1811 1747 1851; baseline 0.005 -6"><span class='ocrx_word' id='word_1_377' title='bbox 1084 1811 1252 1851; x_wconf 88' lang='lat' dir='ltr'>Calidius,</span> <span class='ocrx_word' id='word_1_378' title='bbox 1285 1811 1422 1846; x_wconf 69' lang='lat' dir='ltr'>auetore</span> <span class='ocrx_word' id='word_1_379' title='bbox 1452 1811 1588 1847; x_wconf 90' lang='lat' dir='ltr'>Valerio</span> <span class='ocrx_word' id='word_1_380' title='bbox 1617 1811 1670 1847; x_wconf 85' lang='lat' dir='ltr'>lib.</span> <span class='ocrx_word' id='word_1_381' title='bbox 1702 1814 1747 1848; x_wconf 89' lang='lat' dir='ltr'>V.</span> 
     </span>
     <span class='ocr_line' id='line_1_74' title="bbox 1084 1859 1749 1908; baseline 0.002 -14"><span class='ocrx_word' id='word_1_382' title='bbox 1084 1870 1152 1905; x_wconf 85' lang='lat' dir='ltr'>cap.</span> <span class='ocrx_word' id='word_1_383' title='bbox 1175 1871 1206 1894; x_wconf 83' lang='lat'>2.</span> <span class='ocrx_word' id='word_1_384' title='bbox 1247 1859 1371 1894; x_wconf 85' lang='lat' dir='ltr'>Calidii</span> <span class='ocrx_word' id='word_1_385' title='bbox 1391 1860 1464 1907; x_wconf 87' lang='lat' dir='ltr'>lege</span> <span class='ocrx_word' id='word_1_386' title='bbox 1493 1861 1749 1908; x_wconf 86' lang='lat' dir='ltr'>QMetellum</span> 
     </span>
     <span class='ocr_line' id='line_1_75' title="bbox 1083 1908 1749 1944; baseline 0.003 -2"><span class='ocrx_word' id='word_1_387' title='bbox 1083 1909 1116 1943; x_wconf 91' lang='lat' dir='ltr'>in</span> <span class='ocrx_word' id='word_1_388' title='bbox 1143 1908 1317 1943; x_wconf 88' lang='lat' dir='ltr'>civitatem</span> <span class='ocrx_word' id='word_1_389' title='bbox 1343 1909 1536 1943; x_wconf 87' lang='lat' dir='ltr'>restitutum</span> <span class='ocrx_word' id='word_1_390' title='bbox 1565 1909 1663 1944; x_wconf 82' lang='lat' dir='ltr'>fuiffe</span> <span class='ocrx_word' id='word_1_391' title='bbox 1689 1910 1749 1944; x_wconf 89' lang='lat' dir='ltr'>Ci-</span> 
     </span>
     <span class='ocr_line' id='line_1_76' title="bbox 1081 1958 1748 2004; baseline 0.003 -13"><span class='ocrx_word' id='word_1_392' title='bbox 1081 1969 1159 1992; x_wconf 87' lang='lat' dir='ltr'>cero</span> <span class='ocrx_word' id='word_1_393' title='bbox 1188 1969 1330 2004; x_wconf 85' lang='lat' dir='ltr'>quoque</span> <span class='ocrx_word' id='word_1_394' title='bbox 1349 1967 1410 2004; x_wconf 89' lang='lat' dir='ltr'>pro</span> <span class='ocrx_word' id='word_1_395' title='bbox 1432 1958 1576 2001; x_wconf 87' lang='lat' dir='ltr'>Plancio,</span> <span class='ocrx_word' id='word_1_396' title='bbox 1603 1968 1669 2004; x_wconf 87' lang='lat' dir='ltr'>cap.</span> <span class='ocrx_word' id='word_1_397' title='bbox 1692 1961 1748 1994; x_wconf 83' lang='lat'>28.</span> 
     </span>
     <span class='ocr_line' id='line_1_77' title="bbox 1082 2016 1139 2040; baseline 0 0"><span class='ocrx_word' id='word_1_398' title='bbox 1082 2016 1139 2040; x_wconf 82' lang='lat' dir='ltr'>ait.</span> 
     </span>
    </p>

    <p class='ocr_par' dir='ltr' id='par_1_11' title="bbox 1080 2053 1751 2489">
     <span class='ocr_line' id='line_1_78' title="bbox 1132 2053 1751 2103; baseline 0.002 -15"><span class='ocrx_word' id='word_1_399' title='bbox 1132 2053 1267 2089; x_wconf 82' lang='lat' dir='ltr'>Eodem</span> <span class='ocrx_word' id='word_1_400' title='bbox 1290 2065 1379 2089; x_wconf 91' lang='lat' dir='ltr'>anno</span> <span class='ocrx_word' id='word_1_401' title='bbox 1397 2054 1580 2089; x_wconf 88' lang='lat' dir='ltr'>Tribunus</span> <span class='ocrx_word' id='word_1_402' title='bbox 1606 2055 1656 2103; x_wconf 91' lang='lat' dir='ltr'>pl.</span> <span class='ocrx_word' id='word_1_403' title='bbox 1680 2053 1751 2089; x_wconf 88' lang='lat' dir='ltr'>fuit</span> 
     </span>
     <span class='ocr_line' id='line_1_79' title="bbox 1080 2103 1751 2145; baseline 0 -7"><span class='ocrx_word' id='word_1_404' title='bbox 1080 2103 1156 2138; x_wconf 86' lang='lat' dir='ltr'>Sex.</span> <span class='ocrx_word' id='word_1_405' title='bbox 1194 2103 1326 2145; x_wconf 84' lang='lat' dir='ltr'>Titius,</span> <span class='ocrx_word' id='word_1_406' title='bbox 1374 2103 1479 2138; x_wconf 83' lang='lat' dir='ltr'>homo</span> <span class='ocrx_word' id='word_1_407' title='bbox 1508 2103 1681 2138; x_wconf 86' lang='lat' dir='ltr'>seditiosus</span> <span class='ocrx_word' id='word_1_408' title='bbox 1715 2114 1751 2138; x_wconf 86' lang='lat' dir='ltr'>et</span> 
     </span>
     <span class='ocr_line' id='line_1_80' title="bbox 1082 2151 1750 2187; baseline 0 0"><span class='ocrx_word' id='word_1_409' title='bbox 1082 2151 1303 2187; x_wconf 83' lang='lat' dir='ltr'>turbulentus</span> <span class='ocrx_word' id='word_1_410' title='bbox 1321 2165 1327 2185; x_wconf 93' lang='lat'>:</span> <span class='ocrx_word' id='word_1_411' title='bbox 1348 2152 1404 2186; x_wconf 84' lang='lat' dir='ltr'>cui</span> <span class='ocrx_word' id='word_1_412' title='bbox 1423 2152 1600 2186; x_wconf 86' lang='lat' dir='ltr'>Antonius</span> <span class='ocrx_word' id='word_1_413' title='bbox 1619 2151 1750 2187; x_wconf 88' lang='lat' dir='ltr'>Consul</span> 
     </span>
     <span class='ocr_line' id='line_1_81' title="bbox 1085 2199 1751 2247; baseline 0 -12"><span class='ocrx_word' id='word_1_414' title='bbox 1085 2200 1215 2243; x_wconf 83' lang='lat' dir='ltr'>restitit,</span> <span class='ocrx_word' id='word_1_415' title='bbox 1253 2210 1292 2235; x_wconf 84' lang='lat' dir='ltr'>ut</span> <span class='ocrx_word' id='word_1_416' title='bbox 1320 2200 1387 2247; x_wconf 82' lang='lat' dir='ltr'>ipse</span> <span class='ocrx_word' id='word_1_417' title='bbox 1414 2210 1526 2235; x_wconf 86' lang='lat' dir='ltr'>narrat</span> <span class='ocrx_word' id='word_1_418' title='bbox 1555 2200 1608 2235; x_wconf 88' lang='lat' dir='ltr'>lib.</span> <span class='ocrx_word' id='word_1_419' title='bbox 1641 2200 1684 2234; x_wconf 86' lang='grc' dir='ltr'>ΙΙ.</span> <span class='ocrx_word' id='word_1_420' title='bbox 1714 2199 1751 2235; x_wconf 86' lang='lat' dir='ltr'>de</span> 
     </span>
     <span class='ocr_line' id='line_1_82' title="bbox 1085 2247 1750 2294; baseline -0.003 -9"><span class='ocrx_word' id='word_1_421' title='bbox 1085 2251 1235 2291; x_wconf 83' lang='lat' dir='ltr'>Oratore,</span> <span class='ocrx_word' id='word_1_422' title='bbox 1263 2258 1333 2294; x_wconf 88' lang='lat' dir='ltr'>cap.</span> <span class='ocrx_word' id='word_1_423' title='bbox 1370 2261 1422 2285; x_wconf 80' lang='grc' dir='ltr'>ιι.</span> <span class='ocrx_word' id='word_1_424' title='bbox 1453 2249 1513 2283; x_wconf 88' lang='lat' dir='ltr'>ubi</span> <span class='ocrx_word' id='word_1_425' title='bbox 1536 2249 1578 2283; x_wconf 88' lang='lat' dir='ltr'>de</span> <span class='ocrx_word' id='word_1_426' title='bbox 1600 2247 1750 2283; x_wconf 88' lang='lat' dir='ltr'>testimo-</span> 
     </span>
     <span class='ocr_line' id='line_1_83' title="bbox 1087 2297 1750 2344; baseline 0 -11"><span class='ocrx_word' id='word_1_427' title='bbox 1087 2298 1144 2333; x_wconf 89' lang='lat' dir='ltr'>nio</span> <span class='ocrx_word' id='word_1_428' title='bbox 1164 2297 1223 2332; x_wconf 86' lang='lat' dir='ltr'>suo</span> <span class='ocrx_word' id='word_1_429' title='bbox 1242 2298 1274 2332; x_wconf 91' lang='lat' dir='ltr'>in</span> <span class='ocrx_word' id='word_1_430' title='bbox 1293 2297 1432 2331; x_wconf 87' lang='lat' dir='ltr'>Titium</span> <span class='ocrx_word' id='word_1_431' title='bbox 1451 2308 1546 2331; x_wconf 87' lang='lat' dir='ltr'>reum</span> <span class='ocrx_word' id='word_1_432' title='bbox 1565 2297 1645 2344; x_wconf 85' lang='lat' dir='ltr'>agit.</span> <span class='ocrx_word' id='word_1_433' title='bbox 1667 2297 1750 2333; x_wconf 89' lang='lat' dir='ltr'>Fuit</span> 
     </span>
     <span class='ocr_line' id='line_1_84' title="bbox 1086 2345 1749 2381; baseline 0 0"><span class='ocrx_word' id='word_1_434' title='bbox 1086 2346 1176 2381; x_wconf 85' lang='lat' dir='ltr'>enim</span> <span class='ocrx_word' id='word_1_435' title='bbox 1195 2346 1250 2380; x_wconf 86' lang='lat' dir='ltr'>hic</span> <span class='ocrx_word' id='word_1_436' title='bbox 1270 2345 1388 2380; x_wconf 85' lang='lat' dir='ltr'>Titius</span> <span class='ocrx_word' id='word_1_437' title='bbox 1411 2346 1585 2380; x_wconf 87' lang='lat' dir='ltr'>accusatus</span> <span class='ocrx_word' id='word_1_438' title='bbox 1612 2354 1646 2380; x_wconf 91' lang='lat' dir='ltr'>et</span> <span class='ocrx_word' id='word_1_439' title='bbox 1667 2357 1749 2381; x_wconf 90' lang='lat' dir='ltr'>con-</span> 
     </span>
     <span class='ocr_line' id='line_1_85' title="bbox 1083 2393 1750 2440; baseline -0.001 -11"><span class='ocrx_word' id='word_1_440' title='bbox 1083 2395 1276 2435; x_wconf 83' lang='lat' dir='ltr'>demnatus,</span> <span class='ocrx_word' id='word_1_441' title='bbox 1294 2394 1390 2440; x_wconf 88' lang='lat' dir='ltr'>quod</span> <span class='ocrx_word' id='word_1_442' title='bbox 1408 2393 1453 2427; x_wconf 93' lang='lat' dir='ltr'>L.</span> <span class='ocrx_word' id='word_1_443' title='bbox 1474 2393 1648 2428; x_wconf 90' lang='lat' dir='ltr'>Saturnini</span> <span class='ocrx_word' id='word_1_444' title='bbox 1667 2393 1750 2428; x_wconf 86' lang='lat' dir='ltr'>ima-</span> 
     </span>
     <span class='ocr_line' id='line_1_86' title="bbox 1084 2441 1750 2489; baseline 0 -12"><span class='ocrx_word' id='word_1_445' title='bbox 1084 2444 1199 2489; x_wconf 79' lang='lat' dir='ltr'>ginem</span> <span class='ocrx_word' id='word_1_446' title='bbox 1241 2441 1335 2476; x_wconf 87' lang='lat' dir='ltr'>domi</span> <span class='ocrx_word' id='word_1_447' title='bbox 1378 2442 1448 2476; x_wconf 83' lang='lat' dir='ltr'>suae</span> <span class='ocrx_word' id='word_1_448' title='bbox 1490 2442 1668 2484; x_wconf 69' lang='lat' dir='ltr'>habuisset,</span> <span class='ocrx_word' id='word_1_449' title='bbox 1711 2452 1750 2477; x_wconf 88' lang='lat' dir='ltr'>ut</span> 
     </span>
    </p>
   </div>
   <div class='ocr_carea' id='block_1_10' title="bbox 1294 2532 1448 2573">
    <p class='ocr_par' dir='ltr' id='par_1_12' title="bbox 1294 2532 1448 2573">
     <span class='ocr_line' id='line_1_87' title="bbox 1294 2532 1448 2573; baseline 0.013 -2"><span class='ocrx_word' id='word_1_450' title='bbox 1294 2532 1448 2573; x_wconf 84' lang='lat' dir='ltr'><strong><em>th</em></strong></span> 
     </span>
    </p>
   </div>
  </div>
 </body>
</html>
