2335 3009
946 219 1183 279 [2³71

513 506 607 564 M.
655 502 1003 566 TULLII
1059 508 1622 572 CICERONIS

465 703 1673 791 HISTORIA,

505 914 656 960 PER
696 913 1117 964 CONSULES
1157 916 1630 977 DESCRIPTA,

1023 1098 1047 1128 E

1079 1098 1106 1128 T

578 1247 655 1287 IN
685 1247 927 1287 ANNOS
959 1249 1113 1290 LXIV.
1145 1249 1566 1291 DISTINCTA:

410 1416 487 1456 Per
534 1415 790 1456 Franciscum
837 1417 871 1456 F
884 1418 922 1457 A
943 1417 974 1458 B
996 1417 1034 1457 R
1055 1418 1075 1457 I
1097 1418 1131 1458 C
1153 1418 1173 1458 1
1193 1417 1233 1458 U
1254 1417 1321 1465 M,
1369 1417 1725 1463 Marcoduranum.

496 1719 553 1755 M.
581 1717 886 1762 TULLIUS,
922 1717 979 1754 M.
1006 1718 1047 1755 F.
1075 1717 1132 1754 M.
1158 1718 1208 1755 N.
1235 1719 1369 1756 COR.
1401 1719 1649 1756 CICERO.

498 1837 533 1872 O
551 1836 582 1871 C
625 1835 731 1871 modo
766 1835 895 1870 Orator
927 1834 1050 1878 noster,

513 1884 614 1931 cujus
645 1883 819 1919 historiam
850 1883 1051 1931 descripturi

378 1934 511 1977 sumus,
543 1935 786 1968 Rornanorum
815 1944 910 1968 more
939 1932 1051 1967 nomi-

380 1992 494 2025 natur,
521 1992 626 2030 atque
644 1982 719 2017 haec
738 1981 872 2029 singula
897 1981 1050 2030 primurn

378 2031 644 2078 explicabimus.

431 2082 484 2115 M.
504 2079 539 2114 id
563 2080 610 2115 est
639 2079 826 2121 MARCUS,
851 2090 1053 2126 praenomen

382 2126 456 2175 ejus
485 2129 544 2171 est,
580 2128 680 2175 quod
707 2140 726 2162 a
754 2137 851 2175 patre
881 2129 1052 2164 maximus

383 2187 467 2212 natu
485 2177 578 2212 filius
596 2178 638 2212 de
656 2189 751 2212 more
770 2177 902 2213 habuit.

433 2225 638 2261 TULLIUS
663 2225 844 2273 proprium
867 2235 901 2260 et
926 2225 1053 2280 gentile

382 2272 532 2320 ejusdem
561 2286 684 2309 nornen
714 2275 784 2309 est:
813 2273 882 2309 fuit
913 2274 1004 2309 enim
1034 2286 1053 2309 e

383 2322 419 2357 'J
425 2321 508 2357 ullia
524 2332 624 2368 gente
640 2323 881 2370 antiquiffima‚
908 2324 986 2358 libro
1004 2323 1050 2358 11.

385 2370 423 2406 de
441 2371 575 2418 Legibus
591 2380 655 2416 cap.
677 2383 706 2406 ι.
759 2372 895 2406 Patrem
914 2371 1052 2408 Cicero-

386 2421 439 2454 nis
478 2432 520 2454 ex
562 2431 655 2466 regio
688 2419 894 2455 Volscorum
933 2432 1055 2467 genere

385 2466 497 2513 fuiffe‚
523 2468 560 2505 in
588 2467 731 2506 Eusebii
759 2468 940 2506 chronicis
970 2469 1052 2516 legi-

1102 1846 1191 1870 mus.
1235 1834 1284 1870 Et
1301 1834 1510 1871 Plutarchus
1529 1835 1656 1880 scribit,
1683 1848 1771 1874 non·

1102 1884 1216 1919 nullos
1243 1883 1318 1929 ejus
1339 1896 1448 1931 genus
1476 1883 1597 1920 referre
1615 1886 1658 1921 ad
1675 1887 1769 1921 Tul-

1102 1933 1178 1968 lum
1202 1933 1361 1975 Attium,
1385 1933 1538 1969 nobilem
1561 1935 1770 1970 Volscorum

1101 1993 1227 2028 regem.
1279 1981 1379 2016 Hinc
1405 1982 1510 2018 Silius
1535 1982 1676 2020 Italicus
1706 1984 1769 2020 lib.

1101 2030 1202 2066 VIII.
1220 2029 1305 2065 vers.
1322 2042 1408 2077 405.

1150 2077 1276 2115 Tullius
1286 2087 1407 2115 aeratas
1422 2079 1579 2126 raptabat
1594 2082 1629 2116 in
1641 2084 1769 2129 agmina

1198 2135 1336 2172 turmas,

1149 2178 1255 2260 Regi?
1279 2179 1453 2225 progenies,
1477 2184 1508 2213 et
1536 2176 1628 2213 Tullo
1636 2177 1770 2226 sanguis

1200 2239 1219 2260 a
1257 2227 1322 2261 alto
1337 2240 1348 2261 .·

1151 2274 1256 2311 Indole
1268 2274 1351 2321 proh
1367 2281 1487 2322 quanta
1501 2274 1647 2321 juvenis,
1671 2286 1770 2323 quan-

1200 2331 1324 2371 tumque
1341 2323 1474 2359 daturus

1151 2373 1297 2416 Ausoniae
1310 2371 1431 2419 populis
1448 2379 1584 2409 ventura
1609 2372 1642 2409 in
1649 2372 1774 2421 saecula

1200 2422 1323 2459 civem!
