<?xml version="1.0" encoding="UTF-8"?>
<!DOCTYPE html PUBLIC "-//W3C//DTD XHTML 1.0 Transitional//EN"
    "http://www.w3.org/TR/xhtml1/DTD/xhtml1-transitional.dtd">
<html xmlns="http://www.w3.org/1999/xhtml" xml:lang="en" lang="en">
 <head>
  <title>
</title>
<meta http-equiv="Content-Type" content="text/html;charset=utf-8" />
  <meta name='ocr-system' content='tesseract 3.04.00' />
  <meta name='ocr-capabilities' content='ocr_page ocr_carea ocr_par ocr_line ocrx_word'/>
</head>
<body>
  <div class='ocr_page' id='page_1' title='image "./operacumindicibu09ciceuoft_0429.png"; bbox 0 0 2241 2994; ppageno 0'>
   <div class='ocr_carea' id='block_1_1' title="bbox 595 249 1443 291">
    <p class='ocr_par' dir='ltr' id='par_1_1' title="bbox 595 249 1443 291">
     <span class='ocr_line' id='line_1_1' title="bbox 595 249 1443 291; baseline 0.001 -1"><span class='ocrx_word' id='word_1_1' title='bbox 595 249 1443 291; x_wconf 86' lang='lat' dir='ltr'>PHILOSOPHORUM.</span> 
     </span>
    </p>
   </div>
   <div class='ocr_carea' id='block_1_2' title="bbox 329 342 997 730">
    <p class='ocr_par' dir='ltr' id='par_1_2' title="bbox 329 342 997 730">
     <span class='ocr_line' id='line_1_2' title="bbox 334 342 997 391; baseline -0.002 -12"><span class='ocrx_word' id='word_1_2' title='bbox 334 344 522 379; x_wconf 81' lang='lat' dir='ltr'>ubertatem</span> <span class='ocrx_word' id='word_1_3' title='bbox 540 342 624 378; x_wconf 82' lang='lat' dir='ltr'>fore.</span> <span class='ocrx_word' id='word_1_4' title='bbox 678 344 725 379; x_wconf 89' lang='lat' dir='ltr'>Et</span> <span class='ocrx_word' id='word_1_5' title='bbox 742 343 881 391; x_wconf 89' lang='lat' dir='ltr'>quidem</span> <span class='ocrx_word' id='word_1_6' title='bbox 907 343 997 379; x_wconf 84' lang='lat' dir='ltr'>idem</span> 
     </span>
     <span class='ocr_line' id='line_1_3' title="bbox 332 391 997 440; baseline 0 -13"><span class='ocrx_word' id='word_1_7' title='bbox 332 393 466 440; x_wconf 87' lang='lat' dir='ltr'>primus</span> <span class='ocrx_word' id='word_1_8' title='bbox 508 391 733 426; x_wconf 67' lang='lat' dir='ltr'>defectionem</span> <span class='ocrx_word' id='word_1_9' title='bbox 776 391 867 432; x_wconf 90' lang='lat' dir='ltr'>solis,</span> <span class='ocrx_word' id='word_1_10' title='bbox 915 404 997 438; x_wconf 84' lang='lat' dir='ltr'>quae</span> 
     </span>
     <span class='ocr_line' id='line_1_4' title="bbox 332 439 996 487; baseline -0.002 -11"><span class='ocrx_word' id='word_1_11' title='bbox 332 441 484 487; x_wconf 88' lang='lat' dir='ltr'>Astyage</span> <span class='ocrx_word' id='word_1_12' title='bbox 513 450 673 486; x_wconf 86' lang='lat' dir='ltr'>regnante</span> <span class='ocrx_word' id='word_1_13' title='bbox 702 439 792 474; x_wconf 64' lang='lat' dir='ltr'>facta</span> <span class='ocrx_word' id='word_1_14' title='bbox 820 440 880 481; x_wconf 83' lang='lat' dir='ltr'>est,</span> <span class='ocrx_word' id='word_1_15' title='bbox 907 452 996 487; x_wconf 82' lang='lat' dir='ltr'>p-rae</span> 
     </span>
     <span class='ocr_line' id='line_1_5' title="bbox 331 453 997 535; baseline 0 -12"><span class='ocrx_word' id='word_1_16' title='bbox 331 489 450 524; x_wconf 73' lang='lat' dir='ltr'>dixisse</span> <span class='ocrx_word' id='word_1_17' title='bbox 472 487 591 522; x_wconf 86' lang='lat' dir='ltr'>fertur.</span> <span class='ocrx_word' id='word_1_18' title='bbox 643 489 787 535; x_wconf 88' lang='lat' dir='ltr'>Aquam</span> <span class='ocrx_word' id='word_1_19' title='bbox 817 453 930 523; x_wconf 86' lang='lat' dir='ltr'>dixitp</span> <span class='ocrx_word' id='word_1_20' title='bbox 933 489 997 523; x_wconf 80' lang='lat' dir='ltr'>effe</span> 
     </span>
     <span class='ocr_line' id='line_1_6' title="bbox 333 536 996 571; baseline 0 0"><span class='ocrx_word' id='word_1_21' title='bbox 333 537 470 571; x_wconf 83' lang='lat' dir='ltr'>initium</span> <span class='ocrx_word' id='word_1_22' title='bbox 497 548 636 571; x_wconf 86' lang='lat' dir='ltr'>rerum.</span> <span class='ocrx_word' id='word_1_23' title='bbox 663 536 767 571; x_wconf 86' lang='lat' dir='ltr'>deum</span> <span class='ocrx_word' id='word_1_24' title='bbox 790 546 905 571; x_wconf 88' lang='lat' dir='ltr'>autern</span> <span class='ocrx_word' id='word_1_25' title='bbox 920 548 996 571; x_wconf 85' lang='lat' dir='ltr'>eam</span> 
     </span>
     <span class='ocr_line' id='line_1_7' title="bbox 331 585 995 632; baseline 0.002 -13"><span class='ocrx_word' id='word_1_26' title='bbox 331 594 494 626; x_wconf 81' lang='lat' dir='ltr'>mentem,</span> <span class='ocrx_word' id='word_1_27' title='bbox 521 596 603 631; x_wconf 85' lang='lat' dir='ltr'>quae</span> <span class='ocrx_word' id='word_1_28' title='bbox 624 596 666 619; x_wconf 86' lang='lat' dir='ltr'>ex</span> <span class='ocrx_word' id='word_1_29' title='bbox 685 596 774 632; x_wconf 86' lang='lat' dir='ltr'>aqua</span> <span class='ocrx_word' id='word_1_30' title='bbox 791 585 916 619; x_wconf 68' lang='lat' dir='ltr'>cuneta</span> <span class='ocrx_word' id='word_1_31' title='bbox 932 585 995 621; x_wconf 90' lang='lat' dir='ltr'>fin-</span> 
     </span>
     <span class='ocr_line' id='line_1_8' title="bbox 329 632 996 680; baseline 0 -12"><span class='ocrx_word' id='word_1_32' title='bbox 329 643 434 680; x_wconf 87' lang='lat' dir='ltr'>geret.</span> <span class='ocrx_word' id='word_1_33' title='bbox 462 635 541 669; x_wconf 82' lang='lat' dir='ltr'><em>Luc.</em></span> <span class='ocrx_word' id='word_1_34' title='bbox 574 645 629 680; x_wconf 89' lang='lat'>37.</span> <span class='ocrx_word' id='word_1_35' title='bbox 658 632 695 668; x_wconf 86' lang='lat' dir='ltr'>de</span> <span class='ocrx_word' id='word_1_36' title='bbox 723 633 806 668; x_wconf 80' lang='lat' dir='ltr'><em>Nat.</em></span> <span class='ocrx_word' id='word_1_37' title='bbox 839 635 936 669; x_wconf 87' lang='lat' dir='ltr'>Deor.</span> <span class='ocrx_word' id='word_1_38' title='bbox 967 634 996 669; x_wconf 88' lang='lat'>1.</span> 
     </span>
     <span class='ocr_line' id='line_1_9' title="bbox 335 681 995 730; baseline 0.002 -13"><span class='ocrx_word' id='word_1_39' title='bbox 335 694 388 717; x_wconf 91' lang='lat'>10.</span> <span class='ocrx_word' id='word_1_40' title='bbox 416 681 453 716; x_wconf 85' lang='lat' dir='ltr'>dc</span> <span class='ocrx_word' id='word_1_41' title='bbox 482 683 598 718; x_wconf 81' lang='lat' dir='ltr'>Divin.</span> <span class='ocrx_word' id='word_1_42' title='bbox 628 681 655 717; x_wconf 92' lang='lat'>1.</span> <span class='ocrx_word' id='word_1_43' title='bbox 675 695 734 730; x_wconf 87' lang='lat'>49.</span> <span class='ocrx_word' id='word_1_44' title='bbox 765 682 802 716; x_wconf 86' lang='lat' dir='ltr'>de</span> <span class='ocrx_word' id='word_1_45' title='bbox 819 682 911 717; x_wconf 84' lang='lat' dir='ltr'><em>Orat.</em></span> <span class='ocrx_word' id='word_1_46' title='bbox 930 682 995 718; x_wconf 87' lang='lat'>111.</span> 
     </span>
    </p>
   </div>
   <div class='ocr_carea' id='block_1_3' title="bbox 332 742 911 862">
    <p class='ocr_par' dir='ltr' id='par_1_3' title="bbox 332 742 911 862">
     <span class='ocr_line' id='line_1_10' title="bbox 332 742 390 776; baseline -0.017 0"><span class='ocrx_word' id='word_1_47' title='bbox 332 742 390 776; x_wconf 67' lang='grc'>34-</span> 
     </span>
     <span class='ocr_line' id='line_1_11' title="bbox 413 825 911 862; baseline 0 0"><span class='ocrx_word' id='word_1_48' title='bbox 413 825 911 862; x_wconf 59' lang='lat' dir='ltr'>XENOPHANES</span> 
     </span>
    </p>
   </div>
   <div class='ocr_carea' id='block_1_4' title="bbox 330 923 996 1104">
    <p class='ocr_par' dir='ltr' id='par_1_4' title="bbox 330 923 996 1104">
     <span class='ocr_line' id='line_1_12' title="bbox 431 923 996 970; baseline 0 -12"><span class='ocrx_word' id='word_1_49' title='bbox 431 923 786 966; x_wconf 83' lang='lat' dir='ltr'><strong>ENOPHANES,</strong></span> <span class='ocrx_word' id='word_1_50' title='bbox 816 923 996 970; x_wconf 82' lang='lat' dir='ltr'>Colopho-</span> 
     </span>
     <span class='ocr_line' id='line_1_13' title="bbox 443 971 996 1019; baseline 0.002 -13"><span class='ocrx_word' id='word_1_51' title='bbox 443 972 532 1013; x_wconf 88' lang='lat' dir='ltr'>nius,</span> <span class='ocrx_word' id='word_1_52' title='bbox 552 984 652 1014; x_wconf 87' lang='lat' dir='ltr'>unus,</span> <span class='ocrx_word' id='word_1_53' title='bbox 671 971 733 1019; x_wconf 86' lang='lat' dir='ltr'>qui</span> <span class='ocrx_word' id='word_1_54' title='bbox 751 984 861 1007; x_wconf 87' lang='lat' dir='ltr'>unum</span> <span class='ocrx_word' id='word_1_55' title='bbox 879 973 996 1014; x_wconf 82' lang='lat' dir='ltr'>deum,</span> 
     </span>
     <span class='ocr_line' id='line_1_14' title="bbox 330 1020 996 1067; baseline 0 -12"><span class='ocrx_word' id='word_1_56' title='bbox 330 1032 481 1067; x_wconf 89' lang='lat' dir='ltr'>eumque</span> <span class='ocrx_word' id='word_1_57' title='bbox 499 1020 753 1055; x_wconf 77' lang='lat' dir='ltr'>immutabilem</span> <span class='ocrx_word' id='word_1_58' title='bbox 775 1021 840 1056; x_wconf 84' lang='lat' dir='ltr'>effe</span> <span class='ocrx_word' id='word_1_59' title='bbox 856 1021 996 1064; x_wconf 86' lang='lat' dir='ltr'>diceret,</span> 
     </span>
     <span class='ocr_line' id='line_1_15' title="bbox 331 1067 995 1104; baseline 0.002 -1"><span class='ocrx_word' id='word_1_60' title='bbox 331 1068 578 1104; x_wconf 79' lang='lat' dir='ltr'>divinationem</span> <span class='ocrx_word' id='word_1_61' title='bbox 630 1068 763 1104; x_wconf 84' lang='lat' dir='ltr'>sustulit</span> <span class='ocrx_word' id='word_1_62' title='bbox 826 1067 995 1104; x_wconf 89' lang='lat' dir='ltr'>funditus.</span> 
     </span>
    </p>
   </div>
   <div class='ocr_carea' id='block_1_5' title="bbox 1631 264 1705 302">
    <p class='ocr_par' dir='ltr' id='par_1_5' title="bbox 1631 264 1705 302">
     <span class='ocr_line' id='line_1_16' title="bbox 1631 264 1705 302; baseline 0.014 -10"><span class='ocrx_word' id='word_1_63' title='bbox 1631 264 1705 302; x_wconf 79' lang='lat'>4²¹</span> 
     </span>
    </p>
   </div>
   <div class='ocr_carea' id='block_1_6' title="bbox 1073 393 1684 430">
    <p class='ocr_par' dir='ltr' id='par_1_6' title="bbox 1073 393 1684 430">
     <span class='ocr_line' id='line_1_17' title="bbox 1073 393 1684 430; baseline 0.002 -2"><span class='ocrx_word' id='word_1_64' title='bbox 1073 393 1246 429; x_wconf 89' lang='lat' dir='ltr'><strong>ZENO</strong></span> <span class='ocrx_word' id='word_1_65' title='bbox 1288 393 1684 430; x_wconf 87' lang='lat' dir='ltr'><strong>EPICUREUS.</strong></span> 
     </span>
    </p>
   </div>
   <div class='ocr_carea' id='block_1_7' title="bbox 1048 489 1710 586">
    <p class='ocr_par' dir='ltr' id='par_1_7' title="bbox 1048 489 1710 586">
     <span class='ocr_line' id='line_1_18' title="bbox 1048 489 1710 580; baseline 0.002 -56"><span class='ocrx_word' id='word_1_66' title='bbox 1048 491 1143 580; x_wconf 86' lang='lat' dir='ltr'>Z</span> <span class='ocrx_word' id='word_1_67' title='bbox 1161 489 1194 524; x_wconf 87' lang='lat' dir='ltr'>E</span> <span class='ocrx_word' id='word_1_68' title='bbox 1211 490 1248 524; x_wconf 95' lang='lat' dir='ltr'>N</span> <span class='ocrx_word' id='word_1_69' title='bbox 1267 489 1301 524; x_wconf 94' lang='lat' dir='ltr'>O</span> <span class='ocrx_word' id='word_1_70' title='bbox 1347 490 1554 537; x_wconf 85' lang='lat' dir='ltr'>Epicureus,</span> <span class='ocrx_word' id='word_1_71' title='bbox 1605 501 1710 537; x_wconf 88' lang='lat' dir='ltr'>quem</span> 
     </span>
     <span class='ocr_line' id='line_1_19' title="bbox 1170 536 1710 586; baseline 0.004 -15"><span class='ocrx_word' id='word_1_72' title='bbox 1170 536 1273 572; x_wconf 82' lang='lat' dir='ltr'>Philo</span> <span class='ocrx_word' id='word_1_73' title='bbox 1289 539 1514 585; x_wconf 81' lang='lat' dir='ltr'>coryphaeum</span> <span class='ocrx_word' id='word_1_74' title='bbox 1539 539 1710 586; x_wconf 83' lang='lat' dir='ltr'>appellare</span> 
     </span>
    </p>
   </div>
   <div class='ocr_carea' id='block_1_8' title="bbox 1044 584 1712 1124">
    <p class='ocr_par' dir='ltr' id='par_1_8' title="bbox 1044 584 1712 1117">
     <span class='ocr_line' id='line_1_20' title="bbox 1045 584 1710 639; baseline 0.005 -20"><span class='ocrx_word' id='word_1_75' title='bbox 1045 584 1299 639; x_wconf 83' lang='lat' dir='ltr'>Epicureorum</span> <span class='ocrx_word' id='word_1_76' title='bbox 1317 585 1457 628; x_wconf 82' lang='lat' dir='ltr'>solebat,</span> <span class='ocrx_word' id='word_1_77' title='bbox 1483 587 1630 621; x_wconf 87' lang='lat' dir='ltr'>Athenis</span> <span class='ocrx_word' id='word_1_78' title='bbox 1648 587 1710 622; x_wconf 90' lang='lat' dir='ltr'>do-</span> 
     </span>
     <span class='ocr_line' id='line_1_21' title="bbox 1046 633 1709 681; baseline 0.003 -13"><span class='ocrx_word' id='word_1_79' title='bbox 1046 634 1128 668; x_wconf 87' lang='lat' dir='ltr'>cuit.</span> <span class='ocrx_word' id='word_1_80' title='bbox 1183 633 1217 668; x_wconf 90' lang='lat' dir='ltr'>Is</span> <span class='ocrx_word' id='word_1_81' title='bbox 1235 645 1303 668; x_wconf 92' lang='lat' dir='ltr'>non</span> <span class='ocrx_word' id='word_1_82' title='bbox 1321 645 1379 668; x_wconf 91' lang='lat' dir='ltr'>eos</span> <span class='ocrx_word' id='word_1_83' title='bbox 1407 634 1530 676; x_wconf 82' lang='lat' dir='ltr'>iolum,</span> <span class='ocrx_word' id='word_1_84' title='bbox 1556 637 1616 681; x_wconf 87' lang='lat' dir='ltr'>qui</span> <span class='ocrx_word' id='word_1_85' title='bbox 1635 644 1709 670; x_wconf 91' lang='lat' dir='ltr'>tum</span> 
     </span>
     <span class='ocr_line' id='line_1_22' title="bbox 1044 682 1710 730; baseline 0.003 -14"><span class='ocrx_word' id='word_1_86' title='bbox 1044 691 1151 722; x_wconf 83' lang='lat' dir='ltr'>erant,</span> <span class='ocrx_word' id='word_1_87' title='bbox 1178 682 1452 730; x_wconf 85' lang='lat' dir='ltr'>Apollodorum,</span> <span class='ocrx_word' id='word_1_88' title='bbox 1482 683 1630 728; x_wconf 82' lang='lat' dir='ltr'>Syllum,</span> <span class='ocrx_word' id='word_1_89' title='bbox 1657 695 1710 718; x_wconf 86' lang='lat' dir='ltr'>ce-</span> 
     </span>
     <span class='ocr_line' id='line_1_23' title="bbox 1044 730 1712 778; baseline 0 -13"><span class='ocrx_word' id='word_1_90' title='bbox 1044 730 1201 777; x_wconf 83' lang='lat' dir='ltr'>terosque</span> <span class='ocrx_word' id='word_1_91' title='bbox 1242 730 1371 778; x_wconf 80' lang='lat' dir='ltr'>figebat</span> <span class='ocrx_word' id='word_1_92' title='bbox 1407 730 1620 772; x_wconf 67' lang='lat' dir='ltr'>maledicti53</span> <span class='ocrx_word' id='word_1_93' title='bbox 1656 731 1712 766; x_wconf 88' lang='lat' dir='ltr'>sed</span> 
     </span>
     <span class='ocr_line' id='line_1_24' title="bbox 1045 779 1711 826; baseline 0 -13"><span class='ocrx_word' id='word_1_94' title='bbox 1045 780 1219 813; x_wconf 86' lang='lat' dir='ltr'>Socratem</span> <span class='ocrx_word' id='word_1_95' title='bbox 1244 779 1367 826; x_wconf 89' lang='lat' dir='ltr'>ipsum,</span> <span class='ocrx_word' id='word_1_96' title='bbox 1394 788 1568 826; x_wconf 84' lang='lat' dir='ltr'>parentem</span> <span class='ocrx_word' id='word_1_97' title='bbox 1598 779 1711 826; x_wconf 81' lang='lat' dir='ltr'>philo-</span> 
     </span>
     <span class='ocr_line' id='line_1_25' title="bbox 1044 826 1711 874; baseline 0 -12"><span class='ocrx_word' id='word_1_98' title='bbox 1044 826 1183 874; x_wconf 72' lang='lat' dir='ltr'>sophiae,</span> <span class='ocrx_word' id='word_1_99' title='bbox 1211 827 1318 862; x_wconf 85' lang='lat' dir='ltr'>latino</span> <span class='ocrx_word' id='word_1_100' title='bbox 1345 828 1454 862; x_wconf 87' lang='lat' dir='ltr'>verbo</span> <span class='ocrx_word' id='word_1_101' title='bbox 1484 837 1593 867; x_wconf 70' lang='lat' dir='ltr'>utem,</span> <span class='ocrx_word' id='word_1_102' title='bbox 1620 827 1711 862; x_wconf 87' lang='lat' dir='ltr'>scur-</span> 
     </span>
     <span class='ocr_line' id='line_1_26' title="bbox 1045 874 1710 911; baseline 0.002 -1"><span class='ocrx_word' id='word_1_103' title='bbox 1045 887 1117 910; x_wconf 88' lang='lat' dir='ltr'>ram</span> <span class='ocrx_word' id='word_1_104' title='bbox 1136 876 1298 910; x_wconf 88' lang='lat' dir='ltr'>Atticum</span> <span class='ocrx_word' id='word_1_105' title='bbox 1316 874 1414 910; x_wconf 85' lang='lat' dir='ltr'>fuiffe</span> <span class='ocrx_word' id='word_1_106' title='bbox 1431 875 1577 910; x_wconf 83' lang='lat' dir='ltr'>dicebat.</span> <span class='ocrx_word' id='word_1_107' title='bbox 1617 877 1710 911; x_wconf 86' lang='lat' dir='ltr'>Con-</span> 
     </span>
     <span class='ocr_line' id='line_1_27' title="bbox 1046 924 1712 971; baseline 0.002 -13"><span class='ocrx_word' id='word_1_108' title='bbox 1046 924 1183 959; x_wconf 85' lang='lat' dir='ltr'>tendere</span> <span class='ocrx_word' id='word_1_109' title='bbox 1199 934 1232 959; x_wconf 89' lang='lat' dir='ltr'>et</span> <span class='ocrx_word' id='word_1_110' title='bbox 1249 935 1374 971; x_wconf 85' lang='lat' dir='ltr'>magna</span> <span class='ocrx_word' id='word_1_111' title='bbox 1391 935 1480 959; x_wconf 88' lang='lat' dir='ltr'>voce</span> <span class='ocrx_word' id='word_1_112' title='bbox 1496 924 1607 959; x_wconf 86' lang='lat' dir='ltr'>dicere</span> <span class='ocrx_word' id='word_1_113' title='bbox 1627 924 1712 959; x_wconf 87' lang='lat' dir='ltr'>sole-</span> 
     </span>
     <span class='ocr_line' id='line_1_28' title="bbox 1048 972 1712 1020; baseline 0 -13"><span class='ocrx_word' id='word_1_114' title='bbox 1048 972 1119 1015; x_wconf 90' lang='lat' dir='ltr'>bat,</span> <span class='ocrx_word' id='word_1_115' title='bbox 1143 984 1224 1007; x_wconf 86' lang='lat' dir='ltr'>eum</span> <span class='ocrx_word' id='word_1_116' title='bbox 1253 972 1318 1007; x_wconf 78' lang='lat' dir='ltr'>effe</span> <span class='ocrx_word' id='word_1_117' title='bbox 1345 972 1498 1014; x_wconf 86' lang='lat' dir='ltr'>beatum,</span> <span class='ocrx_word' id='word_1_118' title='bbox 1530 973 1593 1019; x_wconf 89' lang='lat' dir='ltr'>qui</span> <span class='ocrx_word' id='word_1_119' title='bbox 1621 985 1712 1020; x_wconf 81' lang='lat' dir='ltr'>prae-</span> 
     </span>
     <span class='ocr_line' id='line_1_29' title="bbox 1047 1019 1711 1068; baseline 0 -13"><span class='ocrx_word' id='word_1_120' title='bbox 1047 1021 1196 1056; x_wconf 89' lang='lat' dir='ltr'>sentibus</span> <span class='ocrx_word' id='word_1_121' title='bbox 1245 1021 1487 1068; x_wconf 89' lang='lat' dir='ltr'>voluptatibus</span> <span class='ocrx_word' id='word_1_122' title='bbox 1527 1019 1711 1063; x_wconf 83' lang='lat' dir='ltr'>frueretur,</span> 
     </span>
     <span class='ocr_line' id='line_1_30' title="bbox 1047 1068 1712 1124; baseline -0.002 -19"><span class='ocrx_word' id='word_1_123' title='bbox 1047 1069 1303 1124; x_wconf 83' lang='lat' dir='ltr'>confideretque</span> <span class='ocrx_word' id='word_1_124' title='bbox 1332 1069 1364 1104; x_wconf 90' lang='lat' dir='ltr'>se</span> <span class='ocrx_word' id='word_1_125' title='bbox 1393 1068 1581 1104; x_wconf 86' lang='lat' dir='ltr'>fruiturum</span> <span class='ocrx_word' id='word_1_126' title='bbox 1600 1079 1659 1105; x_wconf 86' lang='lat' dir='ltr'>aut</span> <span class='ocrx_word' id='word_1_127' title='bbox 1678 1070 1712 1104; x_wconf 89' lang='lat' dir='ltr'>in</span> 
     </span>
    </p>
   </div>
   <div class='ocr_carea' id='block_1_9' title="bbox 329 1117 1718 1212">
    <p class='ocr_par' dir='ltr' id='par_1_9' title="bbox 329 1117 1711 1212">
     <span class='ocr_line' id='line_1_31' title="bbox 331 1117 1711 1166; baseline 0.001 -15"><span class='ocrx_word' id='word_1_128' title='bbox 331 1117 474 1152; x_wconf 78' lang='lat' dir='ltr'>Putavit</span> <span class='ocrx_word' id='word_1_129' title='bbox 501 1117 681 1152; x_wconf 87' lang='lat' dir='ltr'>habitari</span> <span class='ocrx_word' id='word_1_130' title='bbox 672 1130 707 1152; x_wconf 77' lang='lat' dir='ltr'>in</span> <span class='ocrx_word' id='word_1_131' title='bbox 733 1119 826 1159; x_wconf 88' lang='lat' dir='ltr'>luna,</span> <span class='ocrx_word' id='word_1_132' title='bbox 852 1130 998 1165; x_wconf 83' lang='lat' dir='ltr'>eamque</span> <span class='ocrx_word' id='word_1_133' title='bbox 1045 1130 1142 1154; x_wconf 72' lang='lat' dir='ltr'>omni</span> <span class='ocrx_word' id='word_1_134' title='bbox 1172 1128 1232 1153; x_wconf 87' lang='lat' dir='ltr'>aut</span> <span class='ocrx_word' id='word_1_135' title='bbox 1265 1119 1299 1152; x_wconf 86' lang='lat' dir='ltr'>in</span> <span class='ocrx_word' id='word_1_136' title='bbox 1331 1130 1454 1165; x_wconf 85' lang='lat' dir='ltr'>magna</span> <span class='ocrx_word' id='word_1_137' title='bbox 1481 1129 1577 1166; x_wconf 86' lang='lat' dir='ltr'>parte</span> <span class='ocrx_word' id='word_1_138' title='bbox 1617 1118 1711 1159; x_wconf 80' lang='lat' dir='ltr'>vitae,</span> 
     </span>
     <span class='ocr_line' id='line_1_32' title="bbox 329 1166 1718 1212; baseline 0.001 -12"><span class='ocrx_word' id='word_1_139' title='bbox 329 1166 394 1200; x_wconf 82' lang='lat' dir='ltr'>effe</span> <span class='ocrx_word' id='word_1_140' title='bbox 420 1176 542 1200; x_wconf 86' lang='lat' dir='ltr'>terram</span> <span class='ocrx_word' id='word_1_141' title='bbox 573 1166 764 1201; x_wconf 87' lang='lat' dir='ltr'>multarum</span> <span class='ocrx_word' id='word_1_142' title='bbox 792 1167 934 1202; x_wconf 88' lang='lat' dir='ltr'>urbium</span> <span class='ocrx_word' id='word_1_143' title='bbox 964 1176 999 1203; x_wconf 84' lang='lat' dir='ltr'>et</span> <span class='ocrx_word' id='word_1_144' title='bbox 1046 1167 1165 1202; x_wconf 91' lang='lat' dir='ltr'>dolore</span> <span class='ocrx_word' id='word_1_145' title='bbox 1182 1178 1252 1201; x_wconf 92' lang='lat' dir='ltr'>non</span> <span class='ocrx_word' id='word_1_146' title='bbox 1270 1167 1521 1202; x_wconf 86' lang='lat' dir='ltr'>interveniente.</span> <span class='ocrx_word' id='word_1_147' title='bbox 1539 1166 1628 1212; x_wconf 60' lang='lat' dir='ltr'><em>‘Tusa</em></span> <span class='ocrx_word' id='word_1_148' title='bbox 1649 1167 1718 1202; x_wconf 91' lang='lat'>111.</span> 
     </span>
    </p>
   </div>
   <div class='ocr_carea' id='block_1_10' title="bbox 330 1214 702 1264">
    <p class='ocr_par' dir='ltr' id='par_1_10' title="bbox 330 1214 702 1264">
     <span class='ocr_line' id='line_1_33' title="bbox 330 1214 702 1264; baseline 0 -15"><span class='ocrx_word' id='word_1_149' title='bbox 330 1214 514 1250; x_wconf 89' lang='lat' dir='ltr'>montium.</span> <span class='ocrx_word' id='word_1_150' title='bbox 540 1215 621 1251; x_wconf 86' lang='lat' dir='ltr'>Luc.</span> <span class='ocrx_word' id='word_1_151' title='bbox 643 1226 702 1264; x_wconf 84' lang='lat'>39.</span> 
     </span>
    </p>
   </div>
   <div class='ocr_carea' id='block_1_11' title="bbox 1049 1214 1634 1263">
    <p class='ocr_par' dir='ltr' id='par_1_11' title="bbox 1049 1214 1634 1263">
     <span class='ocr_line' id='line_1_34' title="bbox 1049 1214 1634 1263; baseline 0.003 -14"><span class='ocrx_word' id='word_1_152' title='bbox 1049 1227 1098 1260; x_wconf 84' lang='lat'>17.</span> <span class='ocrx_word' id='word_1_153' title='bbox 1126 1225 1161 1251; x_wconf 91' lang='lat' dir='ltr'>et</span> <span class='ocrx_word' id='word_1_154' title='bbox 1177 1214 1212 1251; x_wconf 83' lang='lat' dir='ltr'>de</span> <span class='ocrx_word' id='word_1_155' title='bbox 1228 1215 1315 1251; x_wconf 82' lang='lat' dir='ltr'>Nat.</span> <span class='ocrx_word' id='word_1_156' title='bbox 1336 1217 1434 1251; x_wconf 82' lang='lat' dir='ltr'>Deor.</span> <span class='ocrx_word' id='word_1_157' title='bbox 1456 1216 1483 1251; x_wconf 90' lang='lat'>1.</span> <span class='ocrx_word' id='word_1_158' title='bbox 1504 1227 1556 1258; x_wconf 88' lang='lat'>21,</span> <span class='ocrx_word' id='word_1_159' title='bbox 1577 1228 1634 1263; x_wconf 84' lang='lat'>34.</span> 
     </span>
    </p>
   </div>
  </div>
 </body>
</html>
