2335 3009
519 247 572 289 54
867 231 1556 274 EPISTOLARUM

518 336 686 389 placere,
704 348 767 374 me
788 333 834 372 ad
855 347 946 372 eum
968 332 1190 377 rescribere,
1208 331 1421 385 praesertim
1441 345 1534 370 cum
1554 331 1665 370 illam
1685 343 1804 370 nemo
1823 330 1908 370 lec-

518 412 629 441 turus
650 402 710 446 fit,
733 401 759 439 fi
779 413 852 452 ego
873 398 975 438 nihil
997 398 1250 451 rescripser0;
1274 411 1401 436 meam
1422 399 1462 436 in
1484 398 1602 436 illum
1622 398 1732 451 pueri
1753 411 1908 443 omnes,

519 477 705 520 tanquam
727 466 884 510 dictata,
914 455 1146 517 perdiscant.
1180 463 1323 501 Libros
1344 476 1471 507 meOS,
1498 476 1601 516 quos
1618 464 1812 515 expectas,
1843 463 1909 500 in-

518 531 657 570 choavi
675 549 687 577 ³
720 530 783 569 sed
804 529 997 568 conficere
1018 541 1095 567 non
1118 527 1270 581 poss‘um
1292 527 1354 565 his
1375 527 1528 565 diebus.
1568 528 1778 565 Orationes
1798 526 1908 565 effla-

519 599 659 651 gitatas
680 610 751 650 pro
773 597 916 634 Scauro
935 604 974 633 et
994 607 1066 647 pro
1087 593 1250 631 Plancio
1269 592 1431 631 absolvi.
1469 593 1615 630 Poema
1634 592 1682 630 ad
1701 592 1911 637 Caesarem,

519 663 626 716 quod
661 660 971 714 composueram,
1003 658 1142 696 incidi.
1189 657 1287 695 Tibi
1319 656 1426 709 quod
1461 670 1588 710 rogas,
1617 657 1806 709 quoniam
1839 658 1912 710 ipfi

519 728 648 767 fontes
664 729 748 780 jam
769 727 919 771 sitiunt,
951 725 977 763 s1
1010 723 1107 776 quid
1139 722 1293 761 habebo
1324 723 1455 775 spatii,
1484 723 1665 761 scribam.
1712 722 1841 761 Venio
1864 722 1913 761 ad

521 794 691 831 tertiam.
737 791 908 830 Balbum
939 790 1047 842 quod
1078 789 1132 826 ais
1165 797 1316 825 mature
1346 788 1518 825 Romam
1549 788 1648 826 bene
1673 788 1910 826 comitatum

519 859 592 896 effe
613 867 842 902 venturum,
858 867 1095 907 mecumque
1116 853 1257 891 affidue
1278 852 1399 905 usque
1419 852 1465 890 ad
1488 853 1548 892 Id.
1568 853 1695 892 Maias
1711 852 1910 899 futurum,

521 924 561 962 id
582 923 684 962 mihi
705 930 931 976 pergratum
952 933 1098 974 perque
1113 917 1338 971 jucundum
1360 918 1451 957 erit.
1490 918 1610 970 Qod
1631 933 1695 957 me
1715 919 1756 957 in
1776 918 1913 957 eadem

520 989 696 1042 epistola,
728 989 826 1027 sicut
857 987 953 1040 saepe
975 994 1100 1030 antea,
1131 983 1348 1022 cohortaris
1368 983 1417 1021 ad
1436 984 1700 1023 ambitionem
1717 993 1756 1023 et
1775 984 1825 1022 ad
1852 984 1911 1022 la-

522 1055 674 1100 borem,
705 1053 848 1092 faciam
867 1051 1080 1105 equidem:
1113 1049 1176 1088 sed
1208 1049 1371 1102 quando
1397 1049 1607 1087 vivemus?
1638 1049 1788 1099 Qarta
1807 1048 1911 1101 epis-

521 1120 602 1158 tola
621 1118 724 1158 mihi
744 1118 895 1157 reddita
922 1116 976 1155 est
1005 1116 1066 1154 Id.
1094 1116 1200 1167 Sept.
1223 1127 1344 1166 quam
1364 1127 1398 1152 a.
1421 1113 1464 1152 d.
1488 1127 1532 1152 ιν
1556 1113 1616 1153 Id.
1641 1115 1729 1153 Sex.
1751 1127 1800 1153 ex
1822 1115 1913 1153 Bri-

521 1186 654 1224 tannia
684 1183 858 1223 dederas.
901 1182 952 1220 In
980 1194 1024 1219 ea
1054 1179 1157 1218 nihil
1186 1179 1274 1218 sane
1293 1187 1374 1217 erat
1393 1179 1485 1218 novi
1505 1188 1645 1232 praeter
1664 1180 1881 1232 Erigonam
1897 1198 1914 1226 ς

519 1264 640 1304 quam
660 1249 687 1289 fi
706 1249 755 1288 ab
778 1248 915 1302 Oppio
935 1259 1135 1299 accepero,
1166 1244 1334 1284 scribam
1353 1244 1401 1282 ad
1422 1253 1474 1290 te,
1496 1244 1594 1297 quid
1614 1245 1778 1284 sentiam
1797 1260 1807 1285 :
1839 1259 1916 1285 nec

520 1315 678 1360 dubito,
699 1313 798 1367 quin
819 1311 921 1351 mihi
942 1311 1132 1364 placitura
1151 1309 1212 1349 fit.
1245 1310 1298 1348 Et
1318 1308 1426 1361 quod
1446 1309 1614 1362 praeterii
1635 1309 1682 1348 de
1702 1323 1762 1355 eo,
1792 1323 1914 1363 quem

523 1379 702 1434 scripsisti
733 1379 781 1417 de
813 1377 982 1417 Milonis
1015 1374 1151 1429 plausu
1184 1374 1366 1428 scripsisse
1395 1374 1442 1412 ad
1464 1375 1668 1414 Caesarem.
1714 1377 1803 1429 Ego
1823 1389 1917 1415 vero

523 1445 639 1484 facile
670 1445 798 1498 patior
828 1444 884 1482 ita
914 1441 1104 1481 Caesarem
1136 1440 1370 1485 existimare,
1402 1440 1520 1478 illum
1541 1454 1659 1493 quam
1691 1442 1917 1481 maximum

523 1511 635 1552 fuiffe
655 1510 863 1565 plausum;
895 1519 933 1547 et
954 1507 1108 1562 prorsus
1129 1507 1183 1545 ita
1203 1506 1281 1545 fuit
1300 1521 1308 1545 :
1341 1516 1380 1545 et
1402 1516 1531 1545 tamen
1553 1507 1620 1545 ille
1640 1506 1812 1560 plausus,
1843 1507 1915 1561 qui

524 1578 586 1618 illi
607 1578 734 1622 datur,
766 1574 1061 1629 quodammodo
1082 1573 1196 1611 nobis
1218 1572 1372 1611 videtur
1392 1573 1489 1612 dari.
1532 1572 1703 1611 Reddita
1723 1573 1776 1611 est
1795 1573 1916 1613 etiam

523 1643 626 1682 mihi
647 1652 826 1696 pervetus
846 1640 1021 1693 epistola,
1054 1639 1115 1677 sed
1137 1638 1218 1676 sero
1238 1638 1366 1683 allata,
1396 1639 1435 1676 in
1457 1651 1534 1690 qua
1554 1638 1600 1677 de
1621 1638 1700 1677 aede
1721 1639 1914 1685 Telluris,

523 1720 562 1747 et
583 1709 629 1747 de
651 1709 804 1761 porticu
828 1706 977 1751 Catuli,
1008 1718 1072 1743 me
1092 1704 1293 1742 admones.
1340 1704 1407 1742 Fit
1439 1714 1652 1757 utrumque
1673 1703 1912 1757 diligenter:

523 1775 569 1813 ad
591 1774 766 1813 Telluris
788 1771 950 1826 quidem
971 1771 1090 1809 etiam
1112 1779 1220 1809 tuam
1240 1769 1402 1808 statuam
1424 1770 1564 1808 locavi.
1598 1771 1700 1809 Item
1721 1769 1768 1808 de
1788 1769 1915 1810 hortis

523 1841 631 1894 quod
661 1853 724 1879 me
755 1838 956 1882 admones,
989 1849 1059 1874 nec
1092 1834 1152 1874 sui
1186 1848 1360 1888 unquam
1381 1835 1491 1873 valde
1523 1835 1708 1889 cupidus,
1737 1845 1777 1874 et
1809 1849 1915 1875 nunc

525 1906 666 1943 domus
688 1903 909 1957 suppeditat
930 1900 1031 1940 mihi
1060 1900 1268 1938 hortorum
1298 1901 1583 1939 amoenitatem.
1630 1901 1801 1939 Romam
1821 1914 1919 1940 cum

526 1970 709 2009 veniffem
731 1982 764 2007 a.
788 1968 827 2006 d.
853 1980 942 2005 xiii
976 1965 1055 2004 kal.
1080 1966 1225 2003 octob.
1258 1965 1482 2004 absolutum
1514 1965 1661 2004 offendi
1694 1966 1734 2003 in
1767 1965 1915 2005 aedibus

526 2038 602 2075 tuis
625 2037 795 2074 tectum:
820 2032 927 2086 quod
949 2031 1061 2085 supra
1080 2031 1281 2069 conclavia
1302 2045 1379 2069 non
1401 2032 1598 2084 placuerat
1620 2031 1694 2070 tibi
1714 2031 1786 2069 esse
1808 2032 1916 2071 mul-

526 2113 655 2140 torum
678 2100 938 2153 fastigiorum,
969 2097 1008 2135 id
1031 2110 1136 2135 nunc
1158 2096 1316 2135 honeste
1336 2098 1461 2149 vergit
1489 2097 1529 2135 in
1552 2099 1698 2136 tectum
1720 2096 1916 2137 inferioris

526 2168 715 2220 porticus.
764 2165 904 2203 Cicero
938 2163 1077 2207 noster,
1109 2162 1204 2200 dum
1237 2176 1310 2215 ego
1341 2163 1493 2207 absum,
1525 2176 1603 2201 non
1633 2161 1787 2201 cessavit
1812 2163 1917 2215 apud

528 2233 739 2271 rhetorem.
773 2231 834 2269 De
855 2230 938 2282 ejus
960 2228 1180 2267 eruditione
1202 2228 1308 2280 quod
1331 2228 1495 2272 labores,
1520 2227 1620 2266 nihil
1642 2227 1710 2273 est,
1728 2229 1918 2280 quoniam

529 2298 732 2351 ingenium
753 2297 836 2349 ejus
860 2294 986 2340 nosti;
1014 2293 1186 2332 studium
1207 2307 1280 2346 ego
1300 2293 1428 2332 video.
1461 2294 1609 2332 Caetera
1628 2295 1711 2346 ejus
1734 2294 1917 2347 suscipio,

529 2374 571 2403 ut
593 2378 655 2402 mc
677 2373 812 2416 putem
836 2361 1007 2415 praestare
1029 2359 1183 2398 debere.

585 2430 634 2467 V.
670 2428 889 2466 Gabinium
914 2436 988 2464 tres
1010 2425 1137 2464 adhuc
1160 2425 1346 2463 factiones
1373 2425 1596 2477 postulant:
1632 2427 1679 2464 L.
1705 2425 1917 2470 Lentulus,

529 2495 698 2536 flaminis
722 2494 841 2538 filius,
865 2494 933 2547 qui
951 2494 1032 2546 jam
1055 2492 1101 2531 de
1124 2492 1318 2544 majestate
1340 2491 1571 2545 postulavit:
1595 2493 1664 2531 Ti.
1699 2493 1808 2533 Nero
1827 2504 1923 2530 cum
