2241 2994
753 246 798 286 H
845 245 867 285 1
915 245 938 286 S
986 245 1026 285 T

367 343 525 386 faciente,
554 342 600 378 ita
618 341 735 377 infima
752 341 923 377 concitata
945 342 1035 376 mul-

369 392 484 428 titudo
501 403 646 426 annonae
665 390 803 425 caritate
825 391 1037 426 tumultuata

367 441 428 483 est,
454 449 495 475 ut
510 451 640 481 omnes,
661 439 724 486 qui
742 439 776 473 in
795 439 927 474 theatro
944 439 1036 486 spec-

367 489 463 524 tandi
495 487 594 523 causa
616 486 846 529 consederant,
871 488 1036 534 pelleren-

368 546 448 572 tur:
476 536 598 571 deinde
625 535 727 571 iidem
746 536 789 570 ad
807 536 1036 584 Capitolium,

368 586 431 621 ubi
458 595 534 620 tum
562 585 696 620 senatus
726 584 929 628 habebatur,
956 597 1038 620 con-

367 644 561 677 currerunt,
588 645 740 681 cumque
765 633 896 668 caedem
927 643 961 669 et
986 634 1038 668 in-

368 684 559 718 censionem
610 682 776 729 Capitolii
829 682 1039 717 senatoribus

368 733 591 774 minarentur,
618 741 721 777 atque
751 730 880 766 idcirco
904 744 965 778 per
980 743 1038 766 eos

367 781 452 823 dies,
495 780 624 826 quibus
659 779 791 814 senatus
824 780 867 814 de
904 791 1039 815 annona

368 829 584 870 habebatur,
640 828 832 863 consulares
882 828 1040 876 plerique

369 878 529 919 abessent,
569 877 666 924 quod
700 886 777 912 tuto
811 876 843 912 se
877 886 1039 923 negarent

369 927 469 980 posse
481 926 677 961 sententiam
695 926 817 969 dicere,
846 925 880 960 in
899 926 1038 961 Cicero-

369 976 421 1010 nis
450 975 648 1010 iententiam
677 973 809 1009 factum
846 974 895 1009 est
930 975 965 1011 S.
996 975 1038 1010 C.

370 1035 474 1072 atque
503 1035 546 1059 ex
573 1036 614 1059 eo
643 1023 698 1058 lex
729 1023 962 1070 promulgata,
998 1033 1039 1058 ut

369 1072 539 1120 Pompeio
566 1085 626 1119 per
654 1072 933 1126 quinquennium
963 1084 1039 1106 om-

372 1123 423 1157 nis
448 1121 594 1170 potestas
626 1133 672 1156 rei
701 1119 935 1156 frumentariae
965 1130 1041 1156 toto

370 1171 455 1207 orbe
483 1181 649 1205 terrarum
675 1170 838 1213 claretur;
864 1172 969 1205 Cicero
980 1179 1042 1215 pro

370 1221 485 1262 Domo,
512 1228 582 1265 cap.
612 1232 643 1264 3.
670 1228 705 1253 et
732 1220 813 1266 epist.
844 1232 872 1254 1.
899 1218 954 1253 lib.
978 1219 1040 1254 IV.

371 1269 416 1304 ad
448 1271 520 1304 Att.
569 1268 714 1312 Asconius
747 1269 781 1301 in
814 1266 1040 1309 NIilonianam,

369 1328 438 1364 cap.
462 1329 515 1358 14.
559 1316 755 1350 Plutarchus
779 1318 812 1351 in
837 1317 982 1362 Pompeio
1008 1327 1043 1350 et

370 1369 438 1403 Dio
454 1365 509 1400 lib.
528 1365 709 1400 XXXIX.

421 1416 548 1450 Secuta
577 1413 625 1448 est
650 1413 774 1448 deinde
803 1425 928 1460 magna
956 1425 1042 1448 con-

371 1463 480 1499 tentio
507 1463 550 1498 de
579 1463 686 1497 domo
711 1463 900 1505 Ciceronis,
935 1474 1042 1509 quam

372 1513 521 1548 Clodius
564 1511 735 1547 Libertati
776 1511 1041 1546 consecraverat.

373 1561 534 1614 Populus
560 1572 635 1595 eam
669 1559 817 1594 comitiis
847 1559 1044 1595 centuriatis

372 1612 494 1646 eodem
515 1621 595 1656 Jure
619 1609 683 1644 effe
693 1606 847 1655 jusserat,
873 1621 947 1656 quo
963 1607 1044 1643 fuis-

374 1660 431 1695 set.
475 1660 605 1693 Verum
624 1658 755 1692 senatus
772 1658 979 1700 decreverat,
1005 1666 1046 1692 ut

374 1709 418 1743 de
452 1706 526 1754 ejus
554 1707 716 1753 religione
746 1706 788 1741 ad
830 1707 1044 1742 Pontificum

375 1757 562 1804 collegium
582 1755 773 1797 referretur,
788 1765 827 1790 ut
843 1755 892 1790 est
910 1755 944 1790 in
961 1763 1043 1791 orat.

374 1805 411 1841 de
426 1805 569 1851 Harusp.
589 1805 680 1851 Resp.
709 1814 765 1850 cap
768 1805 831 1839 6.

424 1855 537 1902 Apud
555 1853 735 1901 pontifices
753 1853 862 1899 pridie
880 1851 960 1888 Kal.
974 1853 1044 1887 Oc-

376 1903 486 1939 tobris
503 1903 626 1937 Cicero
645 1915 709 1949 pro
726 1903 844 1936 Domo
861 1901 950 1936 dixit
971 1912 1046 1936 eam

376 1952 579 1991 orationem,
622 1963 704 1998 quae
740 1959 844 1986 extat.
894 1950 933 1985 In
976 1961 1048 1997 qua

375 2001 530 2049 primum
547 2000 725 2047 relpondet
747 1999 886 2042 Clodio,
912 1998 974 2046 qui
993 2010 1047 2033 ac-

377 2050 506 2085 tionem
536 2061 609 2096 ejus
638 2049 680 2083 de
707 2048 872 2096 potestate
901 2060 946 2082 rei
975 2046 1049 2082 fru-

380 2098 554 2134 mentariae
590 2097 759 2145 Pompeio
791 2097 904 2131 danda
939 2108 1051 2144 r·epre

379 2147 564 2182 henderat:
605 2147 727 2181 deinde
761 2145 855 2180 suam
890 2146 1049 2188 domum,

380 2206 523 2243 propter
579 2195 697 2230 Clodii
749 2194 1049 2236 consecrationem,

381 2245 507 2279 sacram
536 2255 604 2278 non
634 2244 723 2285 effe3
750 2243 804 2278 sed
826 2244 871 2278 ab
890 2243 985 2279 omni
1002 2255 1051 2278 re-

382 2292 511 2340 ligione
538 2303 684 2327 vacuam
712 2303 816 2340 atque
843 2303 967 2341 puram
989 2292 1051 2327 do-

382 2351 446 2377 cet.
499 2341 605 2382 Nam,
632 2351 672 2375 ut
700 2342 765 2376 Dio
790 2341 845 2376 lib.
874 2341 1052 2376 XXXIX.

383 2389 513 2431 scribit,
557 2389 717 2424 lationem
760 2389 844 2438 legis
886 2390 1054 2431 Curiatae,

1075 247 1114 284 Ο
1163 246 1202 285 R
1252 247 1270 286 Ῑ
1319 249 1370 286 A.
1680 262 1731 304 30
1737 262 1757 303 ς

1086 340 1206 377 stituto
1232 341 1402 389 majorum
1429 353 1490 390 per
1515 343 1758 379 trinuudinum

1086 390 1305 442 promulgata
1339 404 1408 426 non
1449 391 1574 436 fuiffet,
1616 405 1755 428 omnem

1085 449 1158 484 ejus
1177 439 1406 493 tribunatum,
1435 440 1467 474 in
1495 453 1568 488 quo
1590 441 1632 475 de
1649 441 1756 476 domo

1086 486 1262 522 Ciceronis
1284 487 1388 522 etiam
1403 489 1635 531 constituerat,
1660 501 1755 524 ever-

1087 534 1155 577 tit·,
1183 536 1370 578 affirmans,
1393 536 1479 571 nihil
1497 537 1540 571 ab
1557 549 1597 572 eo
1614 538 1757 572 tribuno

1087 584 1136 630 pl.
1170 582 1250 630 jure
1283 584 1355 619 fieri
1373 585 1548 637 potuisse,
1591 586 1653 633 qui
1689 586 1757 633 iple

1088 642 1208 668 contra
1242 644 1344 668 omne
1367 631 1426 687 jus
1455 633 1610 680 plebeius
1645 633 1757 669 finftus

1087 681 1177 717 effet.
1229 683 1351 729 Atque
1369 682 1416 716 ita
1435 682 1664 717 Pontificibus
1683 695 1759 730 pei-

1088 729 1200 772 suasit‚
1219 740 1258 767 ut
1276 731 1338 766 fibi
1356 742 1480 773 aream,
1498 743 1580 778 quae
1598 731 1641 765 ab
1663 732 1758 767 omni

1089 779 1253 825 religione
1282 791 1393 814 vacua
1420 788 1455 814 et
1480 792 1566 826 pura
1588 780 1680 821 effet,
1709 792 1757 815 re-

1089 827 1275 863 stituerent.
1313 828 1495 863 Ha&enus
1514 828 1596 864 Dio.
1638 829 1759 875 Itaque

1088 876 1212 910 Cicero
1240 878 1276 910 in
1304 875 1458 922 Pisonem,
1485 886 1554 922 cap.
1589 889 1645 913 22.
1684 878 1757 919 ait;

1089 926 1151 960 Me
1167 926 1412 972 consequentibus
1438 925 1543 960 diebus
1571 928 1605 960 in
1634 939 1671 961 ea
1693 927 1759 972 ipsa

1088 972 1188 1016 domo,
1226 986 1288 1021 qua
1316 982 1353 1009 tu
1381 985 1429 1008 me
1457 975 1631 1020 expuleras,
1667 988 1759 1022 quam

1087 1023 1256 1068 expilaras,
1294 1034 1388 1070 quam
1416 1023 1611 1066 intenderas,
1648 1026 1759 1059 Ponti-

1079 1070 1169 1114 fices,
1195 1071 1349 1117 Consules,
1376 1073 1493 1107 Patres
1519 1073 1683 1118 conscripti
1700 1074 1761 1108 col-

1089 1121 1296 1162 locaverunt,
1285 1138 1292 1145 ·
1335 1121 1475 1168 mihique,
1510 1121 1592 1170 quod
1616 1130 1690 1156 ame
1717 1134 1762 1157 me

1091 1171 1216 1212 nemini,
1238 1171 1371 1215 pecunia
1395 1170 1521 1216 publica
1545 1170 1761 1213 aedt'ficandam

1091 1218 1213 1252 domum
1231 1219 1420 1266 censuerunt.
1462 1219 1501 1254 In
1519 1231 1624 1267 quem
1643 1219 1761 1255 locum

1091 1266 1264 1302 Alconius
1288 1267 1465 1314 legendus.

1141 1316 1366 1362 Superficiem
1393 1316 1523 1351 aedium
1547 1316 1700 1352 consules
1721 1317 1762 1352 de

1090 1364 1223 1399 consilii
1245 1364 1408 1399 sententia
1431 1365 1644 1401 aestimarunt
1667 1367 1761 1401 H-S.

1091 1412 1209 1456 vicies,
1247 1412 1484 1448 Tusculanam
1516 1414 1636 1448 villam
1668 1415 1762 1450 H-S.

1091 1461 1291 1509 quingentis
1330 1462 1499 1505 millibus,
1538 1462 1763 1498 Formianum

1093 1511 1186 1546 H-S.
1214 1510 1372 1545 ducentis
1389 1511 1643 1558 quinquaginta
1661 1511 1765 1547 milli-

1095 1559 1174 1601 bus,
1200 1559 1283 1604 epist.
1304 1571 1336 1595 2.
1363 1559 1419 1595 lib.
1439 1560 1502 1595 IV.
1521 1560 1566 1594 ad
1580 1561 1651 1596 ΛΜ.

1144 1608 1279 1642 Eodem
1319 1619 1410 1643 anno
1443 1609 1668 1651 Ptolemaeus,
1706 1620 1766 1645 rex

1096 1656 1258 1704 AEgypti,
1306 1668 1387 1693 cum
1439 1657 1569 1704 ingenti
1619 1658 1766 1705 pecunia

1095 1705 1311 1752 consumpta,
1355 1715 1395 1740 ut
1429 1717 1487 1740 rex
1522 1716 1626 1753 atque
1656 1706 1765 1742 socius

1095 1754 1218 1802 populi
1238 1755 1341 1789 Rom.
1369 1755 1612 1802 appellaretur,
1635 1767 1711 1790 eam
1728 1756 1765 1790 vi

1095 1804 1140 1837 ab
1158 1802 1336 1857 AEgyptiis
1359 1813 1595 1850 extorqueret,
1619 1813 1653 1838 et
1683 1816 1766 1840 curn

1096 1853 1162 1886 hoc
1181 1851 1331 1894 nomine,
1357 1861 1433 1887 tum
1452 1853 1549 1899 quod
1569 1853 1728 1908 Cyprum
1747 1864 1767 1888 a

1097 1900 1266 1936 Romanis
1297 1910 1458 1948 repetere,
1491 1910 1551 1936 aut
1579 1901 1766 1937 amicitiam

1095 1950 1144 1984 eis
1178 1949 1376 1984 renunciare
1409 1950 1529 1992 nollet,
1567 1951 1662 1998 apud
1692 1951 1770 1987 suos

1097 1998 1301 2041 offendisset‚
1333 2009 1440 2046 regno
1469 1997 1590 2054 pulsus
1618 2001 1767 2035 Romam

1096 2047 1205 2089 venit,
1230 2048 1269 2082 P.
1290 2026 1445 2083 ’Lentulo
1470 2047 1575 2083 etiam
1592 2059 1668 2084 tum
1686 2060 1768 2084 con

1098 2096 1182 2138 sule,
1208 2096 1265 2131 cui
1283 2096 1408 2131 Cilicia
1427 2097 1611 2144 obtigerat,
1639 2107 1768 2144 petens,

1100 2155 1140 2180 ut
1159 2145 1192 2179 in
1211 2156 1356 2192 regnum
1372 2145 1613 2181 restitueretur.
1632 2147 1769 2192 AEgyp-

1100 2194 1140 2230 tii
1156 2205 1298 2241 quoque
1317 2194 1460 2240 legatos,
1486 2194 1549 2241 qui
1579 2195 1686 2241 Regis
1705 2195 1770 2228 cri·

1101 2243 1195 2278 mina
1237 2253 1446 2291 pugnarent,
1490 2242 1663 2278 miletum.
1714 2243 1771 2277 De

1101 2291 1234 2340 quibus
1263 2293 1336 2326 Dio
1362 2300 1397 2326 et
1426 2291 1548 2327 Cicero
1572 2290 1608 2326 de
1629 2291 1769 2338 Harusp.

1104 2341 1199 2387 Resp
1219 2350 1288 2387 cap.
1315 2340 1366 2374 16.

1157 2392 1251 2424 Ante
1281 2389 1372 2424 diem
1403 2387 1544 2422 tertium
1572 2388 1666 2424 Non.
1697 2388 1774 2424 No-

384 2450 490 2487 quae
509 2438 659 2485 patriciis
677 2437 719 2472 ad
748 2439 884 2485 plebem
909 2438 1057 2473 Clodius
1106 2437 1240 2472 v.embr
1271 2436 1404 2483 expulsi
1435 2435 1575 2472 fuerunt
1604 2436 1693 2472 fabri
1733 2438 1776 2474 de

386 2487 573 2529 transierat,
599 2486 794 2528 criminans,
821 2487 918 2533 quod
935 2498 976 2521 ex
1008 2486 1056 2521 in

472 2585 540 2622 To
555 2595 607 2621 Μ.
639 2583 714 2624 IX.

1108 2497 1183 2520 area
1233 2486 1421 2521 Ciceronis.

1385 2582 1479 2634 (ζῆ

1485 2486 1612 2535 Qiinti
1664 2485 1776 2522 fratris
