2335 3009
956 219 1188 274 [193]

494 475 1659 538 RHETORICORUM

390 693 580 768 AD
666 693 760 769 C.
829 687 1754 768 HERENNIUM

795 941 1186 980 LIBER

376 1135 404 1170 1.
517 1133 647 1169 UON
662 1133 721 1169 1A
735 1134 779 1170 M
806 1134 839 1170 in
858 1135 923 1171 hoc
941 1134 1044 1176 libro,

531 1183 574 1219 C.
592 1183 765 1225 Herenni,
788 1184 832 1219 de
849 1184 1045 1219 elocutione

375 1230 648 1278 conscripsimus,
675 1241 709 1266 et
726 1232 856 1288 quibus
888 1233 922 1267 in
941 1232 1045 1267 rebus

375 1291 464 1326 opus
482 1278 549 1314 fuit
567 1279 734 1326 exemplis
753 1281 816 1322 uti,
844 1280 962 1316 nostris
982 1292 1046 1316 ex-

374 1328 498 1374 emplis
530 1329 579 1363 usi
610 1328 752 1369 sumus;
778 1339 814 1364 et
839 1329 872 1363 id
898 1329 1046 1364 fecimus

375 1387 502 1422 praeter
518 1377 805 1412 consuetudinem
824 1377 1045 1419 Graecorum,

376 1425 436 1471 qui
464 1425 507 1459 de
527 1426 589 1460 hac
619 1438 654 1460 re
680 1425 906 1472 scripserunt;
933 1426 1046 1461 neces-

375 1473 459 1509 sario
478 1473 676 1509 faciendum
697 1475 758 1515 est,
785 1485 824 1510 ut
850 1475 967 1522 paucis
995 1487 1046 1509 ra-

375 1523 508 1557 tionem
528 1523 628 1557 nostri
648 1523 775 1558 consilii
800 1524 934 1558 demus.
979 1524 1046 1558 At-

376 1582 446 1617 que
464 1570 530 1605 hoc
557 1584 618 1607 nos
648 1573 891 1607 necessitudine
920 1571 1044 1614 facere,

377 1630 447 1654 non
477 1619 601 1662 studio,
628 1619 704 1655 satis
730 1621 794 1656 erit
822 1621 921 1667 signi,
949 1622 1044 1667 quod

377 1667 411 1702 in
440 1667 668 1715 superioribus
693 1669 786 1704 libris
815 1670 901 1704 nihil
933 1682 1046 1716 neque

375 1726 454 1751 ante
473 1729 558 1760 rem,
587 1729 701 1764 neque
730 1729 856 1764 praeter
883 1730 969 1760 rem,
997 1719 1046 1753 lo-

376 1765 447 1800 cuti
465 1765 593 1802 sumus,
631 1767 750 1808 Nunc,
778 1767 801 1801 fi
822 1779 942 1814 pauca,
962 1778 1043 1813 quse

377 1825 428 1848 res
458 1815 618 1860 postulat,
657 1815 864 1857 dixerimus,
901 1816 962 1850 tibi
996 1816 1043 1856 id,

375 1863 469 1909 quod
505 1864 679 1911 reliquum
711 1864 759 1898 est
789 1867 881 1904 artis,
918 1864 975 1904 ita,
1004 1874 1044 1898 ut

376 1911 599 1953 instituimus,
618 1912 861 1959 persolvemus.
907 1913 972 1946 Sed
992 1912 1042 1947 fa-

376 1960 472 1995 cilius
495 1961 641 1996 nostram
661 1963 828 1996 rationem
859 1961 1042 2008 intelliges,

377 2008 400 2043 si
419 2009 525 2055 prius,
551 2011 636 2057 quid
656 2010 703 2044 illi
721 2011 849 2051 dicant,
869 2021 1043 2056 cognove-

377 2057 432 2091 ris.
463 2059 712 2106 Compluribus
732 2060 775 2093 de
793 2059 899 2093 causis
918 2069 1043 2105 putant

376 2116 547 2152 oportere,
590 2119 670 2142 cum
707 2107 768 2154 ipfi
802 2108 1042 2153 praeceperint,

376 2166 448 2200 quo
475 2157 575 2201 pac'to
602 2166 758 2203 oporteat
781 2168 900 2191 ornare
926 2157 1043 2191 elocu-

377 2203 521 2246 tionem,
550 2205 812 2252 uniuscujusque
843 2206 980 2252 generis
998 2205 1042 2240 ab

376 2261 508 2286 oratore
538 2262 596 2287 aut
623 2265 725 2299 poeta
750 2254 897 2300 probato
928 2253 1043 2307 sump-

377 2310 453 2334 tum
485 2311 611 2347 ponere
639 2304 850 2348 exemplum.
903 2302 950 2337 Et
971 2315 1040 2349 pri-

378 2359 475 2382 mum
494 2348 525 2383 se
544 2349 576 2382 id
598 2351 760 2385 modestia
777 2361 970 2386 commotos
992 2350 1042 2385 fa-

377 2408 452 2431 cere
469 2397 601 2437 dicunt,
616 2409 795 2445 propterea
813 2401 906 2446 quod
927 2400 1043 2434 videa-

377 2455 435 2480 tur
462 2447 526 2480 effe
556 2447 736 2482 ostentatio
765 2449 940 2495 quaedam,
976 2460 1042 2483 non

460 2543 527 2581 To
541 2555 592 2581 M.
626 2543 699 2581 IX.

1263 940 1346 980 IV.

1093 1132 1170 1169 satis
1188 1133 1315 1169 habere
1334 1133 1520 1180 praecipere
1539 1134 1583 1169 de
1610 1133 1765 1175 artificio,

1095 1182 1150 1219 sed
1169 1182 1256 1230 ipsos
1274 1183 1379 1217 etiam
1407 1182 1515 1216 videri
1544 1183 1633 1218 velle
1662 1182 1765 1217 artifi-

1095 1231 1181 1266 ciose
1208 1231 1353 1278 gignere
1381 1231 1568 1277 exempla:
1608 1231 1674 1266 hoc
1705 1230 1765 1272 est,

1095 1280 1271 1326 inquiunt,
1298 1279 1466 1314 ostentare
1495 1278 1540 1321 se,
1568 1291 1638 1314 non
1655 1279 1766 1315 osten·

1095 1329 1175 1363 dere
1191 1338 1312 1363 artem.
1359 1328 1480 1376 Qare
1512 1328 1651 1374 pudor
1643 1340 1676 1362 in
1695 1328 1766 1374 pri·

1097 1376 1161 1411 mis
1178 1376 1226 1411 est
1243 1376 1286 1411 ad
1305 1387 1382 1411 eam
1400 1387 1472 1410 rem
1500 1376 1765 1423 impedimento.

1095 1437 1138 1460 ne
1156 1437 1219 1460 nos
1246 1424 1333 1459 solos
1358 1424 1518 1471 probare,
1545 1437 1606 1460 nos
1636 1436 1765 1479 amare,

1095 1474 1180 1509 alios
1209 1483 1432 1508 contemnere
1460 1483 1496 1508 et
1519 1473 1687 1512 deridere,
1714 1473 1764 1508 vi-

1095 1523 1247 1557 deamur.
1301 1522 1441 1557 Etenim
1484 1533 1563 1557 cum
1601 1523 1765 1568 poffimus

1096 1572 1139 1606 ab
1161 1571 1272 1606 Ennio
1291 1569 1483 1618 sumptum,
1499 1581 1557 1606 aut
1572 1583 1591 1605 a
1606 1571 1765 1605 Graccho

1096 1632 1224 1666 ponere
1267 1620 1485 1665 exemplum,
1522 1620 1658 1654 videtur
1699 1621 1765 1654 effe

1096 1668 1300 1715 arrogantia,
1329 1669 1385 1703 illa
1416 1669 1622 1714 relinquere,
1656 1677 1690 1703 et
1721 1668 1765 1702 ad

1095 1718 1153 1752 sua
1179 1718 1352 1752 devenire.
1406 1717 1576 1751 Praeterea
1605 1717 1766 1763 exempla

1095 1766 1370 1801 testimoniorum
1390 1766 1504 1799 locum
1523 1765 1693 1800 obtinent.
1724 1765 1763 1800 Id

1093 1814 1200 1855 enirn,
1228 1815 1324 1860 quod
1342 1814 1572 1854 admonuerit,
1594 1823 1628 1848 et
1646 1814 1764 1848 leviter

1093 1862 1214 1898 fecerit
1248 1863 1449 1909 praeceptio‚
1478 1863 1652 1909 exemplo,
1680 1862 1765 1897 sicut

1095 1911 1302 1953 testimonio,
1354 1911 1611 1958 comprobatur.
1678 1910 1763 1946 Non

1095 1961 1201 2007 igitur
1219 1960 1384 1995 ridiculus
1403 1961 1454 2001 fit,
1482 1959 1505 1994 sl
1532 1960 1610 2006 quis
1636 1959 1671 1994 in
1690 1960 1763 2002 lite,

1094 2020 1154 2043 aut
1171 2009 1204 2043 in
1216 2007 1362 2055 judicio,
1388 2008 1583 2043 domesticis
1612 2008 1764 2043 testimo-

1095 2058 1158 2092 niis
1176 2068 1324 2104 pugnet,
1352 2067 1386 2092 et
1404 2056 1450 2091 sui
1479 2057 1581 2103 ipsius
1600 2058 1766 2092 abutatur

1092 2107 1283 2153 exemplo?
1310 2106 1364 2141 Ut
1387 2106 1481 2140 enim
1511 2106 1762 2147 testimonium,

1094 2155 1136 2190 fic
1170 2155 1385 2201 exemplum,
1425 2154 1472 2189 rei
1514 2155 1761 2189 confirmandae

1093 2204 1191 2239 causa
1208 2203 1363 2238 sumitur.
1416 2204 1499 2238 Non
1520 2215 1604 2249 ergo
1621 2211 1761 2249 oportet

1093 2252 1172 2295 hoc,
1200 2252 1259 2287 nisz
1278 2265 1297 2287 a
1323 2251 1556 2299 probatiffimo
1579 2251 1678 2292 sumi,
1707 2263 1762 2293 ne,

1092 2302 1187 2348 quod
1231 2301 1324 2336 aliud
1367 2300 1571 2335 confirmare
1612 2299 1761 2342 debeat,

1092 2360 1194 2405 egeat
1221 2349 1332 2396 ipsum
1362 2347 1643 2383 confirmationis.
1695 2348 1761 2383 Et·

1092 2401 1187 2433 enim
1222 2397 1352 2432 neceffe
1393 2396 1442 2431 est
1474 2406 1534 2431 aut
1575 2396 1606 2431 se
1648 2396 1762 2432 omni-

1095 2448 1160 2482 bus
1193 2454 1415 2494 anteponant,
1453 2454 1489 2480 et
1519 2444 1576 2481 sua
1610 2446 1762 2482 maxime

1375 2541 1461 2580 Bb
