2241 2994
595 251 884 292 VARIAE
967 251 1526 294 LECTIONES.

324 363 384 430 1:53
430 400 446 427 7
469 398 526 428 quo
540 389 567 418 A
580 389 605 417 R
620 400 676 418 cun

410 440 443 467 ¹3
464 437 512 458 aut
528 429 556 458 G
568 430 597 457 d.

409 479 443 506 17
466 477 554 506 genus
568 465 647 495 estid
665 467 691 493 A
706 466 742 502 est

407 518 444 546 ²9
466 508 508 534 hae
522 508 548 534 A
563 506 608 534 hec
623 505 652 533 G
666 503 782 541 haesunt

407 557 444 585 30
466 545 610 583 tragoediis
620 545 646 573 R
660 547 689 572 in
702 544 838 582 tragoedr'is
851 544 876 579 ψ
888 545 1000 581 tragedis

430 595 439 614 1
465 584 508 613 sed
526 585 552 612 A
566 585 593 613 d.

406 596 436 654 31
462 623 534 652 Illud
551 624 575 652 A
590 624 658 652 illud
667 633 726 652 vero

425 674 441 703 ς
463 673 504 692 res
519 662 548 691 G
561 664 588 692 d.

408 713 442 740 ¹4
465 703 482 731 si
499 704 525 730 A
541 703 566 730 d.

401 758 441 766 ·—
461 742 619 771 summatim
630 742 655 776 ψ
661 741 790 777 simmam

406 792 439 819 ¹7
460 783 659 820 prosequemur
675 781 699 808 R
710 782 885 817 perstquemur

400 831 433 850 21
459 830 631 859 exponemus
646 822 673 848 A
689 820 841 856 Lpontmus

402 870 438 889 22
460 860 520 888 sunt
537 859 567 888 A
583 860 612 888 G
625 858 712 895 ψβηι

402 909 438 936 23
461 909 550 938 genus
567 902 592 928 A
609 899 635 927 G
648 907 730 934 genus
743 897 776 935 est
788 900 804 926 ἒ

401 949 439 975 27
460 939 546 968 etiam
561 940 587 967 A
602 944 626 966 ct

402 988 434 1016 3¹
461 978 540 1016 supra
552 979 580 1007 G
596 979 621 1006 d.

403 1028 418 1055 3
424 1028 438 1055 3
462 1018 583 1047 Athenis
598 1018 623 1052 ψ
637 1017 679 1044 Ab
693 1015 806 1045 Athenis

398 1072 439 1079 ·-·
459 1057 606 1096 Megaram
623 1057 651 1084 G
667 1056 778 1092 Megara

401 1106 438 1134 34
458 1097 573 1126 advenit
588 1098 613 1124 A
627 1098 700 1123 venit

398 1151 439 1158 —
460 1137 606 1174 Megaram
623 1136 650 1163 G
667 1135 778 1170 Megara

401 1185 436 1213 37
460 1176 586 1213 quidque
602 1177 628 1203 A
645 1175 673 1203 G
688 1174 809 1212 quicquid

401 1217 436 1252 38
458 1215 580 1252 primum
595 1215 621 1242 A
631 1215 658 1242 d.

398 1264 437 1291 40
457 1263 504 1283 aut
521 1263 550 1283 ut
565 1255 590 1283 A
606 1254 634 1282 G
648 1259 695 1281 aut

322 1302 379 1333 154
423 1303 438 1322 2
461 1303 495 1321 ne
510 1303 594 1331 quam
608 1294 635 1321 A
650 1302 681 1321 ne
692 1293 754 1329 quid
766 1292 792 1320 L
806 1301 962 1329 mquaquam

417 1343 438 1369 4
457 1334 654 1370 persequamur
668 1332 696 1360 G
713 1331 737 1359 R
750 1332 929 1369 prosequamur

414 1383 434 1440 ἓ
455 1372 723 1449 ἒξιιῗεὲυζηληΐῖ
732 1410 914 1448 persequemur

417 1452 433 1479 8
456 1450 566 1479 brevior
580 1451 609 1479 G
624 1452 727 1478 brevior
741 1450 775 1485 est

399 1499 436 1519 ιο
457 1491 503 1518 fiet
518 1491 546 1518 G
553 1490 610 1526 fiat

395 1544 436 1552 —
454 1529 508 1557 erit
523 1530 552 1557 G
559 1529 612 1565 fiet

400 1578 434 1604 ¹4
456 1569 577 1597 rationes
592 1569 617 1597 L
631 1571 793 1602 narrationes

399 1609 435 1636 16
457 1608 536 1645 poffit
547 1608 574 1636 G
588 1607 674 1645 poffint

395 1657 433 1684 24
453 1649 507 1676 erit
519 1649 544 1676 A
560 1648 585 1681 ψ
599 1654 677 1675 erunt

396 1702 434 1710 ..-
456 1686 517 1714 fieta
531 1686 557 1721 ψ
564 1687 640 1724 fittae

392 1741 434 1749 --
452 1726 639 1754 conservanda
653 1725 680 1754 A
694 1725 847 1762 ot'gservanda

395 1775 429 1804 25
452 1765 663 1804 confligendum
691 1767 717 1794 A
738 1766 898 1802 affligendum
918 1765 943 1793 L
962 1775 1020 1792 con-

488 1805 632 1841 fligendum
646 1805 692 1832 vc!
704 1805 889 1841 confingentium

396 1854 431 1881 32
451 1853 512 1873 eam
527 1846 553 1872 A
567 1845 590 1873 L
605 1845 630 1872 R
644 1853 698 1871 cam
711 1844 794 1872 nosG
809 1854 852 1871 eas

394 1895 433 1918 40
454 1884 575 1912 officium
588 1884 616 1911 G
629 1885 751 1911 artirium
766 1883 792 1910 R
806 1884 952 1921 artificium·

413 1933 427 1960 3
448 1923 612 1951 adversariis
633 1923 660 1950 A
680 1923 836 1956 adversariis
857 1930 884 1952 tt
906 1925 971 1962 quid
990 1926 1018 1952 in

498 1961 674 1997 contraverfiir
695 1962 860 2000 relinquatur
879 1963 908 1991 G
923 1965 1017 1992 adver-

490 2003 576 2039 sariis
590 2002 653 2039 quid
664 2004 692 2029 in
707 2001 924 2040 controvrrfiafit

412 2052 430 2078 4
450 2041 531 2070 nobis
547 2042 572 2069 A
585 2043 610 2069 d.

390 2095 430 2103 —
449 2089 531 2110 erunt
546 2082 573 2110 G
582 2081 650 2117 sunt

413 2131 427 2158 5
449 2121 616 2149 convenient
630 2120 659 2148 G
674 2122 825 2149 conveniunt

391 2175 432 2182 —
451 2160 522 2198 quid
623 2160 799 2198 relinquatur
812 2161 837 2189 A
858 2160 888 2190 G
909 2161 933 2187 d.
953 2161 977 2190 L
991 2161 1016 2196 ψ

498 2200 562 2236 quid
576 2201 605 2227 in
618 2201 785 2236 controverſsa
798 2200 917 2228 relietum
923 2200 964 2238 fit

411 2241 427 2266 8
447 2239 511 2274 jure
527 2239 555 2267 G
572 2239 595 2266 L
614 2239 744 2277 ‹Jajurene

412 2287 430 2316 9
451 2277 597 2306 licueritne
611 2278 640 2306 G
655 2278 791 2307 licueritne
804 2281 829 2308 ei

390 2332 431 2340 —
451 2317 481 2345 id
495 2318 531 2345 est
544 2318 569 2351 ψ
583 2317 647 2345 Idem

397 2366 431 2385 12
453 2356 482 2384 id
498 2357 527 2385 G
542 2357 569 2384 A.

392 2405 430 2425 20
451 2405 568 2424 numero
586 2395 637 2424 effe
654 2395 676 2424 L
691 2406 794 2425 numero
807 2398 853 2435 ff
873 2397 917 2428 vel
932 2399 1012 2428 conti·

497 2438 554 2463 neri
568 2436 594 2464 R
610 2436 703 2471 constat
718 2446 767 2465 non

391 2483 425 2513 ²3
448 2475 571 2505 auditori
585 2475 611 2504 R
626 2475 784 2506 auditoribus

1164 398 1200 456 ἕξ
1221 390 1324 466 {32⁰5}
1339 392 1364 459 ἐξ
1378 391 1442 459 2¹³
1456 392 1609 459 :25:35205‘

1590 442 1602 459 s

1162 476 1198 502 27
1221 469 1387 505 exponimus
1406 441 1591 507 quxpmmus

1160 507 1197 533 28
1219 507 1459 537 confirmationem
1482 510 1511 538 G
1530 511 1741 548 confirmationem
1757 519 1783 541 et

1267 548 1464 579 ccnsutatianem

1161 593 1198 622 32
1219 583 1382 619 adjumenta
1397 587 1425 615 G
1440 595 1590 623 argumenta

1164 633 1177 660 3
1185 633 1198 659 3
1222 624 1418 662 contrariaque
1430 626 1454 659 ψ
1469 630 1646 665 contrariaque

1159 671 1199 698 40
1221 663 1370 691 Hermetes
1385 666 1412 693 A
1428 664 1456 692 G
1472 666 1498 699 ψ
1513 667 1654 704 Hermesta
1668 669 1694 697 R
1709 669 1780 698 Her-

1265 712 1303 729 me
1326 712 1366 731 res

1085 750 1094 769 1
1103 751 1137 780 55
1185 749 1194 769 1
1222 704 1358 778 Ιῡίριτξίῐο
1373 743 1398 777 ψ
1412 743 1565 780 bipartitam

1179 790 1199 815 4
1219 788 1283 809 ante
1297 781 1321 809 L
1335 782 1363 810 d.

1156 834 1197 841 --
1217 819 1340 849 diximus
1355 821 1379 848 A
1393 821 1535 851 dixerimus

1177 860 1194 887 6
1217 859 1419 896 Conjefturalis
1443 862 1471 890 G
1491 863 1676 901 Conjetturatis
1691 866 1782 902 consti-

1263 907 1330 926 tatio

1180 938 1196 966 8
1218 937 1328 966 rescivit
1346 939 1365 966 L
1382 938 1459 975 restit

1163 986 1193 1006 11
1220 987 1235 1005 e
1250 978 1667 1018 AGRslaed.La(sup.lin.)

1158 1026 1168 1044 1
1178 1027 1192 1045 2
1214 1016 1364 1046 intervenit
1377 1019 1402 1052 ψ
1416 1021 1518 1048 invenit

1160 1065 1193 1093 13
1217 1065 1281 1084 tum
1296 1059 1322 1085 A
1338 1058 1419 1092 ubi-12
1434 1059 1460 1087 d.

1118 1103 1122 1106 ·
1161 1104 1197 1132 ¹4
1217 1096 1295 1125 videt
1310 1097 1338 1125 G
1353 1098 1422 1125 vidit

1160 1144 1194 1173 ¹9
1215 1134 1244 1163 in
1266 1135 1368 1173 scripto
1387 1138 1413 1165 A
1433 1148 1466 1166 ex
1475 1139 1576 1176 scripu
1596 1139 1622 1167 R
1641 1140 1668 1168 d.
1683 1139 1708 1175 ψ
1722 1150 1778 1169 rum

1273 1178 1312 1203 tri
1329 1182 1355 1203 ta

1157 1222 1194 1241 20
1215 1179 1429 1253 autsexpscripto
1445 1218 1470 1244 A
1489 1215 1511 1244 L
1525 1223 1571 1244 aut
1585 1219 1737 1255 exscriptis
1748 1219 1777 1248 G

1263 1260 1311 1282 aut
1325 1256 1459 1292 dtstripta
1474 1255 1499 1283 R
1515 1257 1662 1293 exstriptis

1156 1293 1191 1320 28
1215 1293 1256 1321 Sit
1270 1295 1313 1321 lex
1331 1296 1356 1322 A
1373 1295 1441 1322 GR
1458 1296 1483 1328 ψ
1498 1297 1526 1324 Si
1536 1295 1625 1331 lcxſst

1159 1341 1195 1369 ²9
1213 1332 1313 1368 jubeat
1328 1335 1353 1361 A
1370 1333 1394 1361 R
1406 1335 1483 1370 jubet

1156 1380 1192 1407 32
1214 1371 1372 1401 conservata
1386 1373 1413 1401 G
1426 1376 1540 1408 servata

1153 1424 1194 1431 —
1213 1412 1392 1440 remanserint
1407 1412 1435 1440 G
1451 1414 1626 1449 remanserunt

1157 1459 1191 1486 33
1214 1451 1416 1486 Magnitudine
1430 1453 1455 1486 ψ
1471 1454 1669 1488 Magnitudinis

1156 1498 1194 1526 34
1214 1489 1342 1527 scapham
1368 1492 1393 1519 A
1422 1492 1447 1518 R
1469 1499 1493 1519 et
1514 1495 1542 1519 in
1553 1492 1677 1528 stapham
1699 1494 1727 1523 G
1749 1497 1777 1523 in

1250 1530 1355 1565 stajam
1367 1530 1389 1557 L
1405 1531 1430 1564 ᾧ
1444 1534 1472 1558 in
1483 1531 1607 1568 stapham

1177 1576 1187 1595 1
1214 1569 1375 1605 repetundis
1389 1570 1414 1603 ψ
1428 1572 1579 1607 rfpclendin

1174 1617 1188 1644 3
1213 1607 1353 1636 demortui
1370 1610 1394 1636 R
1409 1609 1434 1643 ψ
1449 1612 1545 1637 mortui
1585 1607 1589 1609 “

1173 1657 1191 1681 4
1212 1647 1259 1683 qui
1274 1647 1298 1680 ψ
1312 1649 1488 1683 quisubstitui

1171 1687 1190 1712 6
1212 1694 1287 1721 petat
1302 1686 1330 1713 G
1343 1689 1448 1723 petebat

1174 1726 1189 1752 8
1211 1725 1269 1752 haec
1283 1725 1412 1763 legitima
1427 1726 1463 1754 est
1477 1726 1506 1755 G
1522 1727 1546 1756 L
1562 1726 1588 1755 R
1601 1727 1719 1764 legitima

1171 1773 1188 1800 9
1211 1764 1251 1791 Ex
1265 1765 1290 1792 A
1305 1767 1331 1792 d.

1154 1811 1163 1830 1
1175 1812 1183 1830 1
1209 1803 1340 1840 scriptum
1363 1805 1388 1832 A
1412 1815 1452 1833 rcs
1477 1808 1505 1834 in
1524 1815 1601 1834 unam
1616 1807 1776 1844 sententiam

1246 1845 1349 1879 scripta

1154 1891 1188 1919 ¹4
1210 1884 1370 1912 testamento
1385 1883 1413 1912 G
1429 1884 1455 1917 -4'1
1470 1887 1497 1911 in
1512 1886 1658 1920 testamento

1154 1931 1186 1961 ¹5
1209 1922 1263 1950 hoc
1279 1923 1364 1952 modo
1374 1925 1456 1960 Asub
1470 1924 1510 1953 his
1522 1926 1608 1954 verbis
1621 1926 1693 1963 (sttp.
1706 1926 1775 1960 lin.)

1154 2011 1188 2039 ¹9
1210 2002 1282 2039 petit
1296 2003 1398 2031 mulier
1414 2003 1437 2031 A
1455 2002 1478 2031 L
1490 2003 1516 2038 ψ
1528 2003 1575 2031 illa
1584 2006 1654 2041 petit

1148 2056 1189 2063 —
1209 2042 1325 2069 Tullius
1340 2043 1368 2070 G
1383 2043 1466 2070 Filim

1150 2090 1188 2110 20
1208 2081 1276 2109 velit
1292 2083 1316 2109 A
1333 2082 1356 2109 L
1372 2083 1397 2110 R
1409 2083 1434 2116 ψ
1449 2082 1516 2110 volet
1531 2083 1560 2111 G
1575 2083 1655 2111 vellet

1145 2135 1187 2142 —
1206 2121 1304 2158 ipseA
1322 2121 1509 2150 LRinGd.

1147 2175 1188 2182 —
1207 2161 1233 2188 ei
1250 2160 1278 2188 G
1294 2161 1320 2188 d.

1149 2208 1180 2227 21
1207 2199 1243 2227 est
1257 2199 1284 2227 A
1297 2201 1322 2229 d.

1147 2247 1185 2268 22
1206 2239 1249 2267 Ex
1261 2239 1284 2267 L
1299 2240 1326 2267 d.

1149 2287 1185 2316 ²3
1208 2278 1237 2306 in
1253 2279 1278 2311 ψ
1293 2279 1348 2306 inab

1147 2327 1183 2356 25
1205 2318 1369 2346 Saturninus
1385 2318 1408 2346 L
1422 2316 1450 2352 ψ
1464 2317 1602 2346 Saturniur

1146 2367 1184 2394 30
1204 2357 1382 2395 largitionem
1396 2356 1422 2392 ψ
1436 2357 1610 2392 elargitiontm

1147 2405 1182 2433 33
1205 2397 1330 2434 Collega:
1345 2395 1374 2424 G
1388 2396 1497 2433 Collega
1510 2397 1562 2435 ejus

1148 2445 1182 2474 35
1207 2435 1302 2472 Caepio
1317 2434 1343 2471 ψ
1357 2436 1441 2475 Scipi?

1143 2489 1184 2498 —
1205 2483 1236 2506 ut
1251 2477 1278 2504 A
1291 2476 1317 2503 d.
