2335 3009
1116 197 1321 280 [70]

836 450 928 507 M.
1045 447 1596 506 TULLII

566 663 1877 764 CICERONIS

768 905 1673 984 EPISTOLAE

695 1129 891 1185 AD
1009 1125 1743 1184 BRUTUM.

878 1347 1122 1385 Cxcnko
1167 1346 1381 1384 Bnuro
1432 1346 1471 1385 S.
1515 1346 1570 1384 D.

530 1478 563 1516 1.
690 1475 913 1514 UCIUS
951 1473 1134 1520 Clodius,
1166 1475 1349 1513 tribunus
1382 1472 1509 1526 plebis
1541 1472 1776 1526 defignatus,
1807 1474 1918 1513 valde

717 1554 780 1579 me
800 1540 948 1593 diligit,
971 1540 1047 1585 vel,
1071 1550 1114 1578 ut
1133 1537 1391 1589 ὲμφαιτικώτερσν
1412 1539 1555 1584 dicam,
1584 1539 1694 1577 valde
1715 1552 1779 1577 me
1798 1548 1917 1579 amat.

530 1608 650 1660 Qod
671 1621 764 1645 cum
785 1606 887 1646 mihi
908 1607 962 1644 ita
982 1605 1203 1659 persuasum
1225 1605 1284 1650 fit,
1317 1617 1395 1642 non
1416 1604 1557 1643 dubito
1580 1605 1697 1657 (bene
1717 1605 1825 1643 enim
1855 1618 1920 1643 me

530 1674 648 1724 nosti)
682 1672 779 1725 quin
812 1673 929 1710 illum
961 1685 1121 1724 quoque
1148 1670 1302 1723 judices
1335 1683 1355 1707 a
1386 1683 1449 1708 me
1480 1670 1614 1708 amari.
1662 1669 1781 1709 Nihil
1811 1671 1919 1709 enim

529 1739 631 1778 mihi
653 1738 784 1776 minus
805 1737 980 1775 hominis
1003 1736 1171 1780 videtur,
1203 1749 1323 1788 quarn
1356 1749 1433 1773 non
1466 1735 1693 1788 respondere
1720 1736 1761 1773 in
1789 1749 1919 1773 amore

529 1805 592 1850 iis,
624 1819 644 1842 a
675 1803 820 1856 quibus
851 1816 1075 1856 provocere.
1123 1802 1160 1839 Is
1192 1800 1292 1839 mihi
1314 1800 1414 1839 visus
1436 1800 1488 1839 est
1521 1801 1717 1854 suspicari,
1750 1814 1820 1839 nec
1843 1801 1920 1840 fine

528 1885 674 1924 magno
695 1869 857 1922 quidem
879 1869 1028 1914 dolore,
1060 1867 1210 1921 aliquid
1231 1881 1251 1905 a
1272 1867 1362 1913 suis,
1396 1867 1454 1905 vel
1477 1882 1544 1921 per
1570 1868 1655 1906 suos
1677 1868 1808 1920 potius
1839 1868 1919 1906 ini-

530 1937 671 1981 micos,
703 1935 748 1972 ad
771 1944 808 1973 te
828 1935 899 1972 esse
921 1934 1110 1978 delatum,
1142 1947 1222 1985 quo
1244 1943 1333 1972 tuus
1355 1934 1508 1972 animus
1530 1949 1550 1972 a
1570 1935 1606 1972 se
1630 1933 1720 1972 esset
1740 1934 1917 1972 alienior.

529 2002 625 2041 Non
661 2000 778 2043 soleo.
811 2000 866 2037 mi
902 2000 1035 2043 Brute,
1070 1998 1195 2050 (quod
1219 1999 1290 2036 tibi
1314 2008 1454 2036 notum
1475 1998 1546 2037 effe
1566 1998 1750 2048 arbitror)
1775 2009 1920 2036 temere

529 2067 720 2105 affirmare
756 2065 802 2103 de
837 2065 986 2103 altero:
1019 2064 1071 2102 cst
1103 2064 1210 2101 enim
1246 2063 1524 2116 periculosum,
1556 2073 1714 2117 propter
1744 2064 1920 2102 occultas

528 2130 742 2170 hominum
765 2130 1000 2175 voluntates,
1034 2129 1353 2182 multiplicesque
1376 2139 1544 2167 naturas.
1587 2129 1719 2167 Clodii
1742 2130 1920 2167 animum

529 2197 773 2250 perspectum
796 2195 936 2240 habeo,
969 2196 1190 2247 cognitum,
1217 2195 1470 2246 judicatum:
1505 2195 1629 2233 multa
1651 2197 1733 2248 ejus
1760 2195 1918 2240 indicia,

529 2262 593 2300 scd
627 2261 673 2299 ad
710 2261 961 2299 scribendum
998 2274 1076 2298 non
1111 2259 1338 2298 neccssaria:
1372 2261 1462 2298 volo
1494 2261 1600 2298 enim
1634 2260 1709 2298 hoc
1743 2260 1920 2298 testimo-

531 2328 643 2365 nium
667 2327 739 2364 tibi
763 2326 883 2363 videri
908 2326 1053 2378 potius,
1084 2339 1201 2377 quam
1223 2325 1440 2378 epistolam.
1490 2327 1638 2363 Audus
1664 2326 1828 2363 Antonii
1851 2326 1920 2363 be-

531 2392 673 2431 neficio
693 2392 772 2430 cst:
806 2393 888 2444 ejus
912 2392 1029 2445 ipsius
1053 2391 1233 2430 beneficii
1266 2405 1406 2444 magna
1439 2406 1523 2444 pars
1556 2406 1575 2429 a
1609 2402 1644 2429 tc
1676 2392 1756 2429 cst:
1791 2392 1922 2443 itaque

529 2470 636 2502 cum,
669 2456 780 2495 salvis
814 2457 945 2503 nobis,
977 2457 1095 2496 vellet
1128 2456 1290 2497 salvum.
1337 2458 1384 2497 In
1412 2470 1503 2498 cum
1531 2467 1661 2497 autem
1684 2458 1816 2496 locum
1838 2468 1921 2495 rem
