2335 3009
595 217 694 256 AD
753 212 1267 254 HERENNIUM
1325 213 1562 255 LIB.11.

384 311 618 359 oportueritne
645 311 681 346 in
709 322 749 346 ea
777 322 812 345 re
833 320 989 364 peccare,
1019 307 1054 342 in

384 370 456 408 qua
484 360 571 395 alius
600 370 678 394 ante
709 359 867 406 peccarit.
919 357 1055 392 Deinde

383 409 619 456 oportueritne
649 407 825 460 judicium
858 416 935 442 ante
966 406 1053 441 fieri.

384 457 531 499 Deinde,
547 469 629 492 cum
647 455 778 491 factum
790 454 965 509 judicium
984 467 1052 489 non

382 506 426 540 fit
441 506 483 540 de
501 505 561 540 illo
577 505 730 547 crimine,
756 504 855 552 quod
884 516 918 538 in
946 503 1053 538 aliurn

384 553 617 596 transferatur,
647 563 851 608 oporteatne
879 552 922 587 de
950 564 988 587 ea
1019 564 1054 587 re

378 601 552 649 judicium
583 602 668 644 fieri,
707 614 790 650 quae
820 614 870 636 res
897 601 932 636 in
956 600 1052 648 judi

382 651 477 686 cium
495 663 564 686 non
580 651 720 686 venerit.
758 651 878 686 Locus
895 662 1053 685 commu-

383 700 435 734 nis
464 699 682 754 accuiatoris,
719 710 840 734 contra
865 711 960 741 eum,
991 699 1052 746 qui

382 748 461 794 plus
490 748 620 783 censeat
649 749 734 791 vim,
773 760 880 795 quam
907 746 1052 794 judicia,

380 797 494 831 valere
521 806 691 851 oportere,
723 807 757 831 et
783 797 828 831 ab
857 796 1053 832 adversariis

380 845 664 892 percunctabitur
682 845 866 887 accusator,
893 845 980 892 quid
997 844 1052 880 fu-

380 904 499 929 turum
527 895 579 937 sit,
607 895 630 929 si
657 895 746 929 idem
774 894 888 929 caeteri
905 893 1050 936 faciant,

383 952 422 977 ut
439 943 482 978 de
499 943 702 981 indemnatis
719 943 887 991 supplicia
903 942 1050 985 iumant,

380 993 478 1038 quod
494 1004 551 1027 eos
569 993 658 1027 idem
671 991 782 1027 fecisse
795 992 921 1027 dicant.
950 992 1051 1037 Quid

381 1041 406 1075 fi
424 1040 492 1087 ipse
508 1041 682 1076 accusator
696 1041 785 1075 idem
798 1039 908 1075 facere
924 1041 1050 1075 voluis-

379 1090 454 1123 set?
483 1088 650 1124 Defensor
664 1101 784 1124 eorum
807 1089 939 1136 peccati
961 1099 1048 1124 atro-

380 1137 518 1172 citatem
548 1137 709 1185 proferet,
737 1138 770 1172 in
803 1150 891 1185 quos
921 1137 1050 1172 crimen

381 1186 626 1229 transferetur·‚
655 1199 737 1229 rem,
751 1187 880 1240 locum,
900 1196 1048 1233 tempus,

380 1244 458 1270 ante
474 1236 594 1270 oculos
612 1246 730 1283 ponet,
757 1245 795 1270 ut
813 1235 848 1276 ii,
875 1247 937 1282 qui
955 1235 1049 1269 audi-

377 1293 450 1326 ent,
475 1284 668 1319 existiment
695 1294 754 1318 aut
787 1295 856 1318 non
891 1283 1049 1335 potuisse,

379 1341 440 1366 aut
461 1344 529 1367 non
552 1331 651 1367 fuisse
667 1332 764 1375 utile,
782 1343 854 1366 rem
879 1329 1050 1378 injudici-

378 1391 440 1415 um
456 1381 582 1416 venire.

427 1430 497 1464 XV
503 1431 526 1464 1.
554 1430 733 1465 Concessio
761 1428 822 1471 est,
852 1441 914 1477 per

378 1478 479 1513 nobis
498 1478 624 1526 ignosci
643 1479 869 1535 postulamus.
896 1478 949 1514 Ea
959 1478 1048 1513 divi-

377 1526 473 1561 ditur
498 1539 532 1562 in
550 1529 790 1575 purgationem
805 1537 840 1561 et
860 1527 1047 1574 deprecati-

377 1587 490 1611 onem.
526 1576 694 1623 Purgatio
709 1576 769 1618 est,
796 1587 876 1610 cum
891 1575 1048 1612 consulto

378 1635 398 1658 a
415 1624 514 1659 nobis
531 1624 664 1660 facturn
682 1637 857 1672 negamus.
889 1625 942 1660 Ea
958 1625 1048 1660 divi-

377 1673 498 1708 ditur
490 1686 523 1708 in
543 1674 832 1715 necessitudinem,
856 1672 1046 1716 fortunam,

378 1721 656 1769 imprudentiam.
675 1723 730 1757 De
743 1722 793 1757 his
804 1722 956 1770 primum
970 1735 1046 1770 par-

379 1770 473 1805 tibus
497 1771 744 1806 ostendendum
761 1771 808 1806 est
821 1788 831 1812 3
859 1771 982 1806 deinde
1003 1771 1047 1806 acl

376 1819 650 1867 deprecationem
683 1821 921 1855 revertendum
950 1820 1046 1854 vide-

378 1877 446 1903 tur.
470 1869 628 1904 Primum
641 1869 924 1903 considerandum
936 1869 996 1911 est,
1008 1881 1047 1903 u-

941 1441 1049 1477 quam

377 1927 470 1952 trum
487 1930 548 1965 per
563 1919 704 1965 culpam
720 1928 862 1952 ventum
880 1918 921 1952 fit
940 1919 971 1952 in
990 1929 1047 1952 ne-

376 1967 621 2010 cessitudinem,
638 1979 721 2001 num
733 1968 873 2014 culpam
890 1966 1048 2001 veniendi

363 2039 367 2041 -
378 2016 584 2050 necessitudo
596 2015 724 2050 fecerit.
745 2015 878 2050 Deinde
888 2027 1045 2069 quaeren3

376 2064 462 2098 dum
473 2064 534 2107 est,
547 2076 659 2112 ecquo
669 2064 774 2099 modo
790 2064 840 2098 vis
859 2065 916 2099 illa
944 2063 1045 2099 vitari

363 2113 541 2159 potuerit,
552 2125 589 2148 ac
601 2113 718 2148 levari.
734 2112 886 2148 Deinde
879 2125 918 2155 is,
933 2113 995 2160 qui
1010 2112 1045 2147 in

380 2163 652 2198 necessitudinem
695 2162 828 2197 causam
878 2167 1042 2204 conteret,

377 2211 577 2264 expertuine
599 2211 651 2253 sit,
677 2211 763 2258 quid
791 2221 910 2246 contra
936 2209 1047 2246 facere

379 2268 437 2292 aut
454 2260 646 2306 excogitare
658 2260 775 2307 posset.
813 2259 948 2295 Deinde
960 2271 1047 2295 num

378 2318 460 2353 quae
505 2307 707 2354 sulpiciones
738 2321 782 2343 ex
826 2308 1045 2356 conjecturali

377 2355 619 2391 constitutione
635 2356 721 2390 trahi
732 2359 867 2404 possint,
886 2369 968 2404 quae
981 2357 1046 2404 sig-

378 2404 528 2445 nificent,
557 2404 591 2438 id
614 2405 770 2440 consulto
801 2405 933 2441 fa&um
965 2407 1043 2448 effe,

379 2453 475 2500 quod
509 2453 687 2489 necessario
718 2454 872 2491 accidiffe
904 2454 1042 2492 dicitur.

1696 215 1772 266 167

1103 306 1240 344 Deinde
1254 307 1278 343 fi
1297 307 1444 347 maxime
1457 309 1663 344 necessitudo
1675 321 1773 356 quae·

1104 356 1198 403 piam
1216 355 1332 399 fuerit,
1358 358 1584 392 conveniatne
1600 370 1674 393 eam
1697 358 1774 393 satis

1104 405 1262 440 idoneam
1280 405 1414 441 causam
1432 406 1556 460 putari.
1605 407 1641 441 Si
1659 417 1774 442 autem

1103 453 1334 501 imprudentia
1353 466 1427 489 reus
1455 455 1485 490 1e
1503 456 1651 501 peccasse
1669 455 1772 508 dicet,

1102 502 1256 549 primum
1274 513 1462 550 quaeretur,
1486 513 1604 538 utrum
1622 504 1774 551 potuerit

1102 550 1196 592 scire,
1241 563 1283 585 an
1319 563 1386 586 non
1417 552 1579 600 potuerit.
1628 553 1772 595 Deinde,

1102 609 1222 634 utrum
1239 600 1317 635 data
1347 602 1386 634 lit
1415 612 1529 648 opera,
1558 611 1597 636 ut
1621 601 1772 644 sciretur,

1104 660 1145 683 an
1164 661 1242 684 non.
1287 648 1434 691 Deinde,
1462 660 1581 684 utrum
1610 650 1686 684 casu
1717 663 1773 685 ne-

1102 697 1223 740 scierit,
1267 709 1309 732 an
1343 698 1457 745 culpa.
1517 698 1612 734 Nam
1646 698 1708 745 qui
1742 699 1773 733 se

1102 757 1245 794 propter
1271 746 1407 788 vinum,
1441 756 1500 782 aut
1523 759 1686 788 amorem,
1715 758 1775 782 aut

1103 795 1328 837 iracundiam,
1346 794 1468 842 fugisse
1486 796 1651 830 rationem
1669 796 1772 838 dicet,

1101 843 1129 878 is
1160 844 1264 879 animi
1298 844 1383 879 vitio
1420 844 1594 879 videbitur
1626 844 1772 886 nescisse,

1101 905 1170 927 non
1189 893 1429 938 imprudentia.
1473 894 1594 940 Quare
1612 906 1681 928 non
1709 894 1772 929 im-

1101 941 1284 989 prudentia
1314 941 1344 977 se
1372 941 1544 985 defendet,
1581 942 1634 977 sed
1669 943 1773 990 culpa

1101 990 1359 1026 contaminabit.
1400 991 1533 1026 Deinde
1551 989 1773 1038 conjecturali

1099 1039 1343 1074 constitutione
1356 1049 1546 1086 quaeretur,
1560 1050 1678 1075 utrum
1692 1040 1772 1075 scie-

1100 1087 1155 1130 rit,
1182 1099 1223 1122 an
1248 1088 1465 1134 ignoraverit,
1493 1098 1526 1123 et
1544 1089 1772 1125 considerabi-

1099 1146 1168 1179 tur,
1207 1136 1323 1171 iatilne
1356 1137 1587 1184 imprudentia
1620 1138 1771 1184 praefidii

1098 1185 1221 1220 debeat
1237 1185 1313 1227 efle,
1340 1197 1420 1220 curn
1443 1183 1575 1220 factum
1601 1188 1666 1222 effe
1687 1199 1770 1223 con-

1099 1233 1161 1269 stet
1186 1233 1430 1281 imprudenter
1474 1235 1602 1269 Cum
1594 1248 1627 1271 1n
1657 1234 1769 1272 fortu-

1100 1294 1179 1317 nam
1197 1282 1295 1316 causa
1313 1282 1519 1324 conferetur,
1543 1294 1578 1319 et
1599 1297 1638 1320 ea
1660 1297 1695 1320 re
1711 1285 1770 1321 de-

1098 1329 1210 1365 fensor
1240 1330 1368 1385 ignosci
1399 1343 1455 1366 reo
1484 1332 1575 1367 dicet
1600 1343 1772 1380 oportere,

1098 1379 1215 1413 eadem
1233 1379 1349 1414 omnia
1369 1379 1531 1414 videntur
1557 1382 1771 1418 consideran-

1099 1428 1154 1470 da,
1173 1440 1255 1475 quae
1273 1428 1316 1462 de
1333 1429 1573 1464 neceffitudine
1590 1430 1771 1479 praescrip-

1099 1486 1134 1512 ta
1166 1477 1254 1512 sunt.
1297 1477 1437 1512 Etenim
1469 1489 1588 1514 omnes
1618 1479 1672 1514 hae
1703 1490 1769 1515 tres

1097 1535 1209 1573 partes
1226 1526 1441 1573 purgationis
1458 1526 1545 1561 inter
1562 1527 1592 1562 se
1609 1529 1768 1564 finitimae

1097 1574 1187 1617 sunt,
1215 1584 1255 1609 ut
1283 1587 1318 1609 in
1336 1587 1454 1610 omnes
1470 1575 1587 1611 eadem
1605 1576 1674 1612 fere
1691 1578 1768 1625 pos-

1097 1623 1163 1658 sint
1185 1624 1449 1659 accommodari.
1492 1625 1583 1660 Loci
1610 1637 1768 1662 commu-

1097 1684 1155 1707 nes
1174 1672 1208 1707 in
1225 1672 1277 1707 his
1295 1673 1427 1714 caufis-‚
1447 1674 1667 1710 Accusatoris
1685 1688 1768 1711 con-

1097 1731 1150 1756 tra
1165 1733 1259 1764 eum,
1277 1721 1351 1768 qui,
1370 1734 1452 1756 cum
1469 1722 1500 1756 se
1519 1724 1668 1776 peccasse
1684 1736 1767 1759 con-

1097 1771 1246 1811 fiteatur,
1290 1780 1403 1805 tamen
1444 1772 1597 1806 oratione
1631 1771 1769 1818 judices

1096 1819 1315 1859 demoretur3
1343 1817 1549 1863 Defensoris,
1575 1820 1617 1855 de
1646 1821 1766 1857 huma-

1096 1867 1215 1909 nitate,
1257 1867 1508 1910 misericordia·,
1552 1870 1768 1906 voluntatem

1097 1916 1131 1951 in
1155 1916 1318 1952 omnibus
1345 1916 1447 1951 rebus
1472 1917 1612 1964 spefflfflri
1637 1931 1765 1954 conve-

1098 1965 1181 2007 nire,
1218 1975 1253 2000 et
1279 1976 1360 2012 quae
1391 1965 1548 2001 consulto
1577 1965 1668 2002 faeta
1697 1981 1768 2004 non

1097 2014 1174 2054 sint,
1205 2025 1244 2048 ea
1267 2013 1381 2049 fraudi
1406 2014 1470 2048 esse
1500 2027 1568 2050 non
1597 2027 1768 2063 oportere.

1150 2063 1269 2098 XVII.
1312 2063 1563 2110 Deprecatione
1603 2074 1766 2107 utemur,

1093 2123 1176 2146 cum
1203 2110 1390 2147 fatebimur
1425 2124 1485 2148 nos
1513 2114 1674 2160 peccasse,
1706 2127 1764 2150 ne-

1093 2173 1163 2207 que
1185 2160 1221 2195 id
1252 2160 1497 2207 imprudenter,
1523 2172 1582 2197 aut
1603 2161 1766 2206 fortuitu,

1094 2219 1156 2244 aut
1181 2210 1373 2252 necessario,
1399 2208 1511 2244 fecisse
1539 2210 1706 2254 dicemus,
1731 2222 1765 2247 et

1095 2268 1209 2294 tamen
1226 2258 1354 2305 ignosci
1374 2259 1473 2293 nobis
1499 2259 1764 2306 postulabimus

1096 2308 1169 2343 Hic
1187 2306 1381 2354 ignoscendi
1413 2307 1500 2341 ratio
1527 2308 1697 2354 quaeritur
1721 2322 1764 2344 ex

1096 2356 1136 2391 iis
1154 2356 1252 2397 locis,
1278 2356 1303 2390 s1
1330 2355 1432 2402 plura
1460 2366 1519 2390 aut
1541 2368 1671 2403 maJora
1685 2358 1764 2396 offi-

1093 2405 1158 2448 cia,
1194 2415 1301 2451 quam
1333 2404 1514 2448 maleficia,
1551 2405 1764 2442 videbuntur

1092 2453 1266 2497 constare3
1282 2452 1307 2489 fi
1320 2464 1391 2501 qua
1401 2454 1511 2490 virtus
1525 2464 1586 2490 aut
1601 2454 1763 2492 nobilitas
