2335 3009
714 218 822 259 AD
899 217 1305 263 BRUTUM.
1657 241 1711 284 95

318 319 449 360 dolores
465 318 607 372 nostros.
654 315 756 369 Qid
781 316 872 354 enim
899 315 1030 369 nostra,
1061 316 1198 356 vibium
1224 317 1284 371 ‘ff'
1302 320 1517 367 Antonium,
1533 322 1577 374 st
1591 324 1711 365 vibJus

318 385 378 440 ‘st’
394 395 436 425 ut
453 385 520 424 alii
534 393 687 423 vacaret
706 380 800 436 quod
813 382 869 420 ille
886 382 1040 421 obtinuit
1056 383 1077 422 ,9
1092 385 1234 435 ιαηιεζβ
1247 393 1324 424 tuae
1341 386 1458 426 literae
1476 387 1584 428 dubia
1602 390 1711 431 etiam

319 464 414 490 nunc
416 449 644 503 signficant.
689 449 806 487 Vivat
838 447 978 486 hercule
1007 449 1143 494 Cicero,
1175 449 1239 502 qui
1256 451 1382 504 potest,
1397 454 1554 506 stipplex
1580 464 1616 494 et
1646 455 1709 495 ob—

317 515 454 559 noxius,
469 515 513 567 st
528 529 637 568 neque
653 514 791 559 centis,
820 527 929 566 neque
947 514 1130 559 honorum,
1160 528 1270 567 neque
1287 530 1409 555 rerum
1424 519 1617 571 gestarum,
1631 530 1709 574 pu-

317 581 390 622 det.
421 582 502 635 Ego
520 591 629 625 certe,
659 581 744 634 quin
764 594 842 618 cum
861 580 935 633 ipsa
954 594 995 618 re
1011 580 1136 619 bellum
1150 595 1290 633 geram,
1319 581 1384 621 hoc
1401 584 1459 635 est,
1489 599 1567 623 cum
1587 600 1709 639 regno,

317 657 355 688 et
373 648 527 702 imperiis
547 646 858 690 extraordinariis,
887 656 923 685 et
950 645 1194 691 dominatione,
1225 656 1260 685 et
1282 649 1461 700 potentia,
1493 665 1573 703 quae
1589 651 1710 704 stcpra

317 715 406 768 leges
420 715 465 768 fi
493 713 553 768 ff
572 713 675 757 velit,
704 713 803 751 nulla
822 712 893 750 erit
913 723 988 750 tam
1007 712 1097 751 bona
1116 713 1264 752 conditio
1268 714 1468 767 serviendi,
1499 731 1571 769 qua
1589 716 1708 757 deter-

317 794 417 825 rear,
446 779 612 834 quamvis
627 778 686 830 fit
716 778 780 817 vir
806 777 927 823 bonus,
957 788 1000 817 ut
1005 779 1154 832 scribis,
1184 781 1369 819 Antonius
1384 797 1398 820 .·
1429 782 1524 835 quod
1536 798 1596 836 ego
1613 798 1706 822 nun-

317 860 423 900 quam
441 846 651 887 existimavi.
694 844 766 883 Sed
778 843 965 889 dominum,
995 859 1038 883 ne
1048 854 1239 898 parentem
1260 847 1407 899 quidem,
1438 848 1584 900 majores
1602 849 1714 903 nostri

317 913 510 951 voluerunt
527 910 598 964 ff’·
632 907 682 949 Τι’
699 909 767 961 nfi
782 919 927 949 tantum
945 924 1115 956 amarem,
1134 922 1308 965 quantum
1329 913 1495 954 Ciceroni
1504 916 1709 970 persuasum

317 977 363 1031 cst
383 977 486 1030 diligi
501 977 548 1015 ab
568 976 736 1020 Octavio,
757 975 782 1014 h
795 990 835 1014 ec
853 975 904 1014 ad
918 985 955 1014 te
972 991 1039 1015 non
1046 977 1269 1031 firipſjſjem.
1301 979 1415 1018 Dolet
1433 979 1533 1025 mihi,
1558 981 1653 1034 quod
1666 991 1709 1020 tu

317 1055 411 1082 nunc
416 1041 669 1095 stomacharis,
697 1041 950 1093 amantffmus
968 1052 1044 1081 tum
1064 1052 1208 1081 tuorum
1227 1044 1392 1089 omnium,
1414 1055 1491 1084 tum
1511 1046 1705 1086 Ciceronis.

319 1107 390 1147 Sed
397 1106 571 1160 persuade
588 1105 669 1150 tibi,
699 1105 740 1143 de
768 1106 954 1145 voluntate
980 1107 1136 1160 propria
1165 1122 1240 1146 mea
1269 1109 1365 1148 nihil
1377 1110 1436 1162 ff
1454 1110 1638 1163 remassiarm
1667 1111 1708 1150 de

304 1172 444 1228 jndicio
461 1171 630 1225 largiter.
675 1170 802 1225 Neque
820 1173 910 1211 enim
939 1173 1134 1224 impetrari
1152 1174 1276 1226 potest,
1309 1175 1409 1228 quin,
1440 1176 1541 1228 quale
1559 1177 1709 1231 quidque

315 1239 488 1280 videatur
514 1237 558 1281 ei,
588 1238 695 1276 talem
723 1237 862 1290 quisque
891 1238 932 1276 de
962 1238 1019 1277 illo
1049 1239 1240 1291 opinionem
1273 1241 1417 1280 habeat.
1467 1242 1592 1280 Vellem
1621 1244 1712 1282 mihi

300 1303 505 1361 strt'pfiffes,
538 1318 618 1356 quae
648 1302 758 1341 condia
766 1301 856 1341 iones
888 1303 992 1355 efflent
1011 1304 1156 1343 Atticae
1185 1305 1310 1358 nostrae
1323 1322 1338 1344 .-
1361 1306 1546 1358 potuiffem
1574 1308 1714 1361 aliquid

315 1372 386 1413 tibi
402 1371 442 1409 de
460 1384 530 1409 meo
534 1371 642 1424 senst‘
654 1368 889 1422 perscribere.
922 1369 1164 1409 Valetudinem
1183 1371 1327 1409 Porciae
1344 1386 1428 1410 meae
1446 1372 1517 1410 tibi
1533 1386 1632 1412 curae
1649 1373 1710 1426 effe

314 1452 382 1479 non
401 1436 526 1476 miror.
567 1435 736 1489 Denique
754 1435 848 1489 quod
854 1435 965 1489 petis,
980 1436 1126 1490 faciam
1143 1436 1294 1475 libenter
1306 1453 1321 1476 :
1350 1451 1434 1476 narn
1452 1437 1560 1477 etiam
1564 1440 1710 1492 sorores

316 1520 369 1545 me
383 1511 516 1557 rogant
531 1519 545 1542 :
575 1511 612 1541 et
629 1502 799 1541 hominem
819 1516 917 1551 noro,
949 1512 985 1542 et
1003 1503 1093 1557 quid
1090 1503 1168 1556 fibi
1184 1504 1354 1545 voluerit.
1387 1504 1486 1544 Vale.

715 1705 958 1743 CxctRo
1004 1704 1219 1744 Rnurro
1265 1706 1308 1745 S.

318 1832 476 1872 XVIII.
500 1829 568 1904 C
584 1832 623 1870 U
638 1831 688 1869 M
717 1832 814 1886 saepe
840 1841 878 1871 te
906 1830 1031 1870 literis
1055 1831 1234 1871 hortatus
1255 1832 1385 1880 effem,
1416 1843 1461 1873 ut
1481 1847 1600 1888 quam
1620 1837 1706 1889 pri-

589 1911 701 1936 mum
724 1899 952 1951 reipublicae
973 1897 1211 1944 subvenires,
1238 1899 1277 1937 in
1301 1900 1534 1953 Italiamque
1553 1903 1706 1941 exerci-

316 1971 401 2001 tum
422 1962 646 2008 adduceres,
679 1977 805 2015 neque
837 1963 877 2001 id
909 1964 1114 2002 arbitrarer
1140 1964 1318 2003 dubitare
1339 1975 1427 2004 tuos
1449 1968 1673 2007 neceflarios
1689 1987 1702 2015 3

315 2039 470 2081 rogatus
504 2030 589 2068 sum
621 2044 642 2068 a
672 2029 968 2083 prudentiffima
998 2040 1036 2068 et
1057 2030 1352 2083 diligentiffima
1372 2032 1550 2079 foemina,
1583 2045 1706 2072 matre

316 2103 396 2140 t-ua,
422 2097 535 2149 cujus
556 2110 692 2135 omnes
715 2110 815 2136 curae
836 2097 881 2135 ad
903 2106 940 2135 te
961 2095 1197 2143 referuntur,
1221 2108 1258 2135 et
1280 2099 1318 2136 in
1343 2109 1380 2137 te
1400 2100 1702 2147 consumuntur,

317 2169 361 2199 ut
382 2163 552 2201 venirem
573 2163 619 2202 ad
641 2163 677 2202 se
697 2177 731 2203 a.
754 2163 793 2202 d.
819 2177 905 2202 vul
929 2163 1019 2202 Kal.
1044 2163 1151 2202 Sext.
1174 2164 1281 2217 quod
1300 2179 1387 2218 ego,
1407 2176 1449 2203 ut
1470 2166 1603 2211 debui,
1628 2167 1704 2205 fine

317 2240 427 2265 mora
454 2227 544 2267 feci.
593 2231 699 2268 Cum
725 2238 855 2269 autern
883 2229 1082 2276 veniffem,
1116 2230 1235 2268 Casca
1254 2231 1396 2277 aderat,
1428 2241 1466 2269 et
1488 2232 1634 2277 Labeo,
1665 2242 1706 2270 et

319 2292 510 2345 Scaptius.
557 2296 612 2333 At
644 2295 712 2334 illa
737 2296 888 2341 retulit,
919 2296 1185 2349 quaefivitque,
1218 2298 1407 2349 quidnam
1430 2297 1528 2334 nnhi
1551 2298 1701 2336 videre-

317 2367 404 2396 tur:
439 2358 754 2399 arcesseremusne
775 2371 826 2407 te,
850 2371 966 2414 atque
987 2362 1025 2399 id
1049 2363 1120 2400 tibi
1143 2362 1361 2400 conducere
1383 2372 1630 2415 putaremus,
1655 2377 1703 2402 an

317 2424 478 2469 tardare,
501 2434 539 2462 et
559 2428 793 2465 commorari
817 2438 866 2472 te,
891 2428 1031 2466 melius
1053 2427 1157 2466 esset.
1193 2429 1390 2481 Respondi
1413 2429 1466 2474 id,
1489 2436 1593 2481 quod
1617 2429 1703 2467 sen-

316 2489 462 2528 tiebam
483 2499 522 2528 et
542 2489 726 2543 dignitati
745 2501 786 2531 et
803 2493 1082 2532 existimationi
1102 2503 1178 2534 tuce
1200 2495 1374 2535 maxime
1400 2506 1633 2541 conducere,
1667 2506 1707 2533 te
