2241 2994
516 203 596 247 334-

513 286 642 333 greffus
659 286 738 323 Kal.
758 286 851 322 Sext.
878 286 976 331 venit
991 286 1184 334 Syracusas.

514 336 609 371 Cum
632 345 747 370 autem
776 335 912 382 postero
938 335 994 370 die
1015 338 1109 379 venti
1134 336 1184 383 ip-

514 382 589 419 sum
618 396 661 418 ex
695 383 812 419 Sicilia
841 384 882 418 ad
913 383 1184 431 Leucopetram,

514 432 613 480 quod
629 432 677 468 est
704 434 982 480 promontorium
1001 434 1074 480 agri
1091 433 1183 477 Rhe-

515 481 600 528 gini,
627 481 844 522 detuliffent;
871 482 915 516 ab
939 494 980 527 ep
1007 483 1086 518 loco
1103 494 1184 518 con-

515 530 656 572 scendit,
683 540 721 565 ut
739 531 1002 572 transmitteret;
1028 542 1061 565 et
1080 531 1186 566 stadia

514 579 650 615 circiter
690 591 767 615 ccc.
810 581 994 626 provectus
1043 578 1184 626 rejetftus

515 627 648 664 Austro
672 628 867 674 vehementi
895 628 943 663 est
972 629 1015 664 ad
1043 628 1186 663 eandem

514 677 780 724 Leucopetram.
804 677 970 723 Cumque
988 677 1187 723 intempesta

515 737 586 763 nox
603 726 694 768 esset,
722 726 959 772 mansissetque
982 725 1015 760 in
1043 725 1126 759 villa
1144 726 1185 761 P.

516 773 658 815 Valerii,
688 773 825 810 comitis
855 784 889 816 et
915 773 1092 808 familiaris
1123 774 1185 816 sui,

516 823 749 871 postridieque
782 823 876 870 apud
904 823 1067 864 eundem,
1105 835 1186 858 veu-

517 881 593 907 tum
621 871 818 919 expectans,
845 881 1007 914 maneret,
1034 871 1187 919 Rhegini

516 920 661 968 quidam
679 919 824 956 illustres
847 932 889 956 eo
919 930 1086 956 venerunt
1113 921 1186 956 Ro-

517 981 586 1015 ma,
624 969 686 1016 qui
722 968 891 1005 summam
922 969 1015 1015 spem
1050 969 1186 1003 nuntia-

516 1018 612 1059 bant,
647 1017 733 1060 fore,
768 1028 808 1053 ut
834 1018 1012 1052 Antonius
1040 1017 1186 1061 cederet,

516 1079 567 1102 res
585 1066 795 1109 conveniret,
822 1066 964 1101 Caesaris
992 1065 1187 1101 interfecto-

516 1127 567 1150 res
606 1116 759 1151 Romam
789 1115 945 1150 redirent.
997 1114 1188 1150 Addebant

514 1164 630 1208 etiarn,
677 1163 882 1199 Ciceronem
932 1163 1110 1198 desiderari
1152 1173 1187 1198 et

515 1211 742 1248 subaccusari.
796 1213 894 1260 Qae
919 1224 1000 1247 cum
1031 1211 1187 1255 audisset,

516 1262 585 1297 sine
603 1261 675 1297 ulla
691 1261 909 1297 dubitatione
937 1259 1062 1308 abjecit
1079 1261 1179 1296 confi-

516 1311 603 1346 lium
621 1309 855 1357 profec'tionis.
900 1310 1021 1357 Itaque
1037 1310 1190 1345 celeriter

515 1359 651 1394 Veliam
667 1359 829 1394 devectus
847 1359 1010 1394 convenit
1025 1359 1188 1402 Brutum,

515 1407 578 1456 qui
597 1408 719 1443 cedens
737 1407 836 1443 Italia
853 1419 935 1442 cum
955 1407 1020 1443 suis
1039 1407 1187 1443 navibus

514 1466 587 1492 erat
604 1457 698 1505 apud
729 1456 893 1492 Haletem
917 1457 1066 1492 fluvium
1097 1456 1188 1491 circa

515 1506 662 1541 Veliam.
700 1505 820 1551 Philip.
841 1505 868 1540 Ῑ.
895 1515 966 1551 cap.
994 1517 1026 1551 3.
1048 1513 1078 1541 et
1103 1505 1186 1551 epist.

518 1565 551 1601 7.
576 1555 628 1590 lib.
660 1554 762 1590 XVI.
789 1553 834 1588 ad
852 1555 923 1590 An.
968 1554 1052 1590 Inde
1076 1554 1188 1589 ventis

517 1603 685 1650 remisque
711 1604 744 1638 in
763 1602 908 1650 patriam
933 1605 1029 1638 omni
1051 1601 1186 1637 festina-

516 1652 610 1687 tione
626 1651 838 1699 properavit‚
855 1652 937 1697 epist.
959 1663 1016 1696 25.
1034 1651 1088 1687 lib.
1105 1652 1187 1687 XII.

515 1701 630 1737 Famit.
674 1699 866 1736 Accedenti
893 1700 935 1735 ad
955 1699 1075 1735 urbem
1095 1711 1189 1736 tanta

516 1749 721 1791 multitudo,
760 1758 800 1784 ut
828 1748 1024 1785 Plutarchus
1058 1749 1187 1792 scribit,

515 1798 658 1834 obviam
677 1799 846 1846 proceffit‚
874 1808 914 1833 ut
940 1798 1027 1833 dum
1046 1800 1088 1833 ad
1107 1810 1186 1846 por·

516 1857 568 1883 tas
587 1847 832 1894 ingredientem
855 1847 1035 1895 excipiunt
1062 1847 1187 1882 adven-

516 1906 666 1943 tumque
683 1896 914 1942 gratulantur,
931 1896 1003 1931 dies
1018 1894 1088 1932 fere
1105 1908 1188 1932 con-

516 1945 590 1981 sum
620 1954 675 1980 tus
692 1943 807 1980 fuerit.

605 1993 717 2028 idetur
734 2003 849 2029 autem
868 1993 1098 2036 verisimilius,
1111 2004 1192 2028 eum

518 2042 629 2091 pridie
655 2041 734 2078 Kal.
761 2041 938 2089 Septemb.
966 2043 1116 2077 Romam
1143 2055 1191 2077 re-

517 2090 665 2133 vertisse,
701 2090 797 2137 quod
833 2090 1010 2126 Plutarchi
1043 2091 1192 2126 narratio

517 2140 677 2181 ostendit,
704 2151 811 2187 quam
842 2139 1020 2182 Kalendis,
1055 2150 1094 2174 ut
1126 2141 1193 2187 ipse

518 2189 708 2238 significare
742 2189 879 2224 videtur
919 2190 1002 2235 epist.
1039 2200 1096 2233 ²5·
1138 2190 1191 2225 lib.

517 2239 602 2275 Xll.
637 2237 755 2273 Famil.
798 2238 876 2273 Kal.
907 2238 1082 2285 Septemb.
1112 2239 1189 2273 An-

520 2287 636 2323 tonius
666 2287 818 2321 senatum
850 2287 969 2322 habuit
998 2287 1040 2321 de
1059 2286 1188 2334 suppli-

519 2335 714 2372 cationibus
743 2335 868 2371 Caesari
902 2335 1134 2378 decernendis,
1159 2347 1193 2371 et

520 2385 721 2420 Ciceronem
743 2385 776 2420 in
794 2384 925 2420 curiam
943 2387 1093 2420 vocavit.
1117 2387 1193 2432 Qi

519 2445 602 2470 cum
630 2447 648 2470 e
678 2434 735 2469 via
764 2434 953 2482 langueret,
990 2443 1026 2471 et
1059 2434 1193 2471 sibimet

827 190 893 230 M.
953 190 1021 230 T.÷
1070 191 1600 241 c1cERoN15

1234 286 1439 334 displiceret,
1467 287 1557 323 misit
1586 299 1651 335 pro
1675 288 1826 325 amicitia
1840 290 1904 337 qui

1235 335 1299 371 hoc
1328 336 1357 370 ei
1388 337 1527 379 diceret,
1554 337 1693 384 Philipp.
1717 338 1745 374 Ι.
1772 348 1841 384 cap.
1868 350 1903 384 5.

1233 394 1267 420 et
1289 385 1332 419 V.
1354 396 1386 430 7.
1442 385 1650 421 Plutarchus
1680 388 1737 428 ait,
1765 387 1903 422 Cicero-

1235 445 1312 468 nem
1332 434 1507 480 languoris
1535 434 1670 470 causam
1696 435 1904 483 opposuisse,

1234 493 1315 518 cum
1344 495 1377 517 re
1407 483 1542 518 insidias
1573 493 1723 519 metuere
1747 497 1790 520 ex
1816 496 1904 531 qua-

1233 530 1313 570 dam
1349 530 1538 578 suspicione
1563 542 1598 566 et
1627 532 1767 574 indicio,
1806 533 1906 581 quod

1234 578 1320 614 inter
1338 582 1429 613 viam
1454 579 1486 614 ei
1514 578 1646 615 salitum
1663 591 1747 623 erat,
1773 582 1906 617 videre-

1237 636 1305 669 tur.
1357 627 1536 663 Antonius
1578 628 1613 663 id
1647 640 1740 676 aegre
1780 628 1906 672 ferens,

1236 676 1351 722 palam
1377 676 1411 712 in
1441 675 1569 719 senatu,
1595 677 1656 712 nisi
1686 677 1829 721 veniret,
1854 677 1906 713 fa-

1237 725 1318 759 bros
1345 724 1376 759 se
1394 725 1585 767 miffurum,
1610 735 1645 761 et
1670 726 1816 762 domurn
1832 725 1909 774 ejus

1236 773 1511 809 disturbaturum
1552 775 1652 817 dixit,
1697 775 1835 822 Philipp.
1877 776 1906 812 I.

1235 832 1301 868 cap.
1322 835 1356 868 5.
1381 832 1417 857 et
1434 823 1479 858 V.
1506 834 1539 869 7.
1590 823 1800 859 Plutarchus
1829 824 1908 860 scri..

1237 870 1300 912 bit,
1351 872 1549 906 Antonium
1601 872 1726 907 milites
1774 873 1909 917 misisse,

1235 931 1325 966 quos
1342 920 1544 956 Ciceronem
1563 921 1745 964 adducere,
1769 921 1826 957 vel
1843 922 1906 957 do-

1237 980 1334 1003 mum
1352 967 1425 1015 ejus
1453 968 1632 1004 incendere
1654 968 1810 1016 juss‘erit:
1838 970 1908 1013 sed,

1237 1028 1318 1051 cum
1337 1017 1440 1051 multi
1466 1017 1710 1053 intercederent
1732 1027 1767 1054 et
1787 1018 1909 1067 depre-

1236 1075 1408 1108 carentur,
1433 1065 1642 1114 pignoribus
1671 1066 1782 1115 captis
1810 1067 1910 1115 quie·

1235 1113 1328 1149 visse.

1285 1161 1392 1203 Venit
1418 1161 1581 1211 postridie
1611 1163 1646 1199 in
1671 1163 1823 1200 senatum
1849 1164 1913 1201 Ci-

1238 1223 1328 1254 cero,
1357 1223 1439 1246 cum
1465 1212 1643 1248 Antonius
1670 1225 1740 1249 non
1759 1214 1912 1257 veniffet,

1238 1260 1468 1308 locutumque
1485 1261 1516 1296 se
1532 1261 1576 1296 de
1600 1262 1780 1310 oepublica
1796 1262 1914 1299 minus

1238 1309 1381 1357 quidem
1410 1309 1517 1345 libere
1544 1321 1652 1357 quam
1682 1310 1741 1346 sua
1769 1311 1913 1347 consue-

1238 1358 1338 1401 tudo,
1373 1357 1515 1394 liberius
1544 1368 1658 1395 tamen
1686 1371 1794 1407 quam
1823 1360 1912 1408 peri.

1237 1407 1318 1442 cula
1369 1406 1544 1455 minaeque
1585 1408 1820 1456 postulabant,
1863 1409 1913 1445 ait

1236 1456 1378 1502 Philipp.
1398 1457 1442 1491 V.
1469 1465 1538 1502 cap.
1572 1468 1605 1504 7.
1657 1458 1710 1493 At
1736 1459 1820 1504 epist.
1849 1469 1910 1504 25.

1237 1505 1290 1540 lib.
1316 1505 1400 1540 Xll.
1428 1505 1543 1540 Famil.
1579 1505 1709 1549 scribit,
1736 1506 1768 1541 se
1789 1506 1912 1554 postri-

1237 1554 1292 1589 die
1317 1554 1350 1589 in
1370 1553 1503 1589 summa
1521 1554 1734 1602 reliquorum
1752 1554 1915 1591 servitute

1239 1603 1387 1638 liberum
1405 1615 1516 1638 unum
1533 1601 1642 1638 fuisse.

1289 1651 1430 1687 Habuit
1450 1662 1524 1687 tum
1554 1652 1588 1687 in
1616 1651 1730 1687 senatu
1761 1651 1913 1700 primam

1239 1701 1424 1736 Orationem
1443 1701 1667 1747 Philippicas»,
1695 1701 1729 1736 in
1755 1713 1826 1748 qua
1842 1702 1912 1749 pri-

1239 1761 1336 1785 mum
1355 1749 1471 1785 itionis
1486 1759 1520 1784 et
1544 1749 1719 1785 reditionis
1737 1749 1807 1785 suae
1827 1761 1911 1785 cau-

1240 1798 1308 1834 sam
1337 1799 1506 1846 exponit:
1543 1798 1664 1834 deinde
1694 1798 1737 1833 de
1763 1798 1912 1834 Antonii

1241 1846 1364 1894 injuria
1393 1857 1427 1882 et
1454 1846 1598 1883 Caesaris
1624 1847 1707 1882 asiis
1731 1847 1909 1895 disputat:

1240 1897 1283 1931 ad
1300 1906 1494 1931 extremum
1517 1896 1715 1932 Antonium
1741 1906 1775 1931 et
1802 1896 1913 1932 Dola-

1244 1945 1370 1980 bellam
1392 1945 1472 1980 coss.
1501 1945 1543 1980 ad
1570 1944 1820 1992 rempublicam
1839 1957 1915 1980 mo-

1242 1994 1355 2028 derate
1374 1993 1556 2041 regendam
1573 1994 1784 2029 cohortatur.
1812 1994 1914 2029 Tum

1244 2043 1420 2078 Antonius
1452 2044 1499 2077 ira
1535 2042 1687 2077 incensus
1719 2041 1914 2078 inimicitias

1244 2091 1402 2127 Ciceroni
1420 2091 1649 2133 denuntiavit,
1675 2101 1779 2138 atque
1807 2092 1915 2127 adesse

1246 2141 1278 2175 in
1297 2141 1411 2175 senatu
1424 2139 1520 2187 jusiit
1538 2152 1626 2175 xiii.
1648 2140 1725 2174 Kal.
1743 2140 1824 2176 Οὲὶ.
1845 2140 1915 2188 ipse

1245 2189 1371 2225 interea
1398 2189 1624 2237 septendecim
1650 2189 1720 2223 dies
1743 2191 1785 2223 tle
1815 2190 1915 2224 Cice-

1241 2251 1321 2274 rone
1341 2238 1373 2273 in
1393 2238 1585 2273 Tiburtino
1603 2238 1774 2285 Scipionis
1801 2239 1916 2273 decla·

1242 2287 1389 2330 miravit,
1420 2297 1454 2322 et
1484 2299 1555 2322 xiii
1578 2289 1656 2322 Kal.
1676 2288 1810 2335 agmine
1826 2299 1913 2334 qua-

1243 2337 1342 2371 drato
1370 2337 1403 2371 in
1436 2337 1544 2371 :ult-m
1574 2337 1782 2371 Concordia:
1806 2337 1913 2378 venit,

1244 2396 1346 2432 atque
1369 2385 1401 2420 in
1424 2386 1625 2420 Ciceronem
1651 2386 1822 2420 absentem
1839 2397 1913 2419 ora-

1244 2436 1373 2472 tionem
1389 2447 1432 2470 ex
1449 2447 1508 2472 ore
1524 2435 1752 2484 impuriffimo
1766 2434 1917 2476 vomuit,
