2335 3009
548 265 625 305 194

544 343 718 391 probent;
754 353 815 380 aut
842 354 965 392 negent
989 345 1123 392 optima
1151 345 1215 380 effe

543 392 714 446 exempla,
740 405 822 440 quae
841 405 860 428 a
879 393 1123 440 probatissimis
1138 406 1213 429 ora-

544 440 680 476 toribus
698 450 758 476 aut
773 441 884 489 poetis
902 441 1039 490 sumpta
1055 442 1142 478 sunt.
1178 442 1215 477 Si

545 488 577 523 se
593 489 757 525 omnibus
775 500 995 544 anteponant,
1010 491 1215 526 intolerabili

546 538 739 585 arrogantia
755 538 844 574 sunt.
882 538 917 574 Si
935 550 1026 586 quos
1044 539 1106 574 fibi
1124 551 1215 586 prae-

544 596 691 634 ponant,
728 596 763 622 et
795 599 916 622 eorum
951 588 1109 634 exempla
1148 587 1215 622 suis

544 635 711 682 exemplis
729 647 797 671 non
816 645 939 683 putent
957 636 1128 683 praestare,
1146 647 1215 671 non

544 683 685 730 possunt
706 683 830 727 dicere,
857 696 962 731 quare
980 683 1042 720 fibi
1061 684 1139 720 illos
1156 696 1213 719 an-

545 741 720 780 teponant.

594 781 640 816 11.
668 781 768 829 Qid
798 781 904 828 igitur
931 780 1000 828 ipsa
1030 780 1215 816 auc'toritas

545 829 797 875 antiquorum?
827 830 920 864 Nam
948 841 1030 864 cum
1056 841 1108 864 res
1134 841 1215 877 pro-

545 877 741 920 babiliores,
780 888 856 913 tum
890 877 1071 913 hominum
1105 877 1217 913 studia

546 925 589 960 ad
623 926 828 961 imitandum
871 926 1036 961 alacriora
1077 927 1211 962 reddit:

546 973 654 1010 immo
678 975 779 1022 erigit
807 975 965 1010 omnium
995 975 1213 1022 cupiditates,

543 1032 579 1058 et
595 1023 689 1059 acuit
716 1024 928 1067 industriam,
956 1035 1037 1059 cum
1064 1024 1138 1071 spes
1163 1025 1213 1058 in·

539 1069 632 1118 jecta
647 1071 707 1114 est,
734 1073 826 1119 poffe
845 1073 1023 1112 imitando,
1050 1073 1213 1114 Gracchi,

544 1129 605 1155 aut
644 1121 763 1163 Craffi,
807 1121 968 1168 consequi
1002 1119 1214 1155 facultatem.

542 1168 732 1211 Postremo,
760 1169 826 1204 hoc
847 1169 959 1223 ipsum
976 1169 1024 1203 est
1042 1168 1215 1204 summum

544 1217 741 1260 artificium,
779 1229 829 1252 res
861 1218 970 1252 varias
1004 1226 1038 1252 et
1066 1217 1213 1264 dispares

545 1266 579 1300 in
608 1275 661 1301 tot
689 1266 909 1314 poematibus
938 1275 973 1301 et
999 1266 1213 1302 orationibus

542 1314 680 1362 sparsas,
705 1324 739 1349 et
755 1327 843 1363 vage
867 1313 1036 1362 disjectas,
1063 1315 1110 1350 ita
1133 1315 1211 1350 dili-

543 1373 661 1410 genter
692 1345 827 1411 eligere,
863 1373 903 1398 ut
932 1364 1213 1411 unumquodque

543 1423 652 1458 genus
683 1413 923 1465 exemplorum
961 1412 1023 1447 sub
1060 1413 1212 1459 singulos

543 1461 624 1496 artis
641 1461 736 1496 locos
754 1459 918 1508 subjicere
936 1461 1049 1509 poffis.
1084 1461 1168 1496 Hoc
1187 1461 1212 1497 si

544 1508 709 1545 industria
726 1509 835 1544 solum
854 1509 926 1544 fieri
951 1510 1072 1557 posset,
1098 1519 1213 1546 tamen

541 1558 685 1593 essemus
715 1558 889 1600 laudandi,
923 1570 1004 1593 cum
1034 1558 1136 1594 talem
1165 1559 1212 1594 la-

543 1607 661 1643 borem
681 1619 748 1642 non
766 1606 993 1654 fugissemus:
1021 1619 1113 1645 nunc
1131 1620 1214 1644 vero

544 1656 610 1691 sine
650 1656 784 1691 summo
818 1656 963 1691 artificio
998 1668 1066 1691 non
1102 1657 1212 1704 potest

542 1704 624 1740 fieri.
677 1704 771 1752 Qis
804 1703 852 1739 est
885 1705 990 1745 enim,
1028 1704 1090 1751 qui
1127 1717 1209 1748 non,

541 1764 622 1788 cum
650 1753 779 1788 summe
808 1763 919 1788 teneat
949 1763 1068 1796 artem,
1108 1755 1210 1801 possit

541 1814 592 1843 ea,
624 1813 706 1850 quae
730 1801 852 1849 jubeat
882 1814 947 1844 ars,
985 1802 1028 1837 de
1059 1811 1152 1837 tanta
1178 1813 1212 1838 et

541 1861 612 1885 tam
630 1851 753 1886 diffusa
770 1851 936 1899 scriptura
966 1860 1082 1886 notare
1107 1861 1140 1886 et
1165 1851 1209 1886 se-

542 1901 688 1946 parare?
717 1901 856 1941 Caeteri,
883 1912 964 1934 cum
992 1900 1112 1947 legunt
1133 1913 1208 1935 ora-

543 1949 650 1983 tiones
670 1948 775 1983 bonas
794 1959 853 1983 aut
871 1959 1041 1996 poemata,
1060 1949 1209 1996 probant

542 2007 690 2032 oratores
718 2007 752 2031 et
778 2007 909 2044 poetas,
947 2009 1057 2051 neque
1088 1997 1209 2032 intelli-

541 2057 642 2092 gunt,
673 2057 743 2092 qua
778 2058 811 2080 re
841 2046 1005 2080 commoti
1037 2046 1207 2092 probent·

541 2094 638 2141 quod
668 2094 749 2129 scire
781 2106 847 2129 non
880 2095 1030 2141 possunt,
1066 2094 1127 2128 ubi
1159 2095 1209 2135 sit,

543 2154 603 2177 nec
626 2143 712 2190 quid
741 2142 792 2184 sit,
820 2154 879 2177 nec
907 2155 978 2188 quo
1006 2143 1111 2176 modo
1139 2142 1208 2177 fac-

541 2202 616 2226 tum
637 2192 675 2226 sit
694 2191 738 2231 id,
766 2192 861 2238 quod
887 2203 944 2226 eos
975 2191 1122 2225 maxime
1151 2193 1208 2226 de-

541 2241 651 2275 icaet.
705 2205 790 2275 Atq
784 2241 823 2281 is,
850 2240 911 2287 qui
940 2250 973 2274 et
1004 2240 1075 2274 ἣτε
1094 2240 1208 2274 omnia

541 2289 712 2337 intelligit,
739 2299 772 2323 et
792 2288 913 2323 idonea
935 2289 1082 2323 maxime
1099 2289 1208 2335 eligit,

538 2348 570 2372 et
589 2338 704 2372 omnia
724 2338 755 2372 in
775 2348 844 2372 arte
863 2337 1010 2372 maxime
1034 2337 1207 2372 scribenda

540 2387 687 2433 redigit
681 2400 712 2421 in
734 2387 880 2434 singulas
896 2386 1039 2420 rationes
1054 2397 1206 2433 pra’cep-

539 2435 652 2475 (ionic,
681 2436 805 2470 nect-sse
830 2435 876 2469 cst
893 2434 967 2482 ejus
986 2435 1030 2469 rei
1054 2434 1206 2469 summus

539 2483 657 2518 artifex
703 2485 751 2518 sit.
824 2484 903 2519 Hoc
950 2483 1053 2531 igitur
1096 2484 1205 2531 ipsum

854 251 1633 292 RHETORICORUM

1264 344 1455 380 maximum
1486 344 1672 380 artificium
1704 342 1764 385 est,
1803 344 1837 379 in
1865 354 1934 380 arte

1263 393 1322 428 sua
1349 393 1442 441 poffe
1470 403 1504 428 et
1531 393 1648 428 alienis
1673 393 1840 440 exemplis
1869 393 1933 428 uti.

1264 442 1358 477 Haec
1390 441 1439 476 illi
1466 453 1548 477 curn
1575 442 1710 484 dicunt,
1736 441 1846 488 magis
1872 453 1935 476 nos

1265 490 1465 525 auCtoritate
1482 490 1541 526 sua
1566 499 1801 532 commovent,
1827 501 1934 537 quam

1264 538 1408 574 veritate
1423 537 1674 585 disputationis.
1726 538 1820 574 Illud
1841 538 1934 573 enim

1264 598 1434 629 veremur,
1453 598 1494 622 ne
1511 587 1568 622 cui
1586 586 1662 622 satis
1680 587 1721 622 fit
1738 587 1781 621 ad
1799 596 1935 622 contra-

1266 635 1350 670 riam
1382 637 1546 671 rationem
1574 634 1802 690 probandam,
1836 635 1934 682 quod

1265 684 1309 719 ab
1326 695 1365 719 ea
1381 693 1477 731 parte
1494 683 1644 719 steterint
1669 683 1704 726 ii,
1732 683 1794 730 qui
1818 693 1853 718 et
1883 695 1933 718 in-

1263 741 1420 768 ventores
1437 731 1540 786 hujus
1558 731 1692 767 artificii
1721 730 1876 774 fuerunt,
1900 742 1934 766 et

1263 780 1430 816 vetustate
1451 779 1525 827 jam
1555 780 1632 816 satis
1659 781 1824 815 omnibus
1853 792 1933 827 pro-

1265 829 1335 864 bati
1353 829 1440 865 sunt.
1492 829 1604 878 Qod
1630 829 1668 872 fi,
1695 829 1834 864 illorum
1852 840 1933 864 auc-

1265 877 1402 913 toritate
1418 888 1560 918 remota,
1586 890 1637 913 res
1666 889 1785 913 omnes
1813 877 1934 912 volent

1263 938 1344 961 cum
1364 938 1398 961 re
1414 938 1624 974 comparare,
1642 926 1845 980 intelligent,
1863 937 1934 961 non

1263 976 1380 1010 omnia
1395 975 1458 1010 effe
1476 975 1694 1010 concedenda
1710 973 1918 1021 antiquitati.

1315 1023 1377 1058 Ill.
1414 1023 1571 1059 Primum
1605 1023 1724 1070 igitur,
1761 1023 1858 1070 quod
1889 1022 1934 1057 ab

1263 1071 1311 1106 eis
1328 1071 1370 1106 de
1389 1071 1552 1106 modestia
1575 1071 1714 1113 dicitur,
1742 1071 1933 1114 videamus,

1265 1131 1307 1154 ne
1341 1120 1488 1154 nimium
1521 1119 1696 1174 pueriliter
1727 1118 1934 1167 proferatur.

1264 1168 1361 1203 Nam
1378 1168 1403 1203 fi
1421 1178 1530 1204 tacere
1544 1178 1578 1203 et
1595 1167 1681 1204 nihil
1698 1167 1842 1203 scribere
1859 1179 1935 1203 mo-

1264 1216 1369 1252 destia
1384 1217 1445 1261 est,
1471 1228 1534 1252 cur
1560 1216 1753 1264 quicquam
1779 1216 1934 1252 scribunt

1264 1275 1324 1300 aut
1350 1266 1572 1314 loquuntur?
1600 1265 1660 1301 Sin
1682 1265 1815 1313 aliquid
1832 1265 1933 1300 suum

1262 1313 1440 1357 scribunt;
1472 1326 1547 1357 cur,
1581 1326 1654 1362 quo
1682 1314 1788 1349 secius
1816 1314 1933 1349 omnia

1262 1362 1420 1405 scribant,
1461 1363 1696 1418 impediuntur
1737 1362 1931 1398 modestia?

1263 1412 1371 1459 Qasr
1390 1412 1413 1447 fi
1432 1412 1511 1460 quis
1528 1412 1571 1446 ad
1593 1411 1844 1460 Olympiacum
1873 1423 1932 1446 ve-

1262 1460 1350 1495 nerit
1367 1461 1518 1503 cursum,
1543 1470 1577 1496 et
1594 1459 1732 1502 steterit,
1760 1470 1800 1495 ut
1818 1460 1932 1495 mitta·

1263 1518 1332 1551 tur,
1352 1509 1651 1563 impudentesque
1652 1509 1730 1544 illos
1747 1509 1838 1544 dicat
1855 1509 1932 1551 effe,

1263 1557 1325 1604 qui
1360 1570 1494 1593 currere
1522 1557 1707 1606 coeperint,
1746 1557 1814 1605 ipse
1844 1557 1933 1593 intra

1263 1618 1411 1641 carceres
1433 1607 1506 1650 stet,
1532 1617 1566 1642 et
1597 1616 1708 1642 narret
1728 1606 1815 1649 aliis,
1840 1618 1932 1654 quo-

1263 1656 1369 1690 modo
1385 1656 1500 1690 Ladas
1518 1666 1577 1691 aut
1595 1654 1701 1702 Bojus
1714 1667 1796 1690 cum
1813 1655 1933 1708 Sicyo-

1262 1703 1326 1738 niis
1356 1704 1560 1739 cursitarint.
1613 1704 1669 1740 Sic
1696 1704 1760 1746 isti,
1787 1715 1869 1739 cum
1896 1716 1931 1738 m

1261 1753 1341 1788 artis
1370 1753 1583 1788 curriculum
1607 1752 1864 1793 descenderunt,
1890 1752 1931 1787 il-

1261 1801 1325 1842 los,
1352 1802 1413 1850 qui
1445 1802 1478 1837 in
1502 1814 1556 1845 eo,
1609 1801 1679 1837 uod
1705 1801 1752 1836 est
1781 1801 1929 1842 artificii,

1259 1851 1448 1893 elaborent,
1466 1851 1562 1886 aiunt
1595 1862 1688 1885 acere
1706 1850 1929 1891 immodeste,

1261 1898 1323 1946 ipsi
1349 1900 1499 1947 aliquem
1535 1899 1717 1946 antiquum
1746 1908 1929 1941 oratorem,

1260 1958 1320 1983 aut
1348 1959 1486 1996 poetam
1516 1949 1669 1990 laudant,
1696 1957 1755 1982 aut
1785 1947 1928 1995 scriptu-

1261 2009 1345 2039 ram,
1374 1997 1418 2032 sic
1437 2007 1476 2032 ut
1503 1997 1535 2032 in
1554 1997 1699 2032 stadium
1719 1996 1798 2031 artis
1817 1996 1929 2030 rheto-

1261 2045 1340 2080 ricae
1371 2046 1507 2093 prodire
1536 2058 1604 2081 non
1636 2045 1793 2080 audeant.
1847 2045 1930 2080 Non

1261 2094 1366 2128 ausim
1384 2095 1507 2136 dicere,
1527 2094 1579 2129 sed
1599 2104 1710 2128 tamen
1730 2105 1859 2132 vereor.
1888 2106 1930 2128 ne

1259 2154 1329 2188 qua
1348 2143 1380 2177 in
1401 2156 1433 2178 re
1452 2143 1587 2178 laudem
1613 2142 1786 2177 modestiae
1807 2154 1928 2176 venen-

1259 2201 1327 2233 tur,
1355 2193 1388 2226 in
1415 2203 1454 2226 ea
1477 2192 1546 2239 ipsa
1564 2203 1596 2226 re
1616 2192 1677 2226 sint
1698 2191 1927 2238 impudentes.

1259 2240 1358 2287 Quid
1385 2242 1476 2275 enim
1507 2240 1569 2275 tibi
1602 2240 1685 2274 vis?
1721 2240 1844 2287 aliquis
1876 2240 1925 2274 in-

1258 2288 1362 2334 quiet.
1393 2290 1515 2323 Artem
1535 2299 1629 2323 tuam
1648 2289 1783 2323 scribis:
1813 2287 1926 2335 gignis

1259 2337 1356 2370 nobis
1377 2350 1481 2371 novas
1498 2338 1743 2385 praeceptiones
1759 2351 1765 2371 z
1784 2349 1838 2371 eas
1859 2336 1927 2384 ipse

1257 2386 1459 2420 confirmare
1504 2399 1569 2421 non
1606 2396 1725 2434 potes:
1774 2387 1818 2419 ab
1852 2385 1925 2419 aliis

1256 2435 1412 2481 exempla
1432 2434 1543 2469 sumis.
1573 2435 1659 2469 Vide
1683 2447 1722 2469 ne
1741 2433 1843 2468 faciae
1863 2434 1923 2467 im-

1258 2484 1436 2531 pudenter,
1463 2485 1524 2531 qui
1555 2494 1616 2519 tuo
1635 2484 1764 2519 nomini
1783 2483 1865 2517 velis
1883 2494 1924 2517 cx
