2335 3009
486 224 534 268 18
829 215 1522 262 EPISTOLARUM

482 323 556 363 esse
575 322 789 362 nonnullos
805 340 818 368 3
849 320 927 360 hoc
947 318 1195 364 manumiffo,
1226 317 1349 363 iratis,
1371 315 1479 370 quod
1499 315 1768 368 loquerentur,
1790 325 1871 352 non

484 388 661 428 defuisse.

540 456 596 494 ΙΙ.
629 455 752 493 Nunc
783 451 1026 506 respondebo
1055 449 1103 488 ad
1131 462 1192 487 eas
1223 447 1418 500 epistolas,
1449 460 1543 500 quas
1571 445 1673 485 mihi
1702 444 1873 484 reddidit

486 522 536 560 L.
561 519 720 565 Caesms,
749 519 848 571 (cui,
870 517 1058 570 quoniam
1079 516 1133 553 ita
1153 524 1191 552 te
1211 513 1310 552 velle
1330 513 1528 565 intelligo,
1560 512 1672 550 nullo
1691 512 1781 550 loco
1801 510 1871 548 de-

484 585 568 637 ero)
604 598 770 638 quarum
802 583 922 622 altera
951 582 1004 620 est
1034 581 1080 619 de
1110 579 1327 619 Blaudenio
1359 578 1553 623 Zeuxide,
1583 591 1704 630 quem
1735 576 1872 615 scribis

484 651 742 690 certiflimum
763 648 1010 688 matricidam
1031 646 1105 684 tibi
1125 659 1146 684 a
1167 658 1229 683 me
1250 645 1391 683 intime
1411 643 1679 682 commendari
1698 657 1706 681 :
1730 655 1807 695 qua
1826 641 1875 679 de

486 731 540 763 re,
571 726 610 755 et
641 717 688 755 de
712 715 788 754 hoc
820 727 961 767 genere
992 721 1091 758 toto,
1125 725 1172 750 ne
1192 710 1294 749 forte
1314 724 1377 748 me
1399 710 1438 748 in
1461 711 1621 748 Graecos
1643 717 1722 747 tam
1743 707 1874 746 ambi-

486 782 631 820 tiosum
652 780 799 819 factum
820 778 891 817 effe
912 777 1067 822 mirere,
1099 789 1222 829 pauca
1241 775 1446 828 cognosce.
1486 776 1574 827 Ego
1594 787 1686 813 cum
1709 775 1873 812 Graeco-

485 860 574 886 rum
595 846 769 899 querelas
791 844 962 883 nimium
983 842 1107 881 valere
1128 841 1326 886 sentirem,
1348 849 1507 894 propter
1526 839 1739 878 hominum
1760 839 1874 890 inge-

486 913 551 951 nia
569 912 617 950 ad
637 910 856 950 fallendum
876 917 1020 962 parata,
1051 907 1307 961 quoscunque
1334 906 1381 944 de
1409 916 1446 944 te
1467 906 1578 958 queri
1598 905 1744 950 audivi,
1775 916 1874 957 qua-

486 990 646 1031 cunque
678 975 792 1030 potui
826 975 975 1014 ratione
1007 973 1172 1027 placavi.
1220 973 1402 1011 Primum
1438 971 1763 1024 Dionyfipolitas,
1805 969 1877 1022 qui

486 1052 596 1082 erant
627 1041 887 1081 inimiciffimi
914 1040 1009 1085 mei,
1039 1039 1189 1084 lenivi,
1221 1051 1392 1090 quorum
1424 1037 1647 1090 principem
1680 1036 1876 1088 Hermip-

486 1121 584 1162 pum
603 1121 683 1147 non
704 1107 832 1146 solum
852 1106 1029 1145 sermone
1048 1118 1152 1150 mec,
1174 1104 1237 1142 sed
1258 1104 1376 1142 etiam
1397 1102 1678 1146 familiaritate,
1700 1101 1876 1139 devinxi.

486 1175 575 1226 Ego
594 1171 857 1226 Apamensem
877 1169 1152 1224 Hephaestum‚
1183 1181 1257 1221 ego
1286 1167 1522 1205 leviffimum
1550 1165 1757 1204 hominem
1782 1165 1878 1204 Me-

484 1237 672 1292 garistum
706 1235 991 1280 Antandrium,
1036 1247 1110 1287 ego
1143 1234 1307 1272 Niciam
1341 1233 1601 1283 Smyrnaeum,
1645 1245 1719 1283 ego
1753 1244 1878 1284 nugas

485 1304 693 1347 maximas,
723 1301 836 1340 omni
855 1313 942 1338 mea
961 1299 1148 1338 comitate
1174 1297 1260 1336 sum
1289 1297 1537 1350 complexus,
1569 1295 1878 1349 Nymphontem

486 1369 606 1407 etiam
627 1365 928 1419 Colophonium
944 1383 957 1410 ;
989 1377 1076 1417 quae
1097 1363 1175 1402 feci
1194 1362 1343 1409 omnia,
1374 1375 1453 1400 non
1474 1375 1555 1414 quo
1575 1375 1639 1399 me
1658 1370 1724 1399 aut
1745 1361 1774 1400 ii
1800 1360 1877 1400 ho·

487 1435 630 1479 mines,
660 1442 727 1472 aut
748 1442 830 1471 tota
849 1432 956 1470 natio
976 1430 1181 1469 delectaret
1199 1445 1208 1468 z
1241 1429 1446 1482 pertaesum
1466 1428 1519 1466 est
1539 1428 1724 1473 levitatis,
1752 1428 1875 1467 assen-

487 1499 664 1544 tationis,
694 1498 917 1537 animorum
939 1509 1019 1535 non
1039 1495 1198 1540 officiis,
1229 1494 1293 1532 sed
1315 1493 1575 1546 temporibus,
1606 1493 1876 1533 servientium.

489 1565 562 1605 Sed
583 1574 628 1604 ut
647 1563 693 1603 ad
715 1564 887 1603 Zeuxim
915 1570 1108 1601 revertar:
1140 1574 1234 1599 cum
1264 1561 1296 1598 is
1327 1560 1374 1598 de
1404 1560 1468 1598 M.
1492 1559 1674 1598 Cascellii
1702 1559 1879 1598 sermone

487 1632 619 1671 secum
643 1630 795 1675 habito,
827 1643 914 1683 quae
946 1638 989 1666 tu
1022 1628 1173 1673 scribis,
1205 1641 1248 1666 ea
1267 1626 1347 1680 ipsa
1367 1626 1608 1679 loqueretur,
1640 1625 1773 1663 obstiti
1793 1627 1877 1678 ejus

487 1697 670 1742 sermoni,
687 1705 726 1734 et
745 1695 951 1734 hominem
973 1694 1013 1732 in
1035 1693 1343 1732 familiaritatem
1366 1693 1508 1744 recepi.
1533 1693 1622 1730 Tua
1643 1700 1772 1728 autem
1790 1704 1878 1743 quae

487 1762 606 1802 suerit
626 1761 820 1815 cupiditas
843 1769 949 1799 tanta
968 1759 1113 1805 nescio,
1144 1758 1251 1812 quod
1272 1758 1407 1796 scribis
1429 1757 1589 1810 cupiiffe
1611 1767 1663 1802 te,
1688 1757 1879 1809 quoniam

489 1831 662 1881 Smyrnae
683 1826 780 1865 duos
801 1825 950 1878 Mysios
979 1825 1151 1864 insuisses
1178 1825 1219 1863 in
1249 1824 1425 1869 culeum,
1458 1823 1582 1862 fimile
1611 1823 1651 1860 in
1683 1822 1878 1875 superiore

488 1903 596 1949 parte
629 1893 840 1947 provinciae
873 1891 984 1930 edere
1017 1891 1247 1944 exemplum
1282 1889 1493 1928 severitatis
1529 1898 1618 1934 tuae,
1655 1897 1694 1927 et
1728 1888 1878 1927 idcirco

490 1961 662 2001 Zeuxim
682 1959 822 1998 elicere
841 1958 952 1997 omni
974 1958 1121 1996 ratione
1141 1956 1301 1995 voluiss‘e
1320 1971 1329 1995 :
1362 1969 1481 2009 quem
1502 1955 1714 1993 addustum
1744 1955 1784 1993 in
1807 1955 1877 2007 ju-

488 2027 638 2065 dicium
660 2023 812 2063 fortasse
833 2023 983 2062 dimitti
1006 2036 1083 2061 non
1105 2023 1322 2075 oportuerit
1342 2040 1350 2066 ;
1383 2020 1565 2075 conquiri
1586 2033 1691 2065 vero,
1722 2029 1762 2058 et
1787 2020 1879 2058 elici

489 2090 691 2130 blanditiis
716 2091 778 2141 (ut
800 2097 842 2127 tu
864 2088 1018 2136 scribis)
1043 2087 1088 2126 ad
1111 2087 1327 2140 judicium,
1360 2085 1504 2124 necesse
1536 2099 1614 2124 non
1647 2084 1752 2130 fuit,
1785 2099 1878 2124 eum

488 2156 699 2209 praesertim
721 2154 942 2199 hominem,
973 2167 1092 2207 quem
1113 2167 1186 2206 ego
1206 2162 1244 2191 ct
1265 2167 1311 2191 ex
1335 2152 1409 2191 suis
1431 2152 1584 2190 civibus
1606 2161 1644 2190 ct
1668 2165 1716 2189 ex
1739 2151 1876 2189 multis

488 2223 573 2260 aliis
594 2221 772 2276 quotidie
793 2222 917 2273 magis
939 2219 1133 2274 cognosco
1155 2219 1390 2257 nobiliorem
1412 2217 1483 2256 esse
1505 2231 1640 2271 prope,
1672 2231 1790 2270 quam
1816 2217 1876 2255 ci·

488 2289 647 2326 vitatem
672 2287 792 2325 suam.
825 2288 879 2324 At
901 2287 1005 2324 enim
1029 2285 1178 2324 Graecis
1201 2285 1289 2323 solis
1312 2284 1512 2336 indulgeo.
1547 2283 1688 2335 Qid?
1718 2284 1765 2321 L.
1786 2284 1876 2321 Cre-

488 2354 628 2392 cilium
665 2367 792 2391 noune
828 2353 936 2390 omni
974 2352 1120 2390 ratione
1154 2351 1300 2404 placavi
1322 2352 1333 2388 ?
1372 2363 1490 2402 quem
1524 2349 1727 2388 homiuem
1749 2350 1761 2386 ?
1800 2362 1878 2402 qua

490 2421 542 2457 ira
563 2421 574 2455 ?
618 2433 697 2470 quo
733 2419 867 2471 spiritu
889 2420 901 2456 ?
939 2432 1058 2470 quem
1095 2417 1264 2469 denique
1300 2426 1436 2468 pra-ter
1470 2416 1731 2460 Tuscenium,
1763 2416 1876 2468 cujus

486 2484 597 2523 causa
619 2486 735 2522 sanari
761 2498 836 2522 uon
859 2485 996 2537 potest,
1021 2498 1098 2523 non
1119 2483 1299 2536 mitigavi
1319 2484 1330 2520 ?
1359 2483 1463 2521 Ecce
1487 2483 1597 2536 supra
1616 2491 1735 2537 caput
1756 2479 1879 2520 bomo
