2335 3009
542 268 622 308 224

849 254 1629 296 RHETORICORUM

536 354 715 402 praestdium
748 352 875 400 reliquit
888 365 900 386 .·
935 351 1004 398 post
1036 351 1142 386 urbem
1178 353 1212 387 in
1250 351 1395 394 stiterat,
1421 350 1616 399 relinquenti,
1637 352 1775 396 percutit
1803 357 1930 408 tempus.

542 402 693 449 Bithynia
702 401 828 449 sustulit
842 415 853 436 :
880 401 951 436 inde
962 399 1066 446 pulsus
1081 402 1116 435 in
1135 400 1210 435 Hel-

541 452 708 498 lqspontum
721 478 733 494 ,
774 450 889 495 statim
926 452 1053 496 potitur
1093 449 1209 494 Abydo.

542 501 644 544 Item,
671 497 767 536 Modo
783 499 904 544 conficl,
928 497 1082 546 quondam
1109 497 1212 532 tribu-

543 561 613 591 nus,
654 547 762 583 deinde
789 549 911 594 primus
948 554 1020 582 erat
1059 547 1211 581 civitatis.

545 599 658 639 Tum,
685 597 895 642 Proficiscitur
911 597 945 630 in
962 596 1081 640 Aſsum,
1107 593 1214 628 deinde

542 646 615 683 exul
628 654 659 681 ct
675 646 766 691 hostis
782 645 822 689 est
838 644 949 685 dictus,
959 645 1023 690 post
1035 646 1213 689 impe-rator,

538 696 690 743 postremo
721 693 824 740 consul
847 693 960 739 fabius
992 693 1040 736 est.
1092 691 1214 726 Habet

543 743 665 792 paucis
682 741 922 789 comprehensa
949 740 1097 775 brevitas
1123 739 1213 774 mul-

544 803 658 829 tarum
678 804 791 827 rerum
808 789 1073 838 expeditionem.
1094 788 1214 835 Quare

544 841 739 877 adhibenda
768 840 865 886 saepe'
882 839 942 879 est,
968 849 1050 872 cum
1080 846 1140 871 aut
1164 848 1214 871 res

546 902 615 926 non
645 900 748 936 egent
789 889 904 934 longae
933 885 1109 928 orationis,
1153 895 1214 920 aut

545 948 683 986 tempus
702 951 770 972 non
791 937 866 971 finit
884 935 1100 971 commorari.

561 1028 563 1030 ,
593 987 675 1023 LV.
702 985 958 1021 Demonstratio
982 983 1041 1025 est,
1067 995 1148 1017 cum
1168 982 1215 1017 ita

544 1048 596 1072 res
614 1035 729 1077 verbis
746 1033 964 1081 exprimitur,
992 1041 1031 1067 ut
1054 1031 1124 1078 geri
1158 1043 1214 1066 ne-

543 1084 695 1132 gotium,
720 1093 754 1118 et
782 1095 831 1117 res
849 1092 924 1117 ante
941 1081 1062 1116 oculos
1079 1079 1144 1114 effe
1161 1079 1212 1113 vi-

543 1134 675 1169 deatur.
726 1132 769 1167 Id
798 1130 870 1166 fieri
899 1129 1038 1177 poterit,
1065 1128 1103 1169 si,
1130 1139 1212 1174 quae

543 1191 635 1223 ante,
659 1190 695 1216 et
720 1179 811 1228 post,
836 1189 870 1214 et
900 1179 934 1213 in
963 1176 1033 1226 ipsa
1059 1188 1094 1212 re
1122 1175 1214 1210 facta

541 1239 657 1273 erunt,
683 1227 1027 1276 comprehendemus,
1052 1234 1113 1260 aut
1140 1225 1165 1261 fi
1195 1236 1215 1260 a

544 1279 648 1315 rebus
675 1276 977 1324 consequentibus,
1010 1284 1071 1309 aut
1099 1273 1213 1308 acir-

543 1327 809 1369 cumstantibus,
835 1337 904 1360 non
922 1324 1131 1365 recedemus,
1150 1322 1215 1357 hoc

544 1377 675 1413 modo:
703 1374 798 1422 Qod
814 1374 914 1419 simul
937 1381 1031 1420 atque
1055 1371 1217 1409 Gracchus

541 1425 713 1472 prospexit,
727 1423 889 1468 fluctuare
908 1421 1068 1468 populum,
1103 1431 1216 1455 veren-

545 1483 619 1515 tem,
643 1485 682 1508 ne
699 1474 761 1518 ipse
777 1473 967 1506 aanoritate
984 1471 1111 1512 senatus
1136 1481 1215 1504 com-

546 1530 646 1558 motus
662 1535 684 1556 a
688 1522 844 1568 sententia
860 1519 1021 1565 defisteret,
1035 1519 1132 1564 jubet
1159 1517 1215 1552 ad-

545 1573 657 1607 vocari
673 1572 851 1606 concionem.
902 1569 959 1613 Iste
973 1571 1092 1603 interea
1101 1566 1217 1612 scelere

544 1628 577 1656 et
617 1620 709 1655 malis
748 1618 984 1665 cogitationibus
1025 1616 1215 1659 redundans,

545 1669 654 1705 evolat
681 1681 719 1704 ex
747 1667 859 1713 templo
884 1667 994 1712 Jovis‚
1034 1673 1064 1700 et
1084 1664 1215 1709 sudans,

545 1719 636 1754 oculis
653 1715 846 1758 ardentibus,
871 1719 966 1750 erefio
992 1714 1116 1760 capillo,
1143 1725 1214 1748 con-

544 1774 634 1803 torta
649 1775 733 1813 toga,
751 1777 818 1800 cum
830 1763 979 1810 pluribus
995 1764 1064 1798 aliis
1081 1765 1126 1797 ire
1142 1761 1214 1798 cele-

546 1818 611 1851 rius
628 1818 726 1863 capit.
779 1814 834 1849 Illi
851 1823 957 1859 praeco
963 1811 1110 1859 faciebat
1128 1810 1217 1846 audi-

546 1866 664 1900 entiam
680 1879 689 1900 :
717 1864 768 1899 hic
775 1862 954 1909 subsellium
969 1861 1119 1909 quoddam
1137 1860 1219 1895 calce

546 1924 697 1962 premens,
727 1913 839 1948 dextra
861 1911 968 1957 pedem
995 1909 1161 1957 defringit,
1188 1917 1218 1944 et

548 1962 629 1998 alios
665 1963 720 1997 hoc
755 1960 832 1996 idem
850 1959 946 2007 jubet
966 1959 1088 2004 facere.
1140 1959 1218 1994 Cum

547 2011 709 2048 Gracchus
736 2009 806 2045 deos
823 2011 969 2054 inciperet
982 2009 1122 2054 precari,
1148 2019 1216 2041 cur-

536 2061 601 2105 sim
629 2061 677 2105 isti
712 2061 858 2105 impetum
878 2058 1028 2103 faciunt:
1071 2069 1107 2091 ex
1146 2055 1217 2090 aliis

547 2109 674 2157 aliisque
693 2107 840 2155 partibus
869 2106 1034 2142 convolant
1047 2119 1058 2139 .·
1084 2112 1176 2151 atque
1203 2117 1220 2140 e

542 2159 657 2205 populo
689 2168 779 2199 unus,
814 2156 914 2202 Fuge,
951 2156 1064 2202 inquit,
1097 2153 1218 2197 Yiberi,

539 2208 633 2255 suge.
684 2206 760 2243 Non
787 2204 876 2241 vides
889 2206 907 2240 ?
932 2205 1055 2250 respice,
1080 2204 1218 2249 inquam.

548 2254 672 2294 Deinde
686 2267 774 2303 vaga
792 2251 972 2295 multitudo,
985 2252 1091 2299 subito
1108 2253 1220 2286 timore

544 2307 735 2352 perterrita,
752 2303 869 2350 sugere
884 2304 984 2348 eaepit.
1018 2301 1063 2336 At
1080 2300 1133 2344 iste
1141 2300 1218 2346 spu-

547 2367 636 2390 mans
651 2366 687 2389 ex
704 2363 754 2389 ore
762 2351 873 2400 scelus,
892 2349 1041 2387 anhelans
1057 2361 1095 2385 ex
1110 2351 1218 2384 intimo

541 2407 667 2452 peciore
689 2401 914 2443 crudelitatem,
941 2405 1118 2447 contorquet
1141 2398 1217 2432 bra-

548 2453 674 2494 chium,
709 2458 740 2486 et
767 2450 928 2486 dubitanti
954 2448 1108 2490 Graccho,
1144 2446 1221 2494 quid

547 2500 632 2550 estet,
657 2510 750 2549 neque
771 2507 874 2536 tamen
890 2498 1002 2543 locum,
1026 2499 1060 2534 in
1075 2508 1132 2546 quo
1148 2508 1217 2533 con-

1261 399 1321 434 Ille
1347 399 1434 434 nulla
1459 411 1534 435 voce
1561 400 1704 435 delabons
1732 400 1825 444 infita
1857 411 1931 434 vtr-

1261 455 1328 483 tute
1352 447 1480 483 concidit
1506 451 1632 485 tacitus.
1682 449 1739 493 Iste
1765 450 1835 482 viri
1855 449 1932 494 for·

1263 497 1364 540 tiffimi
1394 496 1562 542 miserando
1582 497 1735 543 sanguine
1763 497 1931 543 adspersus,

1262 545 1350 593 quasi
1379 545 1510 590 facinus
1542 543 1800 591 praeclariffimum
1834 547 1930 591 jecis-

1253 595 1317 640 set,
1362 594 1626 640 circumspeHans,
1660 601 1692 628 et
1722 594 1836 629 hilaris
1868 597 1932 639 sce-

1263 642 1398 677 leratam
1413 643 1653 689 gratulantibus
1677 654 1804 677 manum
1828 645 1933 689 porri-

1257 702 1348 737 gens,
1373 693 1407 725 in
1428 691 1572 736 templum
1588 692 1686 737 Jovis
1711 691 1842 726 contulit
1854 691 1931 738 fise.

1265 740 1358 774 Haec
1377 739 1555 775 exornatio
1581 740 1772 787 plurimum
1795 739 1933 787 prodest

1265 788 1297 822 in
1329 788 1571 835 amplificanda
1598 798 1632 823 et
1664 788 1932 824 commiseranda

1263 848 1311 878 re,
1329 835 1522 884 hujusmodi
1539 837 1823 872 enarrationibus.
1856 838 1933 873 Sta-

1264 885 1331 920 tuit
1347 886 1438 920 enim
1456 896 1563 921 totam
1584 898 1666 928 rem,
1691 895 1725 921 et
1742 898 1852 934 prope
1867 898 1932 934 po-

1264 935 1314 969 nit
1332 945 1409 969 ante
1425 935 1559 969 oculos.

1313 983 1412 1018 LVI.
1439 985 1572 1019 Omnes
1593 983 1737 1017 rationes
1754 982 1932 1018 honestan-

1263 1031 1319 1066 dae
1337 1031 1542 1066 elocutionis
1556 1031 1700 1066 studiose
1715 1032 1932 1078 collegimus,

1263 1081 1297 1114 in
1316 1080 1459 1126 quibus,
1486 1079 1655 1122 Herenni,
1684 1080 1704 1114 fi
1735 1090 1766 1114 te
1787 1080 1933 1128 diligen-

1263 1137 1314 1162 ter
1341 1128 1543 1169 exercueris,
1580 1138 1614 1163 et
1643 1129 1859 1176 gravitatem,
1898 1138 1935 1164 et

1262 1176 1478 1223 dignitatem,
1495 1186 1538 1212 et
1563 1176 1775 1219 suavitatem,
1810 1177 1935 1213 habere

1265 1225 1299 1260 in
1333 1225 1481 1261 dicendo
1522 1226 1664 1274 poteris,
1706 1235 1746 1261 ut
1788 1226 1936 1262 oratorie

1264 1274 1366 1322 plane
1383 1274 1557 1321 loquaris:
1587 1287 1628 1310 ne
1651 1275 1744 1310 nuda
1761 1285 1865 1323 atque
1882 1275 1934 1310 in-

1264 1334 1384 1358 ornata
1425 1324 1579 1358 inventio
1616 1324 1751 1371 vulgari
1783 1324 1936 1359 sermone

1264 1371 1435 1407 efferatur.
1476 1373 1507 1407 N
1514 1384 1581 1407 unc
1600 1371 1785 1407 identidem
1804 1373 1935 1408 nosmet

1267 1421 1326 1468 ipfi
1367 1420 1467 1456 nobis
1508 1421 1681 1456 instemus.
1734 1422 1804 1456 Res
1841 1421 1935 1457 enim

1266 1469 1461 1504 communis
1479 1470 1605 1517 agitur,
1632 1480 1671 1504 ut
1689 1469 1885 1517 frequenter
1900 1479 1936 1505 et

1266 1519 1392 1553 assidue
1427 1520 1677 1565 consequamur
1712 1519 1792 1553 artis
1830 1518 1935 1554 ratio-

1266 1579 1343 1602 nem
1362 1566 1475 1602 studio
1490 1578 1522 1601 et
1545 1567 1808 1604 exercitatione:
1837 1567 1936 1615 quod

1265 1616 1320 1650 alii
1340 1627 1420 1650 cum
1439 1616 1592 1651 molestia
1619 1616 1730 1652 tribus
1746 1617 1803 1652 *de
1826 1617 1936 1652 causis

1266 1665 1417 1699 maxime
1435 1663 1589 1706 faciunt-‚
1616 1675 1675 1699 aut
1695 1665 1729 1707 fi,
1757 1677 1838 1700 cum
1856 1666 1936 1712 qui-

1267 1713 1332 1748 bus
1364 1714 1508 1748 libenter
1523 1723 1754 1756 exerceantur,
1781 1726 1850 1749 non
1878 1714 1934 1748 ha-

1268 1762 1374 1803 bent·‚
1398 1772 1456 1797 aut
1485 1762 1506 1797 s!
1534 1762 1592 1797 fibi
1616 1763 1807 1803 dvffid11n13
1835 1774 1894 1798 aut
1913 1764 1935 1799 Γι

1269 1811 1432 1853 nesciunt,
1458 1823 1567 1859 quam
1596 1811 1685 1846 viam
1716 1811 1808 1859 sequi
1831 1811 1935 1847 debe-

1267 1870 1349 1895 ant:
1377 1871 1460 1907 quae
1489 1872 1508 1894 a
1536 1860 1635 1895 nobis
1665 1860 1787 1895 absunt
1817 1873 1937 1896 omnes

1267 1909 1500 1945 difficultates.
1552 1910 1647 1944 Nam
1681 1920 1715 1944 et
1750 1909 1847 1944 simul
1895 1909 1937 1944 li-

1270 1958 1388 1993 benter
1415 1969 1613 1993 exercemur
1646 1969 1787 2006 propter
1819 1958 1934 1993 amici-

1269 2007 1364 2049 tiam,
1389 2005 1488 2054 cujus
1507 2007 1643 2042 initium
1661 2007 1822 2053 cognatio
1841 2006 1936 2050 fecit,

1268 2066 1392 2091 caetera
1421 2054 1649 2104 philosophiae
1688 2056 1773 2090 ratio
1812 2057 1935 2091 confir-

1269 2105 1401 2146 mavit,
1437 2115 1472 2139 et
1505 2104 1604 2140 nobis
1634 2117 1703 2139 non
1732 2105 1937 2148 diffidimus,

1270 2163 1449 2201 propterea
1482 2153 1579 2200 quod
1608 2163 1643 2189 et
1679 2153 1938 2201 aliquantulum

1269 2203 1515 2249 proceffimus3
1541 2212 1575 2237 et
1602 2203 1666 2237 alia
1691 2202 1830 2237 melior-1
1847 2202 1937 2246 sunt,

1267 2262 1350 2298 quae
1381 2251 1493 2286 multo
1523 2250 1684 2286 intentius
1723 2252 1872 2299 petimus
1903 2251 1937 2287 in

1269 2299 1351 2341 vita,
1379 2309 1430 2342 ut,
1447 2299 1575 2334 etiamsi
1596 2312 1662 2335 non
1683 2300 1937 2347 pervenerimus

1270 2348 1303 2383 in
1333 2348 1491 2391 dicendo,
1518 2361 1592 2395 quo
1621 2349 1798 2389 volumus.
1830 2361 1939 2396 parva

1269 2408 1346 2444 pars
1376 2397 1459 2433 vita:
1490 2397 1737 2444 perfectissima.-
1774 2397 1936 2433 desidere-

1268 2455 1346 2481 tur:
1387 2455 1421 2481 et
1452 2447 1557 2488 viam,
1593 2458 1700 2494 quam
1740 2447 1936 2494 sequamur,

1268 2495 1447 2539 habemus,
1483 2506 1664 2544 propterea
1693 2495 1793 2545 quod
1821 2495 1855 2532 in
1884 2495 1938 2531 his
