2335 3009
515 226 566 267 92
971 207 1454 250 EPISTOLAE

503 311 579 367 sed
592 311 700 351 etiam
718 324 742 350 a
760 318 797 349 te
814 308 884 362 ipso
902 306 1129 347 tribuendum
1147 305 1221 359 ff,
1251 314 1293 344 ut
1311 303 1491 358 rogandus
1493 303 1566 354 stt,
1597 316 1640 343 ne
1658 302 1746 343 nolit
1764 303 1826 357 ff
1843 318 1904 344 nos

504 378 633 431 salvos
649 395 661 421 ς
691 375 837 415 nimium
855 387 1022 427 magnam
1041 371 1228 411 mercedem
1233 369 1372 423 statuis
1387 386 1401 410 .·
1420 369 1462 409 id
1475 370 1566 409 enim
1585 369 1696 422 ipsum
1713 369 1767 408 illi
1783 369 1903 422 largi-

520 443 586 488 ris,
617 441 711 496 quod
718 451 789 494 per
807 439 905 478 illum
925 439 1054 478 habere
1071 436 1266 476 videbatur
1284 435 1493 488 respublica.
1538 437 1665 488 Neque
1693 435 1757 473 hoc
1780 435 1851 474 tibi
1866 435 1904 474 in

520 516 669 545 mentem
688 505 805 549 venit,
819 504 863 556 st
879 503 1056 543 octavius
1077 501 1157 539 ullis
1175 500 1303 552 dignus
1305 500 1363 550 sit
1382 499 1584 544 honoribus,
1615 499 1699 552 quia
1718 513 1796 539 cum
1808 501 1904 539 >An·

520 572 615 610 tonio
633 570 758 610 bellum
771 578 898 622 gerat,
928 568 985 612 iis,
1015 566 1079 620 qui
1100 565 1191 604 illud
1216 565 1346 603 malum
1373 563 1582 608 exciderint,
1612 563 1710 615 cujus
1739 564 1756 601 i
1779 580 1813 604 ae
1843 579 1905 603 re-

520 637 640 689 liquiae
654 638 765 688 sunt,
795 634 897 679 nihil,
929 647 994 687 quo
1027 631 1163 684 expleri
1184 629 1288 684 poffi't
1317 643 1436 669 eorum
1467 629 1648 674 meritum,
1678 629 1906 669 tributurum

520 716 676 756 unquam
701 700 870 755 populum
900 702 1112 742 Romanum,
1125 697 1170 747 fi
1193 695 1308 734 omnia
1321 695 1438 747 stmul
1461 694 1676 748 congefferit.
1721 697 1781 734 At
1810 695 1907 741 vide,

522 776 657 821 quanto
691 764 894 818 diligentius
925 762 1077 802 homines
1108 769 1285 805 metuant,
1316 774 1421 814 quam
1447 759 1684 804 meminerint,
1714 760 1798 812 quia
1818 763 1906 799 An-

523 832 640 871 tonius
659 831 784 875 vivat,
813 838 922 882 atque
939 828 977 866 in
995 826 1167 877 armisstt
1181 841 1195 864 :
1225 825 1266 865 de
1288 825 1430 879 Caesare
1449 839 1549 870 vero,
1587 824 1774 878 quodfieri
1783 827 1906 879 potuit

521 911 566 937 ac
586 897 718 942 debuit,
748 895 970 948 transab'lum
989 892 1061 945 est;
1092 905 1201 945 neque
1207 890 1290 943 jam
1319 891 1488 930 revocari
1511 891 1549 930 in
1574 890 1756 943 integrum
1778 892 1904 944 potest.

523 963 703 1002 Oblavius
734 962 763 1000 is
796 961 854 1014 est,
885 959 949 1013 qui
974 957 1062 1012 quid
1081 957 1122 997 de
1141 957 1237 996 nobis
1243 956 1480 1008 judicaturus
1483 957 1556 1007 sit,
1585 958 1743 1010 expec‘let
1754 958 1908 1010 populus

522 1029 704 1067 Romanus
719 1027 740 1065 ἒ
768 1040 829 1065 nos
848 1025 1033 1077 hificmus,
1062 1023 1104 1062 de
1122 1036 1271 1076 quorum
1276 1022 1401 1075 salute
1420 1035 1511 1060 unus
1530 1021 1628 1059 homo
1646 1021 1825 1073 rogandus
1844 1022 1906 1061 vi-

520 1092 652 1131 deatur
667 1091 688 1130 ἒ
717 1093 798 1143 Ego
817 1103 917 1133 vero,
935 1097 978 1126 ut
995 1087 1083 1139 istuc
1101 1094 1288 1130 revertar,
1305 1085 1335 1123 is
1338 1086 1440 1137 stem,
1459 1085 1524 1138 qui
1540 1099 1608 1124 non
1628 1084 1722 1124 modo
1739 1100 1808 1124 non
1809 1087 1909 1140 βφ-

513 1157 655 1210 plicem,
662 1156 734 1210 st’d
748 1155 855 1194 etiam
873 1165 1048 1191 coerceam
1062 1151 1291 1204 postulantes,
1314 1159 1357 1189 ut
1356 1149 1436 1201 fibi
1436 1149 1668 1203 fipplicetur
1682 1166 1696 1189 .·
1724 1160 1791 1190 aut
1809 1153 1910 1206 longe

519 1237 544 1261 a
555 1221 805 1276 servientibus
836 1218 956 1263 abero,
985 1217 1138 1270 mihique
1167 1215 1228 1269 ff
1239 1215 1411 1267 judicabo
1439 1216 1603 1262 Romam,
1633 1216 1830 1271 ubicunque
1859 1218 1908 1257 li-

518 1288 641 1329 berum
659 1287 720 1341 effe
736 1286 854 1327 licebit
870 1302 883 1329 3
913 1296 957 1322 ac
975 1282 1087 1334 vestri
1102 1280 1301 1334 mgserebor,
1322 1280 1447 1334 quibus
1465 1294 1528 1320 nec
1545 1290 1650 1326 aetas,
1670 1296 1780 1336 neque
1799 1284 1905 1323 hono·

519 1370 591 1400 res,
621 1369 731 1408 neque
749 1353 873 1392 virtus
891 1350 1007 1390 aliena
1025 1346 1238 1387 dulcedinem
1256 1345 1408 1385 vivendi
1423 1346 1579 1385 minuere
1597 1348 1775 1400 potuerit.
1806 1350 1911 1389 Mihi

521 1421 658 1476 quidem
677 1421 730 1459 ita
749 1418 874 1457 beatus
893 1415 954 1469 effl’
971 1413 1128 1458 videbor,
1131 1413 1175 1465 st
1189 1411 1284 1451 modo
1299 1411 1498 1464 cotfianter
1512 1426 1556 1451 ac
1567 1422 1742 1466 perpetuo
1749 1414 1909 1467 placebit

521 1489 585 1527 hoc
604 1487 790 1539 cotfilium,
809 1493 851 1523 ut
869 1483 1024 1522 relatam
1036 1489 1162 1534 putem
1177 1479 1342 1532 gratiam
1354 1478 1494 1532 pietati
1509 1493 1606 1518 meae.
1637 1480 1741 1532 Qid
1754 1481 1845 1520 enim
1862 1482 1909 1535 est

520 1554 655 1598 melius,
685 1565 805 1606 quam,
835 1547 1000 1588 memoria
1020 1545 1310 1600 reHefaHorum
1329 1552 1365 1582 et
1383 1543 1555 1583 libertate
1572 1554 1788 1591 contentum,
1818 1560 1909 1600 neg-

520 1621 630 1673 ligere
647 1619 804 1658 humana
821 1616 841 1655 ?
871 1613 943 1654 Sed
957 1622 1052 1652 certe
1071 1625 1138 1650 non
1145 1609 1378 1664 succumbam
1381 1609 1710 1662 succumbentibus,
1736 1625 1798 1650 nec
1818 1613 1907 1651 vin-

521 1700 588 1725 car
605 1683 652 1724 ab
670 1683 726 1727 iis,
749 1681 813 1735 qui
811 1682 858 1734 st
875 1678 978 1719 vinci
993 1677 1119 1717 volunt
1135 1693 1148 1721 ς
1178 1675 1412 1729 experiarque
1430 1683 1464 1713 et
1485 1674 1630 1714 tentabo
1649 1677 1778 1721 omnia,
1799 1691 1908 1730 neque

522 1751 673 1804 desistam
692 1746 897 1801 abstrahere
914 1759 938 1783 a
943 1743 1103 1798 servitio
1134 1741 1322 1779 civitatem
1346 1739 1511 1792 naessram.
1560 1740 1605 1779 Si
1617 1740 1750 1790 stcuta
1763 1742 1908 1792 suerit,

523 1831 602 1872 quae
619 1815 732 1859 debet,
747 1813 927 1865 fortuna,
952 1806 1183 1861 gaudebimus
1202 1820 1314 1845 omnes
1326 1821 1340 1844 .·
1354 1805 1419 1855 sin
1439 1805 1566 1851 minus,
1595 1820 1657 1858 ego
1675 1815 1794 1845 tamen
1808 1822 1910 1860 gau-

523 1882 618 1923 debo.
664 1879 803 1931 Qibus
833 1877 923 1915 enim
936 1873 1057 1928 potius
1075 1873 1152 1912 haec
1171 1871 1254 1910 vita
1255 1871 1379 1922 fabiis
1399 1880 1465 1910 aut
1483 1871 1755 1924 cogitationibus
1774 1873 1908 1912 tradu-

523 1957 646 1993 catur,
676 1958 781 1999 quam
810 1942 867 1988 iis,
897 1954 977 1994 quae
999 1938 1248 1992 pertinuerint
1278 1937 1330 1976 ad
1351 1937 1548 1976 liberandos
1574 1937 1669 1976 cives
1689 1951 1777 1976 meos
1793 1939 1813 1977 ?
1844 1938 1906 1986 Te,

525 2014 662 2057 Cicero,
693 2023 777 2062 rogo
811 2015 918 2060 atque
947 2004 1087 2048 hortor,
1117 2017 1160 2041 ne
1189 2001 1397 2054 &finge-re,
1428 2016 1494 2041 neu
1525 2002 1659 2054 diffidas
1675 2018 1688 2040 .·
1707 2003 1853 2056 stmper
1872 2005 1909 2044 in

518 2075 753 2132 praesentibus
772 2073 873 2112 malis
885 2068 1126 2124 prohibendis,
1142 2068 1286 2120 sutura
1307 2082 1451 2121 quoque,
1472 2067 1538 2119 nisi
1552 2068 1695 2119 antesit
1715 2071 1908 2120 occursum,

524 2144 692 2197 explores,
722 2154 764 2179 ne
768 2139 814 2191 st
832 2137 1004 2189 insinuent
1020 2149 1034 2172 .·
1049 2135 1193 2186 sortem
1213 2143 1246 2172 et
1267 2133 1415 2172 liberum
1439 2133 1608 2178 animum,
1639 2148 1704 2186 quo
1724 2144 1758 2172 ct
1778 2137 1906 2186 coryul,

522 2220 555 2248 et
581 2222 673 2247 nunc
693 2203 899 2259 cotfitlarIs.
929 2199 1179 2253 rempublicam
1199 2199 1397 2251 vindicasti,
1413 2199 1495 2250 sine
1514 2198 1708 2250 coaeylantia
1727 2210 1760 2237 ct
1783 2215 1908 2253 (equa-

524 2275 665 2313 bilitate
695 2271 828 2310 nullum
853 2267 913 2322 effe
936 2265 1098 2321 putaris.
1144 2265 1281 2304 Fateor
1302 2265 1391 2303 enim
1409 2264 1584 2303 duriorem
1604 2264 1663 2316 effi·
1682 2265 1918 2310 conditionem,

510 2342 687 2395 spectatu*
708 2335 876 2379 virtutis,
908 2347 1013 2387 quam
1032 2330 1234 2383 incognita.
1282 2331 1480 2382 Benffizc'la
1494 2339 1562 2383 pro
1582 2330 1704 2369 debitis
1723 2332 1919 2384 exegimus..

525 2410 612 2458 Quo
624 2405 665 2455 st
687 2403 796 2441 aliter
815 2400 998 2444 eveniunt,
1030 2407 1070 2437 ut
1090 2397 1226 2450 decepti
1241 2397 1288 2435 ab
1306 2397 1374 2441 his,
1405 2397 1524 2449 f'ffistd
1544 2397 1657 2435 animo
1678 2398 1914 2450 reprchae·ndi-.

525 2487 612 2511 mus.
661 2471 788 2522 Itaque
808 2467 958 2517 rssfflm·
983 2463 1138 2505 Antonio
1170 2463 1384 2506 Castrorum,
1415 2464 1478 2514 etsi
1497 2477 1627 2515 magna
1646 2463 1747 2504 laude
1765 2463 1920 2517 dignum:
