2335 3009
558 243 656 282 AD
714 239 1228 280 HERENNIUM
1288 241 1421 280 LIB.

355 337 493 374 mulieris
521 337 589 385 fft
617 344 794 383 corruptus,
825 338 892 384 eius
917 346 1023 393 corpus

354 388 465 432 castum
481 385 532 433 ff
545 397 604 421 non
613 393 825 432 putaverunt.
877 386 967 433 Qid
989 388 1023 420 in

356 437 459 470 viris
454 437 471 462 2
495 434 611 470 idemne
629 435 687 470 hoc
703 434 930 490 observabant.
925 436 941 461 θ
967 436 1023 468 mi-

356 485 443 518 nime.
495 483 585 529 Quid
622 484 670 517 ita
684 485 702 518 ,P
742 485 815 530 Ψ.ιά
855 495 889 517 v·
893 495 942 517 ros
982 483 1028 517 ad

355 532 584 578 unumquodque
601 529 921 578 maleficiumstngulae
939 533 1023 577 cupi-

356 579 469 614 ditates
492 580 652 626 impellunt
666 594 677 615 :
704 580 846 615 mulieres
863 580 907 614 ad
921 583 1024 614 omnia

357 628 506 672 maleficia
523 628 673 674 cupiditas
689 640 752 663 una
773 628 870 664 ducit.
924 629 1023 670 Item,

358 678 443 712 Bene
472 679 603 724 majores
628 678 722 722 nostri
750 677 806 712 hoc
822 686 1024 722 comparave-

356 734 444 767 runt,
470 736 506 760 ut
522 728 668 761 neminem
685 737 798 772 regem,
828 738 911 773 quem
927 727 1026 760 armis

357 773 503 821 cepifflmt,
529 777 604 809 vita
616 776 802 820 privarent.
843 774 934 821 Qid
946 775 993 808 ita
1007 776 1024 809 ?

357 826 442 870 quia,
469 834 562 870 quam
589 823 675 858 nobis
691 823 880 870 facultatem
889 823 1025 871 fortuna

358 871 488 918 dediffit,
506 874 642 919 iniquum
657 880 728 907 erat
743 875 777 906 in
793 883 896 906 eorum
904 872 1025 918 suppli-

358 922 404 954 cio
437 920 614 967 consumere,
652 933 726 968 quos
755 920 860 955 eadem
886 921 1026 967 fortuna

354 968 448 1014 paulo
463 978 537 1003 ante
554 971 587 1003 in
603 969 778 1014 ampliffimo
785 970 878 1014 statu
899 968 1025 1004 colloca-

359 1026 424 1052 rat.
480 1017 573 1064 Qid
606 1018 685 1065 quod
715 1020 883 1054 exercitum
917 1025 1025 1052 contra

359 1067 449 1100 auxit
463 1069 480 1101 ,Ρ
505 1066 601 1109 destno
617 1066 789 1113 meminiffe.
841 1065 931 1112 Qid
945 1068 1013 1100 ita.
1008 1067 1024 1093 Ρ

359 1117 433 1161 quia
458 1117 525 1150 viri
540 1117 642 1159 sortis
669 1116 720 1159 est,
745 1116 799 1162 qui
826 1114 862 1149 de
890 1115 1026 1149 victoria

360 1163 556 1206 contendant,
595 1175 643 1198 eos
671 1164 764 1208 hostes
793 1172 931 1209 putare;
973 1165 1027 1211 qui

360 1214 439 1247 victi
457 1213 545 1257 sunt,
572 1225 618 1246 eos
645 1213 779 1246 homines
796 1212 955 1258 judicare,
990 1219 1026 1247 ut

354 1260 442 1306 poffit
458 1261 567 1296 bellum
575 1261 732 1306 fortitudo
749 1263 896 1303 minuere,
917 1269 1027 1305 pacem

359 1310 540 1344 humanitas
553 1321 677 1355 augere.
729 1311 777 1344 At
799 1309 863 1351 ille,
876 1309 913 1351 st
932 1309 1026 1353 vicis-

351 1359 416 1404 set,
442 1369 513 1392 num
535 1357 613 1392 idem
631 1357 749 1404 feciffet
763 1359 781 1392 ,Ρ
806 1369 864 1392 non
885 1357 1027 1403 profec‘to

359 1416 426 1442 tam
446 1406 573 1452 sapiens
590 1405 710 1452 fuiffi‘t.
762 1405 853 1451 -Q‘id
878 1408 978 1452 igitur
1001 1407 1028 1441 ei

354 1457 464 1501 parcis
477 1456 494 1490 ?
519 1457 591 1502 quia
607 1455 701 1490 talem
707 1455 878 1499 stultitiam
899 1463 1028 1490 conlem-

360 1516 441 1546 nere‚
466 1516 525 1538 non
557 1505 692 1545 imitari,
729 1504 880 1550 consuevi.
933 1504 1027 1538 Haec

360 1553 537 1588 exornatio
555 1552 596 1586 ad
613 1551 801 1587 sermonem
813 1552 1030 1587 vehementer

362 1601 622 1636 accommodata
649 1601 708 1643 est,
734 1611 768 1636 et
797 1601 951 1636 animum
969 1613 1029 1636 au-

362 1650 483 1685 ditoris
509 1649 629 1685 retinet
656 1659 838 1691 attentum,
866 1659 941 1684 tum
971 1662 1028 1684 ve·

362 1698 494 1734 nustate
527 1698 700 1742 sermonis,
743 1707 818 1733 tum
856 1698 1029 1734 rationum

363 1747 611 1794 expetitatione.

412 1796 531 1832 XVII.
550 1796 723 1831 Sententia
733 1795 779 1830 est
792 1795 901 1830 oratio
912 1795 1028 1843 sump-

365 1855 400 1880 ta
426 1845 468 1880 de
495 1845 577 1887 vita,
605 1857 686 1892 quae
705 1854 765 1878 aut
782 1845 868 1891 quid
892 1845 942 1884 sit,
970 1853 1029 1879 aut

365 1894 452 1941 quid
475 1894 540 1928 effe
560 1903 717 1941 oporteat
744 1894 777 1927 in
806 1893 889 1934 vita,
918 1893 1028 1927 brevi-

366 1952 417 1978 ter
431 1942 590 1983 ostendit,
607 1942 671 1977 hoc
691 1942 816 1976 modo:
846 1941 980 1987 Difficile
993 1941 1031 1985 est

361 1993 499 2037 primum
517 1994 651 2025 virtutes
680 1992 829 2030 revereri,
855 1992 906 2037 qui
914 1990 1034 2035 semper

358 2039 492 2085 secunda
499 2040 638 2084 fortuna
657 2040 686 2088 s
673 2047 699 2074 t
717 2041 798 2085 usus.
849 2039 948 2080 Item,
974 2041 1032 2074 Li-

365 2088 448 2124 ber
434 2099 460 2122 ts
476 2090 516 2134 est
532 2088 756 2133 existimandus,
782 2091 835 2135 qui
858 2087 935 2121 nul.'‘
916 2101 934 2121 ι
962 2096 1031 2121 tur-

361 2135 500 2183 pitudini
519 2137 786 2192 servit.1tem,
825 2138 931 2192 Egens.
953 2148 1034 2183 aeque

367 2185 462 2229 estis,
487 2187 539 2232 qui
554 2197 613 2220 non
632 2186 715 2230 satis
731 2186 838 2227 habet,
864 2193 894 2220 et
919 2187 958 2228 is,
983 2187 1034 2220 cui

369 2233 449 2268 nihil
462 2233 546 2278 satis
568 2235 661 2279 potest
687 2234 746 2281 effe.
800 2235 900 2275 Item,
941 2236 1033 2279 Opti-

369 2293 420 2316 ma
445 2281 574 2316 vivendi
594 2285 677 2316 ratio
709 2283 757 2326 est'
773 2282 911 2329 eligenda
928 2297 938 2317 .·
966 2295 1034 2317 cam

358 2329 534 2377 jucundam
567 2331 746 2375 consuetudo
781 2331 900 2366 reddet.
953 2331 1035 2366 Hu-

366 2378 518 2426 jusmodi
558 2378 728 2414 iententiae
767 2380 936 2427 simplices
969 2392 1037 2414 non

371 2427 450 2462 iunt
468 2425 720 2473 improbandae,
747 2439 924 2475 propterea
942 2429 1039 2482 quod

373 2475 476 2511 habet
506 2475 618 2512 brevis
644 2476 826 2524 expositio,
851 2477 876 2512 fi
903 2477 1041 2512 rationis

1473 242 1546 280 IV.
1662 256 1737 296 203

1074 335 1203 371 nullius
1229 336 1372 384 indiget,
1408 348 1568 384 magnam
1595 337 1738 372 delceta-

1073 385 1212 419 tionem.
1241 386 1308 420 Sed
1326 385 1411 420 illud
1431 398 1572 433 quoque
1589 386 1739 433 proban-

1074 433 1158 467 dum
1192 433 1240 468 est
1273 445 1381 480 genus
1415 434 1599 477 sententiae,
1642 435 1739 481 quod

1074 482 1298 516 confirmatur
1338 481 1546 528 subjectione
1587 483 1738 525 rationis,

1074 529 1140 565 hoc
1158 530 1286 565 modo:
1314 533 1424 566 Omnes
1449 532 1520 566 bone
1535 532 1666 566 vivendi
1683 543 1738 565 ra-

1071 581 1168 614 tiones
1208 581 1242 614 in
1274 581 1397 613 virtute
1429 579 1508 624 sunt
1548 580 1737 623 collocandis,

1069 635 1236 673 propterea
1253 627 1333 674 quod
1339 627 1409 670 sola
1425 631 1531 662 virtus
1559 630 1592 661 in
1605 632 1668 673 sua
1682 637 1737 673 po-

1075 676 1184 720 testate
1197 676 1258 720 est·‚
1274 679 1374 711 omnia
1387 685 1508 722 praeter
1524 689 1590 711 eam
1598 677 1740 722 fitbjet‘t'a

1066 725 1143 771 sunt
1151 725 1296 770 fortunae
1312 725 1525 760 dominationi.
1555 726 1654 767 Item,
1673 725 1740 771 Qi

1066 773 1212 818 fortunis
1245 774 1373 819 alicujus
1411 773 1528 809 indubii
1569 776 1740 809 amicitiam

1075 822 1142 866 ejus
1150 823 1252 867 secuti
1259 822 1349 866 sunt,
1373 823 1419 864 hi,
1434 823 1533 866 fimul
1555 835 1593 857 ac
1600 823 1739 868 fortuna

1073 871 1193 916 dilapsa
1222 871 1274 914 est,
1312 871 1462 906 devolant
1496 884 1606 907 omnes.
1660 874 1739 907 Cum

1075 921 1154 953 enim
1181 918 1279 963 receff
1277 926 1291 954 t
1310 932 1346 955 ea
1368 932 1427 962 res,
1453 933 1520 968 quae
1528 920 1600 965 fuit
1623 922 1739 963 cons'ue-

1074 968 1192 1003 tudinis
1219 969 1322 1012 causa,
1364 969 1444 1003 nihil
1465 969 1609 1015 superest,
1646 981 1743 1017 quare

1067 1016 1177 1072 pqfflnt
1217 1019 1250 1051 in
1290 1020 1430 1052 amicitia
1459 1022 1600 1053 retineri.
1652 1019 1742 1053 Sunt

1075 1066 1155 1100 item
1167 1065 1352 1109 sententiae,
1363 1078 1445 1113 quae
1459 1067 1644 1114 dupliciter
1659 1067 1740 1101 effe-

1075 1123 1198 1148 runtur
1216 1113 1283 1148 sine
1299 1115 1438 1157 ratione,
1452 1125 1486 1150 et
1499 1128 1579 1150 cum
1599 1116 1738 1150 ratione.

1076 1163 1161 1197 Hoc
1191 1163 1297 1198 modo
1330 1163 1397 1198 fine
1424 1164 1572 1199 ratione:
1601 1166 1739 1207 Errant,

1074 1213 1128 1258 qui
1143 1212 1176 1245 in
1198 1211 1354 1256 prosperis
1381 1213 1471 1247 rebus
1491 1224 1589 1248 omnes
1613 1215 1740 1259 impetus

1067 1260 1211 1305 fortunae
1219 1260 1252 1304 se
1274 1268 1390 1306 putant
1400 1261 1525 1307 fugrffe.
1577 1264 1740 1307 Sapienter

1075 1310 1229 1354 cogitant,
1253 1311 1304 1355 qui
1327 1311 1510 1355 temporibus
1528 1311 1671 1356 secundis
1688 1323 1740 1345 ca-

1068 1356 1124 1402 sus
1140 1356 1285 1401 adversos
1305 1358 1519 1402 reformidant.
1571 1359 1664 1393 Cum
1690 1371 1742 1393 ra-

1077 1404 1182 1447 tione,
1201 1405 1266 1440 hoc
1283 1406 1385 1453 paeto
1401 1420 1408 1441 :
1429 1406 1497 1453 Qi
1513 1406 1743 1453 adolescentium

1072 1457 1208 1499 peccatis
1224 1455 1338 1499 ignosci
1359 1463 1477 1500 putant
1500 1464 1650 1502 oportere,
1670 1456 1742 1500 fal-

1075 1503 1197 1543 luntur,
1219 1511 1387 1549 propterea
1414 1506 1495 1552 quod
1520 1512 1596 1540 aetas
1612 1506 1666 1540 illa
1684 1517 1743 1540 non

1077 1552 1116 1596 est
1131 1552 1341 1598 impedimento
1368 1553 1452 1588 bonis
1473 1553 1598 1597 studiis.
1643 1557 1687 1589 At
1709 1555 1742 1589 hi

1069 1601 1232 1647 sapienter
1263 1601 1404 1646 faciunt,
1453 1604 1506 1649 qui
1549 1603 1742 1650 adolqccntes

1078 1652 1210 1685 maxime
1236 1651 1395 1696 castigant,
1421 1659 1470 1693 ut,
1496 1651 1606 1698 quibus
1633 1654 1742 1686 virtu-

1079 1698 1161 1733 tibus
1177 1710 1294 1733 omnem
1315 1701 1418 1733 vitam
1434 1702 1516 1734 tueri
1533 1701 1664 1747 poffimt,
1691 1712 1743 1736 eas

1078 1749 1112 1781 in
1128 1755 1224 1781 ‘etate
1234 1747 1434 1792 maturiffima
1444 1749 1540 1783 velint
1552 1760 1741 1796 comparare.

1079 1796 1292 1831 Sententias
1285 1797 1454 1843 interponi
1474 1809 1548 1832 raro
1569 1798 1744 1839 convenit,

1078 1854 1118 1879 ut
1148 1843 1193 1878 rei
1223 1845 1362 1885 aetores,
1389 1858 1459 1880 non
1485 1846 1623 1882 vivendi
1654 1859 1742 1895 prae-

1079 1903 1245 1940 ceptores,
1271 1894 1335 1928 esse
1354 1893 1540 1930 videamur.
1587 1896 1680 1931 Cum
1699 1907 1745 1931 ita

1083 1951 1353 1989 interponentur,
1369 1943 1519 1978 multum
1534 1944 1674 1980 asterent
1689 1957 1745 1980 or-

1083 1990 1242 2026 namenti.
1287 1992 1380 2026 Nam
1411 1993 1535 2027 necesse
1560 1993 1607 2028 est
1631 1993 1746 2029 animo

1081 2051 1156 2074 eam
1196 2040 1400 2086 comprobet
1433 2041 1557 2076 tacitus
1596 2043 1745 2086 auditor,

1083 2099 1164 2122 cum
1188 2088 1229 2122 ad
1247 2089 1381 2123 causam
1409 2091 1524 2125 videat
1552 2102 1746 2126 accommo-

1081 2136 1154 2171 dari
1178 2148 1248 2172 rem
1275 2148 1414 2181 certam,
1439 2151 1481 2174 ex
1500 2140 1570 2174 vita
1591 2151 1624 2175 et
1643 2140 1745 2175 mori-

1083 2185 1148 2220 bus
1167 2185 1348 2232 sumptam.

1134 2234 1274 2270 XVIII.
1313 2235 1534 2271 Contrarium
1564 2236 1653 2271 idern
1680 2236 1750 2273 fere

1083 2282 1143 2324 est,
1176 2283 1272 2329 quod
1299 2285 1485 2319 contentio.
1529 2285 1750 2321 Contrarium

1085 2331 1145 2373 est,
1181 2333 1277 2379 quod
1302 2343 1344 2366 ex
1374 2333 1475 2366 rebus
1502 2333 1641 2368 diversis
1666 2335 1752 2370 dua-

1089 2380 1167 2422 bus,
1186 2381 1324 2415 alteram
1345 2380 1491 2416 breviter
1506 2392 1539 2416 et
1557 2381 1656 2418 facile
1671 2395 1753 2418 con-

1089 2429 1216 2469 firmat,
1243 2429 1307 2463 hoc
1337 2429 1467 2475 paeto:
1496 2431 1596 2473 Nam,
1622 2434 1676 2478 qui
1690 2433 1756 2478 suis

1089 2477 1264 2513 rationibus
1279 2479 1419 2513 inimicus
1428 2477 1534 2524 fuerit
1539 2480 1675 2527 semper,
1691 2493 1757 2517 eum

1317 2575 1457 2616 Ccz
