2241 2994
742 221 1357 264 HISTORIA.

358 331 450 362 rum,
480 328 514 356 et
536 330 618 355 cum
649 317 708 354 illa
736 317 804 353 lata
834 317 1027 365 insignique

358 369 477 411 lorica,
505 378 545 404 ut
568 379 686 402 omnes
713 367 795 402 boni
813 366 1026 402 animadver-

357 426 480 458 terent,
505 426 539 452 et
555 427 638 451 cum
656 415 690 449 in
708 427 803 450 metu
820 426 854 451 et
873 415 1029 462 periculo

359 464 533 500 consulem
564 464 732 507 viderent,
775 463 810 498 id
842 464 940 511 quod
981 464 1029 498 est

358 511 504 555 factum,
545 513 588 547 ad
629 524 733 560 opem
760 513 1030 560 praesidiumque

358 559 432 608 ejus
450 570 702 596 concurrerent.

409 610 541 645 Τεᾶυς
583 609 689 656 igitur
729 608 890 657 praesidio
927 609 1029 644 firmo

360 657 565 701 amicorum,
591 658 752 693 Catilinae
784 668 860 693 tum
887 667 922 693 et
952 659 1028 693 Au-

361 706 462 741 tronii
480 708 598 754 copias
623 716 657 742 et
681 717 845 742 conatum
869 708 1029 755 repreffit,

361 765 400 789 ut
430 755 476 790 ait
505 767 568 802 pro
598 755 705 802 Sylla,
743 767 817 802 cap.
851 757 904 790 18.
932 766 966 790 et
996 755 1031 791 in

359 803 464 838 Catil.
483 805 512 838 1.
539 815 614 851 cap.
636 817 668 850 5.
720 804 798 839 cum
810 806 963 849 proximis
980 816 1028 838 co-

359 854 458 886 mitiis
497 852 704 898 consiclaribus
740 864 787 886 me
818 853 965 896 consulem
997 854 1031 888 in

359 911 465 947 campo
492 910 520 936 et
546 903 749 947 competitores
776 909 845 936 tuos
860 901 1031 944 interficere

359 949 494 994 voluisti,
520 950 665 996 comprtff
693 958 759 985 tuos
784 951 919 996 nefarios
937 963 1031 984 cona-

359 1005 422 1040 tus,
448 1002 615 1033 amicorum
630 998 772 1044 praesidio
789 1007 819 1032 et
837 1001 941 1045 copiis,
960 998 1028 1033 nul-

359 1047 389 1081 lo
406 1049 542 1082 tumultu
553 1047 675 1093 publice
691 1050 851 1082 concitato.
876 1047 1031 1090 Loricae,

360 1107 432 1143 qua
450 1096 558 1131 teetus
576 1097 698 1131 Cicero
729 1097 762 1130 in
791 1107 954 1143 campum
973 1097 1030 1130 de-

361 1145 501 1188 scendit,
529 1145 757 1180 meminerunt
774 1145 978 1188 Plutarchus,
1000 1153 1031 1179 et

360 1193 439 1229 Dio.

410 1242 482 1277 His
503 1242 652 1278 comitiis
681 1241 831 1277 Catilina
860 1242 1031 1290 repulsam

361 1291 486 1326 iterum
527 1291 631 1325 tulit:
679 1291 833 1325 consules
871 1292 1030 1326 declarati

361 1339 440 1374 sunt
458 1339 505 1374 D.
525 1339 653 1384 Junius
676 1339 812 1374 Silanus
840 1349 875 1374 et
903 1340 948 1375 L.
966 1340 1030 1374 Li-

361 1387 472 1422 cinius
492 1388 650 1422 Murena.
703 1389 782 1423 Cum
811 1389 912 1434 igitur
939 1388 1031 1431 nihil,

360 1435 476 1484 inquit
496 1437 577 1479 Dio,
601 1436 747 1472 Catilinae
755 1436 945 1482 procederet,
961 1437 1031 1484 jus-

350 1486 399 1530 fit
424 1487 599 1532 conjuratos
622 1491 709 1521 noctu
734 1488 766 1520 in
791 1484 911 1521 domum
934 1498 1032 1533 quan-

359 1534 432 1569 dam
449 1536 621 1570 convenire.
674 1534 757 1570 Fuit
774 1546 813 1569 ea
829 1534 954 1570 domus
973 1535 1029 1570 M.

361 1583 476 1619 Porcii
493 1582 632 1627 Leccae,
659 1583 693 1618 in
711 1595 818 1630 quam
835 1582 1032 1630 conjuratos

363 1631 463 1667 noCte
478 1643 529 1674 ea,
556 1644 637 1679 quae
655 1632 835 1667 consecuta
856 1632 904 1667 est
921 1632 1031 1679 poste-

363 1692 440 1715 rum
474 1680 565 1715 diem
609 1682 792 1716 Nonarum
834 1681 1029 1716 Novembr.

362 1729 524 1764 Catilinae
551 1730 810 1765 denuntiatione
839 1730 1033 1765 conveniffe

363 1777 486 1813 Cicero
503 1790 568 1825 pro
586 1779 680 1825 Sylla
696 1779 755 1819 ait,
782 1788 851 1824 cap.
875 1782 929 1814 18.

412 1827 510 1862 Tum
554 1828 712 1862 Catilinae
754 1827 825 1862 dies
871 1827 1031 1870 exeundi,

363 1885 440 1912 tum
486 1876 619 1911 caeteris
665 1876 823 1911 manendi
864 1876 1031 1918 conditio,

363 1935 440 1960 tum
467 1925 648 1972 descriptio
683 1935 790 1960 totam
822 1937 881 1972 per
911 1925 1032 1960 urbem

363 1973 469 2009 caedis
502 1984 606 2021 atque
645 1974 880 2008 incendiorum
909 1973 1034 2008 consti-

364 2032 440 2058 tuta
466 2022 524 2057 est.
577 2023 689 2070 Qod
716 2035 735 2056 a
751 2024 814 2058 Cic.
834 2023 929 2057 Orat.
951 2022 977 2057 Ι.
1003 2028 1035 2056 et

364 2071 411 2107 11.
437 2074 470 2106 in
487 2071 585 2107 Catil.
610 2082 644 2106 et
674 2083 694 2106 a
715 2071 855 2116 Sallustio
882 2071 1033 2118 explica-

366 2129 433 2155 tur.
477 2119 578 2155 Dixit
596 2120 643 2155 ibi
662 2121 825 2162 Catilina,
848 2120 1033 2167 paululum

365 2169 429 2202 effe
460 2168 521 2203 fibi
549 2169 652 2203 etiam
682 2179 757 2204 tum
788 2181 909 2211 morae,
936 2169 1036 2216 quod

366 2216 489 2251 Cicero
519 2217 673 2259 viveret-,
703 2218 825 2265 reperti
855 2217 932 2252 sunt
962 2217 1034 2252 duo

365 2264 498 2312 equites
516 2266 678 2306 Romani,
705 2267 767 2314 qui
795 2264 859 2301 sese
886 2266 944 2301 illa
963 2265 1035 2314 ipsa

366 2313 466 2348 noete
483 2314 589 2360 paulo
606 2324 682 2349 ante
700 2315 812 2350 lucem
830 2314 1033 2350 Ciceronem

367 2362 402 2397 in
436 2360 496 2396 suo
527 2362 655 2397 leetulo
688 2363 924 2398 interfec’turos
954 2364 1032 2411 pol-

367 2411 561 2451 licerentur,
587 2412 684 2446 Orat.
704 2413 729 2446 l.
745 2415 778 2446 in
795 2412 891 2447 Catil.
911 2421 977 2457 cap.
997 2425 1032 2455 4.

367 2459 468 2496 Alter
483 2471 605 2494 eorum
621 2459 660 2494 C.
679 2460 860 2496 Cornelius
881 2472 900 2494 a
917 2459 1033 2507 Sallus-

1666 226 1747 281 285

1076 320 1132 361 tio,
1158 328 1225 366 cap.
1256 322 1315 356 28.
1338 326 1370 355 et
1397 319 1542 356 Cicerone
1563 330 1623 367 pro
1649 322 1744 368 Sylla,

1077 377 1146 413 cap.
1173 369 1205 402 6.
1234 367 1440 405 nominatur.
1491 370 1536 405 Ei
1567 371 1746 406 Sallustius

1078 416 1124 450 L.
1151 416 1405 462 Vargunteium
1432 418 1538 460 addit,
1563 419 1625 466 qui
1656 419 1746 454 sena-

1079 473 1146 506 tor,
1188 475 1257 498 non
1299 477 1403 512 eques
1436 465 1514 502 fuit.
1567 468 1746 503 Plutarchi

1079 512 1159 547 libri
1193 512 1370 548 Marcium
1397 524 1434 549 et
1461 516 1656 563 Cethegum
1687 517 1745 551 ha-

1080 561 1172 596 bent.
1222 561 1295 596 Dio
1337 562 1491 599 neutrius
1524 576 1650 600 nomen
1687 577 1746 601 ex-

1078 611 1203 657 pressit.

1128 659 1221 693 Cum
1241 667 1354 694 autem
1371 659 1494 695 Cicero
1511 672 1572 708 per
1585 661 1748 697 Fulviam

1080 707 1123 741 de
1153 707 1247 749 dolo,
1283 707 1344 755 qui
1374 709 1571 755 parabatur,
1601 709 1749 745 vixdum

1079 756 1182 790 etiam
1212 767 1309 791 coetu
1352 756 1412 792 illo
1441 757 1589 801 dimisso,
1625 759 1750 794 certior

1079 802 1192 840 faetus
1207 805 1298 847 esset,
1324 804 1468 840 domum
1496 805 1589 841 suam
1612 806 1749 853 majori-

1082 853 1147 888 bus
1182 853 1347 901 praesidiis
1375 854 1527 889 munivit
1555 865 1660 903 atque
1689 856 1749 891 fir-

1081 902 1212 937 mavit:
1251 902 1397 937 exclusit
1425 914 1498 946 εοε,
1535 915 1624 950 quos
1654 905 1749 939 Cati-

1080 950 1150 985 lina
1168 962 1266 985 mane
1283 951 1326 985 ad
1353 950 1463 998 ipsum
1482 951 1665 988 salutatum
1684 955 1748 988 mi-

1080 998 1176 1041 serat,
1202 1001 1266 1035 Cic.
1285 1001 1319 1033 in
1336 999 1432 1035 Catil.
1454 1001 1480 1035 1.
1507 1011 1574 1047 cap.
1594 1014 1627 1044 4.
1678 1002 1748 1037 Sal-

1079 1048 1210 1091 Iustius,
1252 1048 1468 1091 Plutarchus,
1508 1051 1674 1096 Appianas
1717 1059 1749 1086 et

1079 1098 1156 1132 Dio.

1129 1145 1191 1180 Vl.
1211 1146 1292 1181 ldus
1311 1146 1487 1182 Novemb.
1519 1147 1641 1183 Cicero
1659 1147 1748 1182 sena-

1080 1203 1155 1229 tum
1176 1194 1208 1229 in
1226 1195 1326 1240 Jovis
1346 1196 1488 1230 Statoris
1515 1197 1638 1238 aedem‚
1665 1209 1747 1243 quae

1079 1253 1150 1278 erat
1168 1242 1266 1278 initio
1285 1243 1363 1278 Viae
1379 1244 1506 1288 Sacrae,
1533 1257 1603 1292 qua
1623 1246 1665 1280 ad
1683 1246 1748 1280 Pa-

1080 1291 1202 1327 latium
1265 1292 1477 1336 ascenditur,
1529 1295 1748 1330 convocavit.

1080 1340 1184 1375 Venit
1207 1340 1327 1375 eodem
1355 1341 1517 1384 Catilina,
1543 1342 1644 1389 eique
1671 1343 1749 1377 nul-

1082 1388 1136 1423 lus
1155 1388 1285 1423 senator
1302 1389 1438 1424 affidere
1454 1390 1580 1432 voluit,
1608 1401 1647 1425 ut
1665 1391 1749 1426 Plu-

1081 1437 1221 1472 tarchus
1238 1437 1363 1472 scribit.
1415 1438 1537 1474 Cicero
1553 1441 1586 1473 in
1604 1439 1702 1475 Catil.
1720 1441 1749 1475 1.

1080 1495 1149 1532 cap.
1179 1497 1211 1530 7.
1239 1494 1268 1520 et
1293 1486 1340 1521 11.
1367 1495 1434 1532 cap.
1456 1488 1488 1522 6.
1516 1487 1563 1522 ait
1580 1487 1750 1536 principes

1080 1535 1211 1570 ordinis
1228 1534 1382 1570 senatorii
1399 1546 1530 1583 partem
1560 1536 1653 1571 illam
1672 1538 1745 1572 sub·

1080 1583 1266 1627 selliorum,
1292 1585 1335 1618 ad
1364 1596 1470 1631 quarn
1489 1585 1546 1619 ille
1562 1587 1750 1630 accesserat,

1081 1633 1212 1668 nudam
1230 1643 1334 1680 atque
1353 1633 1485 1668 inanem
1505 1633 1684 1681 reliquisse.

1131 1682 1228 1716 Tum
1266 1683 1322 1716 M.
1351 1681 1495 1716 Tullius
1525 1683 1642 1717 consul
1681 1683 1751 1718 five

1082 1729 1296 1778 praesentiam
1325 1728 1398 1776 ejus
1429 1730 1564 1773 timens,
1603 1733 1672 1767 five
1702 1732 1751 1767 ira

1082 1789 1291 1822 commotus,
1325 1778 1513 1814 orationem
1545 1781 1666 1815 habuit
1696 1782 1750 1816 lu·

1081 1827 1255 1862 culentam
1301 1837 1406 1875 atque
1452 1828 1571 1863 utilem
1614 1829 1748 1877 reipub.

1076 1888 1187 1923 quam
1218 1875 1334 1924 postea
1358 1876 1518 1924 scriptam
1548 1877 1667 1921 edidit,
1704 1879 1752 1914 ait

1081 1925 1252 1970 Sallustius,
1278 1935 1346 1971 cap.
1369 1937 1426 1971 31.

1134 1974 1228 2008 Haec
1253 1974 1301 2009 est
1325 1974 1437 2021 prima
1452 1975 1562 2010 oratio
1580 1975 1613 2010 in
1631 1975 1750 2011 Catili-

1085 2035 1163 2057 nam
1199 2033 1233 2057 et
1266 2022 1409 2070 septima
1445 2023 1642 2066 consularis,
1681 2036 1752 2072 qua

1082 2071 1268 2106 Catilinam
1296 2072 1419 2114 emifit,
1445 2073 1528 2118 epist.
1566 2085 1593 2107 1.
1621 2074 1673 2108 lib.
1704 2075 1749 2109 11.

1081 2120 1126 2155 ad
1149 2121 1223 2158 Au.
1268 2122 1353 2167 Ego,
1378 2121 1493 2167 inquit
1522 2121 1555 2155 in
1579 2122 1751 2165 Pisonem,

1084 2181 1160 2217 cap.
1182 2180 1216 2204 2.
1259 2169 1302 2204 L.
1321 2169 1507 2212 Catilinam,
1534 2170 1640 2204 caedem
1658 2171 1751 2217 sena-

1083 2227 1147 2260 tus,
1171 2219 1334 2253 interitum
1351 2218 1448 2258 urbis,
1467 2230 1527 2252 non
1544 2219 1676 2263 obscure,
1693 2217 1754 2264 sed

1079 2267 1190 2313 palam
1206 2267 1386 2308 molientem,
1403 2266 1505 2312 egredi
1521 2278 1556 2300 ex
1572 2267 1727 2313 urbejuffi
1738 2282 1750 2303 ,-

1083 2323 1131 2357 ut,
1174 2328 1195 2350 a
1233 2327 1291 2362 quo
1323 2314 1441 2361 legibus
1474 2326 1533 2348 non
1563 2323 1750 2361 poteramus,

1081 2364 1228 2400 maenibus
1250 2366 1313 2398 tuti
1340 2363 1393 2409 effe
1417 2363 1570 2409 poffemus.
1615 2364 1750 2400 Plutar-

1082 2413 1191 2448 chus:
1219 2413 1324 2448 Cicero
1351 2423 1419 2446 eum
1443 2413 1519 2447 urbe
1544 2413 1627 2447 exire
1632 2413 1723 2458 juffit
1736 2427 1748 2448 :

1081 2469 1216 2508 oportere
1238 2462 1316 2496 enim
1338 2458 1473 2508 interse,
1499 2464 1551 2509 qui
1576 2461 1699 2506 verbis,
1720 2470 1754 2499 et
