2241 2994
721 241 1388 284 HISTORIA.'

336 334 379 369 ad
414 333 527 369 sellam
562 335 694 369 acceffit
721 343 756 369 et
789 333 893 381 capiti
928 333 1001 380 ejus

335 383 491 418 diadema
530 383 714 430 imposuit:
754 383 851 429 quod
888 383 1003 418 Caesar

335 443 416 466 cum
435 431 555 478 plausu
579 430 700 477 populi
732 430 869 477 rejecit:
897 433 1003 466 Cicero

333 479 476 525 Philipp.
508 479 554 514 II.
593 489 658 525 cap.
699 491 756 524 34.
800 479 865 515 ΙΙΙ.
898 492 930 524 5.
969 489 1004 515 et

333 528 437 562 ΧΙΙΙ.
456 530 487 562 8.
514 527 723 570 Plutarchus,
736 527 910 575 Appianas,
923 530 1001 571 Dio,

332 585 367 610 et
383 575 451 611 alii.

382 624 506 660 Idibus
524 625 631 660 Mart.
657 624 772 660 Caesar
800 637 819 659 a
843 622 1003 671 conjura

333 672 377 708 tis
408 673 442 708 in
470 673 627 720 Pompeii
651 674 746 708 curia
763 673 874 708 tribus
890 683 925 708 et
942 685 1000 709 xx.

334 722 446 769 plagis
464 721 636 757 confoss‘us
661 722 721 757 est.
769 721 857 768 Ejus
886 720 1006 768 conju·

335 770 487 812 rationis,
515 780 554 805 ut
572 770 779 805 Plutarchus
798 771 924 812 scribit,
946 770 1005 806 Ci-

334 830 412 853 cero
438 818 566 865 partice
593 831 608 853 s
636 831 704 853 non
735 817 816 861 fuit,
842 819 1005 866 quamvis

335 867 390 901 M.
420 867 528 902 Bruto
573 867 811 902 amiliariffirne
841 877 1005 903 uteretur.

333 915 478 958 Verum,
513 915 609 962 quia,
644 916 778 951 Caesare
812 915 1003 958 interfe&o,

334 963 447 999 statim
465 975 648 999 cruentum
679 965 745 1000 alte
761 965 929 1000 extollens
948 965 1004 1000 M.

332 1013 462 1048 Brutus
480 1013 682 1060 pugionem,
709 1013 912 1048 Ciceronem
944 1026 1005 1048 no-

334 1061 492 1096 minatim
516 1061 736 1101 exclamavit,
762 1072 867 1109 atque
895 1062 925 1097 ei
956 1073 1005 1096 re-

334 1120 532 1156 cuperatam
558 1110 750 1145 libertatern
777 1110 825 1145 est
853 1111 1006 1158 gratula-

334 1168 405 1199 tus,
447 1159 624 1194 Antonius
653 1159 830 1194 Ciceronis
863 1159 1006 1194 consilio

334 1207 500 1242 Caesarem
520 1207 736 1242 interfee’tum
754 1207 870 1255 postea
893 1207 926 1242 in
955 1207 1002 1242 se-

335 1266 418 1290 natu
443 1256 542 1297 dixit,
570 1256 659 1291 Phil.
691 1257 735 1291 11.
763 1266 831 1302 cap.
855 1268 910 1291 1¹.
938 1257 1004 1291 Dio

333 1303 388 1339 lib.
408 1304 544 1340 XLIV.
571 1304 630 1346 ait,
658 1305 866 1360 percuffores
892 1305 1004 1340 Caesa-

335 1354 392 1394 ris,
419 1364 500 1387 cum
526 1364 544 1387 e
571 1353 666 1388 curia
683 1355 716 1387 in
735 1352 853 1387 forum
871 1353 902 1388 se
919 1365 1002 1388 con-

332 1399 472 1445 ferrent,
509 1401 632 1437 crebro
660 1401 863 1437 Ciceronem
891 1402 1004 1437 excla-

333 1450 447 1486 maffe.

381 1499 604 1546 Receperunt
627 1497 677 1534 illi
706 1497 737 1533 se
753 1511 772 1533 e
788 1496 893 1534 foro
885 1511 919 1533 in
937 1499 1002 1534 Ca-

333 1547 512 1594 pitolium,
533 1559 645 1595 eoque
661 1547 786 1583 Cicero
801 1547 904 1582 etiam
920 1559 1002 1583 cum

333 1596 408 1630 aliis
426 1596 606 1643 permultis
631 1595 790 1639 ascendit,
817 1607 927 1644 neque
953 1606 998 1631 ta

334 1656 413 1680 rnen
439 1644 564 1680 adduci
593 1645 722 1692 potuit,
748 1655 788 1680 ut
817 1646 860 1679 ad
890 1646 1002 1680 Anto-

334 1694 434 1729 nium
458 1693 521 1729 iret
549 1703 655 1740 atque
683 1694 726 1729 ad
753 1693 1004 1729 defendendam

334 1753 444 1790 remp.
463 1741 679 1778 hortaretur:
708 1743 775 1785 sed,
802 1755 884 1778 cum
901 1742 1004 1777 ceteri

334 1791 527 1826 consulares
555 1792 654 1834 irent,
686 1791 845 1833 redirent,
872 1791 941 1839 ipse
970 1791 1005 1826 in

334 1839 497 1875 sententia
514 1840 648 1882 mansit,
677 1852 789 1887 neque
806 1841 1004 1875 Antonium

334 1887 397 1923 illo
429 1888 486 1923 die
520 1900 632 1935 neque
660 1889 796 1936 postero
825 1889 926 1930 vidit,
966 1898 1006 1923 ut

336 1936 405 1984 ipse
429 1937 462 1972 in
489 1938 534 1972 11.
562 1937 703 1983 Philipp.
731 1947 801 1983 cap.
822 1951 878 1984 35.
907 1937 1004 1972 testa-

333 1995 411 2021 tur:
440 1998 501 2021 nec
522 1998 643 2021 verum
667 1986 725 2027 est,
752 1987 849 2034 quod
868 1987 1003 2021 Plutar-

331 2034 418 2076 chus,
443 2036 622 2081 Appianas,
648 2036 726 2077 Dio,
756 2045 790 2070 et
808 2036 1004 2081 interpretes

334 2083 610 2131 Philippicarum
641 2083 806 2125 scribunt,
844 2084 1005 2131 postridie

336 2131 419 2166 ldus
437 2131 588 2167 senatum
615 2133 649 2167 in
675 2133 750 2167 aede
775 2133 928 2167 Telluris
948 2132 1005 2167 ha-

336 2179 449 2214 bitum
467 2179 588 2216 fuiffe:
617 2193 696 2216 narn
722 2192 757 2216 et
787 2181 820 2216 in
850 2181 1004 2216 11.Ph1·-

334 2227 410 2274 Ιφρ.
438 2238 505 2275 cap
527 2241 583 2275 35.
611 2230 642 2265 se
659 2230 735 2277 post
753 2230 844 2265 diem
863 2230 1003 2265 tertium

337 2276 370 2311 in
401 2277 510 2312 aedern
542 2278 694 2313 Telluris
723 2279 848 2314 veniffe
878 2279 936 2321 ait,
973 2288 1008 2313 et

335 2325 419 2371 epist.
441 2337 495 2360 ιι.
521 2333 553 2360 et
577 2327 629 2361 16.
657 2326 710 2362 lib.
731 2329 830 2363 XlV.
857 2327 902 2361 ad
919 2329 1007 2362 Atti-

337 2386 415 2414 cum,
445 2373 478 2408 id
509 2374 732 2411 Liberalibus
757 2375 889 2411 fafturn
908 2375 1008 2411 fuiffe

338 2422 498 2465 ostendit,
526 2423 560 2458 id
577 2423 637 2466 est,
663 2435 692 2458 a.
711 2424 745 2460 d.
765 2436 843 2460 xvi.
863 2425 1008 2459 Kalend.

340 2471 457 2518 April.

1649 259 1723 301 33¹

1101 335 1156 369 Eo
1173 335 1228 370 die
1246 336 1300 371 M.
1316 335 1470 379 Tullius,
1498 346 1669 383 quantum
1689 337 1723 372 in

1053 381 1124 427 ipso
1149 382 1229 425 fuit,
1251 383 1335 430 iecit
1364 383 1587 420 fundamenta
1616 385 1720 431 pacis,

1053 431 1387 479 Atheniensiumque
1418 434 1596 468 renovavit
1621 443 1720 468 vetus

1051 480 1276 526 exemplum:
1315 481 1481 516 Graecum
1511 483 1613 517 etiam
1646 495 1721 517 ver-

1055 527 1138 562 bum
1158 527 1348 575 ulurpavit,
1370 541 1443 575 quo
1461 541 1536 564 tum
1556 531 1589 564 in
1608 530 1721 565 sedan—

1054 575 1106 611 dis
1124 575 1301 611 discordiis
1319 577 1376 611 usa
1403 587 1473 612 erat
1490 578 1610 612 civitas
1639 579 1720 619 illa,

1051 626 1722 721 3323m02³81533032ffls222¹3312..5¹2¹“32

1057 722 1192 757 lendarn
1222 723 1364 764 censuit,
1390 723 1551 770 Philip.1
1557 750 1564 758 .
1592 731 1658 768 cap.
1695 735 1724 758 r.

1056 771 1163 805 Plura
1188 771 1302 819 scripsi
1333 773 1367 806 in
1391 781 1458 817 cap.
1493 782 1525 806 2.
1542 771 1607 806 lib.
1638 771 1722 806 XII.

1055 819 1180 855 Orosii.
1215 820 1356 855 Habuit
1374 819 1421 855 ibi
1440 819 1616 855 Antonius
1634 831 1723 872 quo-

1054 879 1124 914 que
1140 868 1329 903 orationem
1347 869 1389 903 de
1415 869 1610 911 concordia,
1637 867 1724 914 ejus-

1054 928 1123 963 que
1148 929 1276 964 parvus
1302 917 1409 959 filius,
1443 917 1476 952 in
1507 896 1723 965 Capitolium

1055 965 1186 1007 miffus,
1223 965 1317 1013 pacis
1348 965 1444 1000 obses
1473 965 1553 1008 fuit,
1581 966 1721 1012 Philipp.

1056 1014 1083 1048 1.
1110 1023 1178 1060 cap.
1214 1027 1242 1050 1.
1269 1024 1304 1049 et
1331 1014 1377 1049 II.
1409 1024 1478 1060 cap.
1510 1015 1566 1061 36.
1608 1015 1724 1061 itaque

1056 1061 1300 1104 interfefiwres,
1345 1072 1386 1098 ut
1435 1063 1641 1098 Plutarchus
1690 1066 1726 1097 in

1054 1111 1158 1146 Bruto
1183 1112 1311 1154 scribit,
1336 1123 1356 1146 e
1382 1112 1559 1159 Capitolio
1587 1111 1726 1147 descen-

1053 1160 1190 1201 derunt,
1215 1170 1249 1194 et
1276 1161 1404 1195 Brutus
1422 1161 1516 1208 apud
1533 1159 1724 1207 Lepidum,

1055 1208 1187 1243 Caffius
1229 1209 1323 1256 apud
1369 1209 1579 1250 Antonium,
1622 1209 1724 1244 ceteri

1053 1257 1147 1304 apud
1166 1257 1250 1292 alios
1268 1267 1462 1292 coenarunt.
1512 1257 1652 1292 Postero
1669 1258 1725 1292 die

1053 1305 1244 1352 provinciae
1264 1306 1378 1340 iisdem
1398 1306 1431 1340 in
1450 1305 1562 1341 senatu
1577 1306 1723 1341 decretae

1053 1353 1219 1394 fuerunt;
1247 1354 1357 1389 Bruto
1375 1357 1496 1389 Creta:
1526 1355 1638 1389 Caffio
1670 1356 1723 1389 A-

1053 1401 1162 1437 frica:
1206 1402 1387 1438 Trebonio
1429 1403 1535 1438 Afia:
1577 1403 1725 1438 Cimbro

1053 1449 1232 1497 Bithynia:
1253 1452 1301 1486 D.
1316 1452 1426 1486 Bruto
1443 1451 1559 1486 Gallia
1575 1451 1723 1487 citerior.

1104 1499 1184 1540 Sed,
1210 1510 1292 1534 curn
1322 1499 1438 1535 Caesar
1467 1499 1588 1535 funere
1615 1500 1725 1536 elatus

1051 1557 1086 1582 et
1114 1560 1134 1582 a
1165 1549 1219 1583 M.
1248 1548 1407 1583 Antonio
1437 1548 1596 1583 laudatus
1632 1549 1724 1591 effet,

1051 1597 1149 1643 plebs
1167 1608 1248 1631 curn
1266 1596 1401 1632 facibus
1419 1597 1461 1632 ad
1479 1598 1624 1632 domum
1637 1598 1725 1632 Bru-

1053 1645 1091 1688 ti,
1118 1645 1232 1688 Caffii,
1259 1656 1294 1680 et
1311 1646 1457 1680 aliorum
1487 1646 1642 1687 tetendit,
1673 1655 1724 1681 at-

1054 1695 1355 1790 &Tigffirissi
1357 1707 1476 1790 ¹¹13}ssssss
1494 1694 1625 1778 ’ἓξὲξ
1642 1694 1712 1778 {¹:³1¹}
1714 1721 1723 1730 '

1056 1791 1156 1834 bunt,
1174 1801 1208 1827 et
1225 1803 1306 1826 curn
1327 1791 1392 1826 illis
1411 1792 1534 1826 Cicero
1550 1792 1604 1827 lib.
1618 1792 1722 1827 XIV.

1054 1850 1100 1886 ep
1125 1852 1178 1876 10.
1206 1840 1338 1875 adAtt.
1364 1848 1395 1874 et
1415 1840 1559 1886 Philipp.
1578 1841 1626 1876 ΙΙ.
1653 1850 1722 1887 cap.

1057 1889 1115 1935 36.
1159 1889 1258 1924 Tum
1289 1889 1344 1924 M.
1375 1890 1504 1924 Brutus
1531 1899 1566 1924 et
1591 1890 1723 1924 Caffius

1056 1938 1177 1972 urbem
1196 1938 1421 1985 reliquerunt,
1446 1948 1480 1973 et
1505 1938 1657 1973 Antium
1674 1949 1724 1974 at-

1053 1998 1123 2034 que
1151 1986 1356 2021 Lanuvium
1386 1986 1532 2034 profeffi
1571 1987 1632 2022 diu
1675 1987 1724 2022 ibi

1054 2035 1152 2070 otiofi
1171 2034 1324 2076 fuerunt,
1343 2045 1383 2070 ut
1400 2035 1455 2070 lib.
1476 2035 1575 2070 XlV.
1594 2043 1625 2071 et
1641 2036 1724 2072 XV.

1054 2083 1099 2118 ad
1115 2085 1256 2119 Atticum
1274 2083 1444 2119 videmus.

1105 2133 1228 2168 Cicero
1246 2144 1389 2180 quoque
1417 2132 1515 2167 initio
1533 2133 1665 2180 Aprilis
1682 2145 1725 2168 ex

1055 2181 1141 2215 urbe
1159 2193 1216 2216 rus
1235 2180 1410 2228 profe&us
1439 2181 1536 2215 villas
1564 2181 1637 2215 suas
1661 2181 1725 2216 lus-

1055 2230 1171 2272 travit,
1208 2239 1247 2264 ut
1278 2230 1429 2264 indicant
1458 2229 1610 2276 epistolae
1641 2229 1725 2272 illae,

1057 2290 1140 2325 quae
1166 2279 1264 2313 initio
1291 2278 1344 2312 lib.
1372 2278 1472 2313 XIV.
1499 2276 1544 2311 ad
1559 2279 1633 2313 An.
1659 2278 1726 2314 hoc

1057 2337 1212 2374 tempore
1257 2326 1391 2373 scriptae
1434 2326 1619 2372 leguntur:
1664 2339 1726 2362 nec

1058 2376 1253 2422 quidquam
1295 2387 1336 2409 eo
1379 2384 1532 2421 tempore
1579 2375 1728 2411 malebat

1058 2436 1164 2470 quarn
1185 2422 1347 2463 rusticari,
1374 2423 1456 2468 epist.
1477 2435 1534 2468 ²3·
1552 2422 1606 2457 lib.
1627 2424 1726 2459 XVI.

1060 2472 1173 2507 fatal.
1200 2473 1293 2507 Haec
1312 2481 1426 2506 autem
1443 2471 1614 2507 rusticatio
1629 2473 1728 2509 nobis

1291 2567 1430 2606 th
