2241 2994
562 251 1406 292 PHILOSOPHORUM.

295 349 427 394 quietum
443 357 490 382 me
505 346 577 381 licet
592 347 725 381 venias:
760 355 887 379 munera
903 357 959 379 au

294 404 356 430 tem
370 396 441 440 φα,
465 394 573 442 quibus
589 405 618 428 es
634 393 814 433 delectatus,
843 393 898 427 vel
919 395 960 426 ci-

294 444 388 478 vibus
403 445 477 485 tuis,
495 443 551 478 vel
561 441 620 478 diis
630 440 854 477 immortalibus
868 440 958 476 dona.

366 586 878 622 ANAXAGORAS.

393 682 800 723 NAXAGORAS,
818 683 960 729 Hegesi-

419 731 493 766 buli
512 731 616 772 filius,
643 731 899 772 Clazomenius,
917 731 961 765 ab

293 779 509 815 Anaximene
560 780 692 826 accepit
733 778 957 825 disciplinam.

294 827 453 862 Maxima
468 827 538 862 fuit
564 837 600 862 et
619 827 798 874 gravitatis
815 837 848 861 et
868 827 959 874 inge-

293 876 340 910 nii
368 876 499 922 gloria:
527 888 632 923 quem
649 874 777 917 ferunt,
806 877 962 910 nuntiata

294 934 405 959 morte
430 924 506 967 filii,
531 925 661 966 dixisse,
688 925 823 958 Sciebam
847 936 893 958 me
904 936 960 970 ge-

292 972 381 1019 nugffl‘
405 972 579 1008 mortalem.
632 974 727 1020 Qae
752 985 823 1008 vox
849 973 961 1007 decla-

295 1031 358 1062 rat,
394 1021 434 1056 iis
463 1022 528 1056 effe
558 1021 630 1056 haec
662 1021 792 1062 acerba,
832 1022 961 1068 quibus

294 1081 364 1104 non
406 1069 534 1105 fuerint
575 1070 735 1116 cogitata.
789 1070 834 1105 Et
880 1082 960 1105 cuin

293 1118 476 1164 Lampsaci
498 1128 698 1161 moreretur,
724 1119 961 1165 quaerentibus

293 1167 411 1201 amicis
437 1167 583 1202 velletne
605 1167 829 1202 Clazomenas
848 1167 881 1201 in
900 1180 958 1214 pa-

293 1215 407 1256 triam,
434 1215 457 1250 si
488 1216 574 1262 quid
602 1215 783 1257 accidisset,
809 1215 956 1251 auferri:

292 1263 390 1299 Nihil
420 1263 526 1310 necqfflv
558 1264 609 1307 est,
650 1263 786 1310 inquit·,
830 1265 960 1312 undique

291 1314 370 1347 enim
399 1312 444 1346 ad
470 1313 585 1358 inferos
611 1312 794 1347 tantundem
819 1315 884 1348 viae
907 1314 957 1358 est.

292 1361 520 1396 commentus
549 1361 595 1396 est
622 1364 808 1406 ὅμοιομέςειαν,
836 1362 870 1396 ld
899 1362 959 1403 est,

292 1409 548 1446 fimilitudinem
579 1409 744 1457 partium,
771 1409 879 1445 veluti
907 1410 959 1445 sil-

291 1469 386 1500 vam,
410 1467 446 1494 et
467 1459 642 1512 materiam
661 1457 802 1503 (Graece
813 1459 890 1500 ὅλη)
909 1470 958 1493 re-

292 1518 372 1542 rum
387 1505 546 1543 omnium
563 1506 825 1554 gignendarum.
868 1508 957 1542 Cen-

292 1555 358 1591 suit
385 1555 477 1590 enirn
506 1556 541 1590 in
563 1538 708 1602 singulis
736 1555 836 1590 rebus
854 1555 957 1603 parti-

291 1604 388 1639 culas
428 1603 528 1638 ineffe
561 1603 682 1639 fimiles
716 1602 874 1645 infinitas,
916 1615 959 1639 ex

291 1651 423 1699 quibus
442 1653 642 1707 comppfitae
661 1652 737 1694 sint,
752 1652 868 1699 reique
883 1665 957 1688 om-

291 1713 350 1737 nes
367 1701 465 1754 gigni
480 1710 515 1736 et
545 1700 679 1735 interire
694 1701 958 1748 congregatione

289 1759 325 1786 et
354 1748 559 1796 sejunctione
587 1749 833 1796 particularum
868 1750 956 1784 simi-

291 1798 389 1833 lium.
419 1798 524 1834 Unde
539 1797 587 1833 sui
604 1797 716 1844 operis
733 1798 902 1846 principio
915 1799 958 1833 de

291 1857 405 1882 mente
433 1846 550 1882 divina
576 1846 622 1881 ita
649 1845 799 1893 scripfit:
827 1846 958 1882 Omnia

291 1895 393 1931 simul
420 1905 537 1930 erant:
570 1895 703 1936 deinde,
731 1895 852 1929 mentis
879 1895 955 1929 infi-

290 1945 372 1980 nitae
399 1943 435 1979 vi
465 1955 503 1978 ac
522 1943 650 1978 ratione
667 1943 823 1978 omnium
843 1955 954 1978 rerum

288 1992 470 2040 descriptio
498 2002 532 2027 et
558 1991 681 2026 modus
699 1991 891 2039 designatus
907 1992 955 2027 est

287 2051 323 2076 et
338 2040 536 2077 confectus.
556 2050 675 2075 contra
691 2042 787 2087 quod
804 2041 955 2089 disputat

290 2089 490 2125 Aristoteles
507 2088 711 2134 Pkystcorum.
731 2088 759 2124 Ι.
779 2101 813 2134 4.
839 2100 872 2125 et
893 2090 953 2125 Ci-

290 2150 367 2174 cero
382 2138 418 2174 de
434 2138 519 2174 Nat.
541 2138 685 2174 Demi.
706 2149 748 2172 11.

314 2233 436 2282 Hujus
453 2233 558 2282 igitur
574 2234 707 2270 decreta
725 2234 801 2269 sunt
819 2234 892 2269 haec
911 2247 919 2269 :

337 2330 522 2366 Materiam
538 2331 602 2365 effe
619 2329 785 2366 infinitam
803 2345 809 2366 :
838 2330 891 2365 sed
909 2342 950 2365 ex

288 2393 326 2416 ea
343 2379 527 2427 particulas
545 2379 665 2414 similes
686 2380 772 2414 inter
791 2379 820 2413 se
839 2379 951 2414 minu-

289 2440 364 2470 tas·,
390 2440 445 2463 eas
468 2427 619 2474 primum
643 2427 812 2469 confusas,
839 2427 953 2474 postea

287 2479 322 2518 in
340 2477 494 2559 mdxinem
512 2476 675 2559 aldguctas
693 2488 712 2510 a
732 2487 844 2512 mente
864 2476 950 2510 divi-

429 2536 494 2560 01..
538 2547 551 2558 Δ
577 2550 586 2559 .

1595 265 1673 304 409

1012 356 1065 381 na.
1107 344 1188 379 Luc.
1211 355 1266 390 37.
1294 352 1328 379 et
1351 344 1388 378 de
1411 343 1494 380 Nat.
1525 346 1672 381 Deorum.

1011 394 1037 428 Ι.
1059 405 1110 427 11.

1058 441 1187 475 Nivem
1217 442 1279 476 effe
1306 440 1448 488 nigmm,
1475 441 1571 487 quod
1599 453 1671 488 per-

1011 488 1166 534 s>icuum
1200 489 1239 522 fit
1272 501 1398 535 aquam
1432 490 1563 536 nigram
1596 490 1672 531 esse,

1012 537 1102 572 unde
1120 537 1178 571 illa
1193 546 1351 571 concreta
1368 538 1419 572 fit.
1445 540 1521 573 Luc
1545 548 1601 583 23,
1622 550 1670 583 3¹·

1079 680 1598 717 ANAXARCHUS.

1110 776 1451 819 NAXARCHUS‚
1481 776 1674 817 Abderites,

1135 826 1375 861 Democriteus
1393 824 1471 860 fuit.
1499 826 1574 873 Qii
1593 837 1673 859 cum

1012 874 1045 908 in
1064 886 1184 909 manus
1204 874 1444 909 Nicocreontis
1466 874 1599 919 tyranni
1625 873 1674 907 in-

1011 922 1160 965 cidiss‘et‚
1205 923 1261 957 cui
1296 923 1329 956 in
1363 922 1526 957 convivio
1559 934 1675 957 coram

1013 971 1213 1006 Alexandro
1243 969 1401 1017 injuriam
1430 970 1565 1011 fecerat,
1600 970 1675 1005 nul-

1012 1019 1085 1054 lum
1104 1031 1211 1066 genus
1230 1019 1387 1066 supplicii
1403 1019 1602 1072 deprecatus
1615 1019 1674 1059 est,

1011 1080 1123 1115 neque
1140 1068 1314 1103 recusavit.
1358 1068 1451 1101 Cum
1467 1079 1558 1102 enim
1585 1080 1674 1102 mor-

1011 1126 1072 1151 tuo
1095 1116 1294 1151 Alexandro
1319 1127 1398 1151 eum
1426 1115 1459 1150 in
1481 1121 1563 1160 ολμον
1594 1115 1674 1162 inje-

1010 1165 1102 1200 cisset
1120 1165 1325 1206 Nicocreon,
1347 1163 1556 1210 jussissetque
1573 1163 1674 1198 ferre-

1011 1214 1036 1248 is
1056 1213 1183 1248 malleis
1197 1213 1297 1252 caedi,
1318 1212 1559 1259 ingeminavit:
1587 1216 1674 1247 ‘Iun-

1007 1262 1055 1303 αἰ»,
1083 1262 1176 1295 tunde
1199 1262 1382 1296 Anaxarchi
1404 1260 1574 1306 vasculum,
1602 1273 1673 1295 nam

1009 1312 1232 1346 Anaxarchum
1267 1310 1349 1343 nihil
1379 1312 1463 1343 teris.
1522 1310 1673 1354 Jubente

1009 1371 1090 1393 vero
1118 1359 1177 1393 illo
1205 1359 1307 1406 ipsius
1338 1358 1478 1405 praecidi
1505 1358 1671 1411 linguam,

1009 1407 1104 1441 aiunt
1133 1406 1309 1454 praecisam
1343 1406 1503 1441 dentibus
1538 1418 1570 1441 in
1599 1418 1671 1452 ejus

1007 1454 1130 1490 faciem
1161 1455 1360 1500 conspuisse,
1394 1454 1530 1489 tandem
1556 1466 1670 1489 excar-

1009 1503 1184 1538 nificatum
1212 1504 1285 1538 effe.
1338 1503 1473 1544 Cicero,
1508 1502 1598 1548 Tusc.
1625 1503 1670 1537 ΙΙ.

1010 1564 1068 1588 22.
1093 1563 1127 1587 et
1143 1553 1179 1587 de
1197 1553 1281 1588 Nat.
1299 1553 1396 1587 Deor.
1417 1552 1479 1586 111.
1501 1562 1557 1598 33.
1602 1551 1668 1586 La-

1006 1602 1123 1643 euius,
1148 1600 1186 1636 de
1201 1603 1275 1636 vita
1293 1599 1465 1646 Philosoph.

1056 1745 1617 1783 ANAXIMANDER.

1104 1843 1475 1881 NAXIMANDER
1498 1842 1668 1884 Milesius,

1128 1891 1281 1928 summus
1300 1891 1367 1926 fuit
1380 1892 1412 1925 in
1431 1891 1590 1937 Physicis.
1634 1891 1666 1926 Is

1002 1940 1136 1987 primus
1157 1952 1364 1988 gnomonem
1388 1939 1529 1981 invenlt,
1555 1943 1668 1984 &goa-›eii-

1002 2005 1054 2024 «ια
1071 1987 1257 2024 fabricatus
1275 1988 1334 2031 est,
1361 2001 1399 2023 ac
1418 1988 1549 2042 primus
1568 1997 1667 2023 terra:

1003 2037 1170 2085 marisque
1203 2037 1367 2072 circuitus
1402 2035 1591 2083 descripsit,
1633 2046 1667 2071 et

1002 2085 1168 2133 sphaeram
1203 2085 1402 2120 construxit.
1454 2085 1576 2119 Cicero
1606 2084 1665 2127 ait,

1001 2135 1036 2168 de
1050 2136 1268 2170 Divinatione.
1290 2135 1313 2169 Ι.
1335 2146 1391 2178 50.
1420 2133 1463 2167 ab
1486 2145 1528 2168 eo
1553 2132 1664 2167 moni-

1002 2193 1054 2217 tos
1085 2182 1182 2218 fuiffe
1211 2181 1504 2222 Lacedaemonios,
1539 2190 1578 2215 ut
1608 2189 1681 2214 ur-·

1003 2231 1079 2266 bem
1098 2241 1131 2266 et
1147 2231 1234 2266 tecta
1252 2231 1455 2277 linquerent,
1474 2229 1663 2275 armatique

1002 2282 1034 2314 in
1069 2292 1151 2326 agro
1182 2279 1401 2318 excubarent,
1436 2277 1531 2323 quod
1563 2287 1662 2312 terrae

1001 2338 1116 2363 motus
1141 2327 1286 2368 instaret,
1314 2336 1402 2367 tum,
1428 2337 1508 2360 cum
1527 2334 1560 2359 et
1579 2324 1661 2359 urbs

1000 2387 1071 2411 tota
1089 2375 1229 2418 corruit,
1255 2385 1288 2409 et
1310 2386 1351 2409 ex
1370 2383 1485 2408 monte
1503 2374 1662 2420 Taygeto

1000 2435 1149 2460 extrema
1167 2423 1290 2459 montis
1305 2422 1399 2469 quasi
1417 2421 1545 2469 puppis
1562 2423 1659 2456 evul-

1001 2474 1032 2509 sa
1049 2473 1105 2508 est.
1149 2471 1423 2553 l-Iiijuks'erltfhaec
1442 2470 1579 2517 opinio:
