2335 3009
539 260 612 302 188

537 358 646 394 Nunc
664 357 803 405 perinde
819 367 923 406 atque
939 357 1070 393 constet
1087 357 1120 393 in
1142 357 1206 392 hac

540 419 575 442 re
604 408 756 442 multum
787 407 899 442 valere
920 417 1028 442 artem
1053 416 1088 441 et
1116 418 1206 454 prae-

539 455 747 503 ceptionem,
775 455 821 490 ita
837 467 876 490 ea
892 455 935 491 de
952 468 986 490 re
1012 456 1206 503 loquemur.

539 504 658 540 Placet
685 505 776 541 enim
805 504 905 540 nobis
933 505 998 540 effe
1024 504 1209 539 artificium

541 553 741 589 memoriae:
795 565 901 601 quare
934 554 1080 601 placeat,
1129 552 1210 587 alias

540 602 781 638 ostendemus:
825 615 857 637 iri
888 602 1064 649 praesentia
1098 599 1209 647 cujus-

540 651 635 686 modi
652 663 691 686 ea
709 651 759 692 sit,
786 651 986 699 aperiemus.
1039 650 1152 685 Sunt
1145 649 1204 696 igi-

540 708 598 734 tur
614 699 694 735 duae
712 700 912 740 memoriae·,
939 711 1008 735 una
1033 698 1209 741 naturalis,

540 749 644 783 altera
660 748 848 784 artificiosa.
899 748 1078 783 Naturalis
1094 747 1142 782 est
1157 758 1209 790 ea,

539 808 622 844 quae
651 797 772 832 nostris
807 797 927 832 animis
954 797 1051 832 insita
1078 796 1138 837 est,
1176 805 1211 830 et

541 846 642 881 simul
660 858 740 881 cum
766 845 975 893 cogitatione
999 856 1088 881 nata.
1141 845 1210 879 Ar-

542 894 685 930 tificiosa
711 895 759 930 est
791 906 842 937 ea,
891 906 999 942 quam
1029 893 1212 929 confirmat

542 942 700 980 induetio
727 944 918 997 quaedam,
941 953 977 979 et
1005 943 1092 978 ratio
1117 954 1211 997 prae-

542 992 721 1040 ceptionis.
774 992 841 1028 Sed
859 992 942 1039 quia
959 992 993 1027 in
1011 991 1143 1027 caeteris
1161 1003 1210 1026 re-

543 1041 636 1076 bus
628 1041 754 1089 ingenii
778 1041 913 1077 bonitas
943 1041 1097 1076 imitatur
1124 1040 1213 1087 saepe

542 1089 749 1131 doctrinam,
777 1102 828 1125 ars
845 1101 948 1136 porro
966 1100 1099 1124 naturae
1116 1100 1211 1124 com-

542 1139 647 1174 moda
671 1139 853 1174 confirmat
877 1148 912 1173 et
942 1148 1066 1184 auget:
1096 1137 1142 1172 ita
1171 1137 1211 1171 fit

542 1187 577 1221 in
596 1187 658 1222 hac
677 1199 722 1230 re,
749 1197 789 1222 ut
807 1198 1056 1233 nonnunquam
1075 1195 1211 1220 natura-

542 1236 584 1270 lis
602 1237 779 1278 memoria,
806 1236 830 1271 si
853 1236 911 1271 cui
940 1235 1020 1270 data
1042 1235 1090 1270 est
1114 1246 1211 1282 egre-

540 1284 610 1332 gia,
649 1285 767 1321 similis
808 1285 850 1321 sit
882 1284 964 1320 huic
1005 1283 1207 1320 artificiosae.

541 1335 652 1369 Porro
667 1334 742 1370 haec
759 1333 950 1376 artificiosa,
964 1342 1095 1368 naturae
1112 1344 1206 1367 com-

540 1383 645 1418 moda
660 1383 792 1424 retinet,
817 1393 851 1418 et
869 1382 1058 1430 amplificat
1080 1381 1209 1416 ratione

539 1431 716 1467 doetrinae.
770 1433 997 1485 Quapropter
1012 1440 1047 1465 et
1073 1440 1209 1465 natura-

541 1481 583 1515 lis
617 1480 782 1516 memoria
817 1479 1048 1534 praeceptione
1082 1479 1208 1514 confir-

541 1531 666 1564 manda
682 1530 741 1571 est,
770 1539 809 1565 ut
826 1529 866 1565 sit
882 1541 1042 1576 egregia·,
1068 1538 1102 1563 et
1120 1528 1209 1570 haec,

541 1590 625 1625 quae
657 1579 813 1615 doctrina
845 1559 986 1620 datur,0
996 1577 1126 1624 indiget
1160 1577 1209 1611 in-

538 1627 644 1675 genii.
695 1628 773 1663 Nec
800 1628 865 1662 hoc
893 1627 1002 1674 magis
1021 1636 1080 1661 aut
1097 1625 1212 1660 minus

543 1677 577 1711 in
597 1676 658 1712 hac
677 1689 723 1719 re,
749 1688 855 1724 quam
875 1676 908 1711 in
926 1676 1058 1711 caeteris
1081 1675 1212 1710 artibus

541 1725 594 1768 fit,
621 1736 660 1761 ut
685 1726 836 1773 ingenio,
861 1725 1030 1767 doc'trina,
1057 1735 1210 1772 praecep-

542 1774 646 1817 tione,
674 1784 806 1816 natura,
834 1773 982 1809 nitescat.
1027 1774 1148 1821 Qiare
1177 1783 1211 1807 et

544 1823 625 1866 illis,
671 1824 734 1871 qui
773 1833 894 1859 natura
924 1834 1091 1858 memores
1120 1821 1210 1862 sunt,

544 1872 639 1908 utilis
674 1873 748 1908 haec
781 1872 846 1907 erit
878 1871 1068 1907 institutio:
1114 1870 1212 1918 quod

544 1932 619 1958 tute
637 1922 745 1976 paulo
761 1921 835 1969 post
854 1921 981 1969 poteris
1011 1919 1212 1966 intelligere.

545 1971 657 2016 Quod
687 1971 708 2006 li
739 1970 786 2005 illi
823 1969 901 2005 freti
934 1969 1070 2016 ingenio
1101 1969 1214 2003 nostra

545 2020 779 2074 praeceptione
797 2031 865 2054 non
884 2019 1084 2072 indigerent,
1099 2027 1212 2052 tamen

539 2069 632 2117 justa
649 2068 747 2103 causa
763 2069 912 2109 daretur,
938 2079 1044 2113 quare
1072 2066 1124 2108 iis,
1151 2066 1213 2112 qui

546 2118 660 2153 minus
691 2117 814 2164 ingenii
846 2116 983 2158 liabent,
1014 2113 1214 2162 adjumento

545 2167 694 2203 velimus
711 2166 784 2201 effe.
828 2166 935 2202 Nunc
965 2165 1008 2199 de
1036 2163 1214 2198 artificiosa

547 2227 711 2252 memoria
729 2215 923 2263 loquemur
975 2213 1119 2248 Constat
1151 2212 1213 2259 igi-

544 2275 602 2301 tur
620 2264 799 2300 artificiosa
816 2263 980 2299 memoria
1002 2274 1044 2297 ex
1072 2261 1155 2296 locis
1179 2271 1214 2296 et

548 2314 767 2369 imaginibus.
831 2313 949 2348 Locos
999 2311 1213 2358 appellamus

545 2376 617 2419 eos,
643 2363 704 2411 qui
735 2361 894 2405 breviter,
926 2359 1087 2408 perfec'te,
1114 2359 1214 2412 insig-

548 2414 630 2453 nite
657 2422 715 2447 aut
743 2421 876 2452 natura,
903 2419 962 2445 aut
992 2420 1110 2450 manu,
1138 2408 1214 2443 lunt

545 2461 706 2503 absoluti,
750 2471 788 2496 ut
832 2473 890 2494 eos
930 2458 1030 2494 facile
1069 2457 1214 2493 naturali

546 2511 712 2548 memoria
748 2508 1036 2558 comprehendere
1067 2517 1102 2543 et
1143 2518 1214 2542 ani-

845 258 1624 300 RHETORICORUM

1255 355 1358 404 pleffl
1376 367 1557 403 queamus,
1583 365 1624 391 ut
1651 355 1754 398 aedes,
1781 356 1924 391 interco-

1258 405 1443 446 lumnium,
1471 404 1652 452 angulum,
1678 403 1857 447 fornicem,
1891 414 1927 439 et

1257 454 1334 496 alia,
1360 465 1442 501 qua:
1473 453 1524 488 his
1548 453 1669 488 similia
1695 452 1782 488 sunt.
1835 454 1926 488 lma-

1257 503 1353 550 gines
1391 501 1468 538 sunt
1501 500 1625 537 formae
1656 502 1844 555 quaedam,
1892 509 1928 536 et

1259 561 1364 591 notae‚
1389 561 1423 585 et
1441 551 1620 585 simulacra
1635 549 1708 597 ejus
1734 551 1792 593 rei,
1819 561 1928 598 quam

1260 599 1446 634 meminisse
1462 599 1651 634 volumus:
1679 599 1777 646 quod
1805 610 1927 646 genus,

1257 648 1351 695 equi,
1377 648 1503 689 leones,
1527 647 1669 695 aquilae,
1687 659 1839 694 quorum
1857 659 1930 682 me-

1259 697 1402 732 moriam
1422 697 1446 732 si
1463 697 1622 732 volemus
1644 696 1780 738 habere,
1807 696 1928 743 imagi-

1260 757 1318 781 nes
1334 757 1456 781 eorum
1474 744 1575 780 certis
1593 745 1627 780 in
1645 744 1731 780 locis
1760 745 1931 780 collocare

1261 806 1322 830 nos
1352 794 1538 842 oportebit.
1591 795 1711 836 Nunc,
1736 792 1930 840 cujusmodi

1260 843 1381 878 locos
1374 854 1536 884 invenire,
1561 852 1596 878 et
1622 854 1695 896 quo
1713 843 1815 890 paeto
1833 854 1928 890 repe-

1261 892 1337 935 rire,
1357 901 1391 927 et
1410 892 1442 926 in
1461 891 1571 927 locis
1564 903 1727 938 imagines
1745 891 1928 927 constitue·

1261 953 1308 984 re,
1331 951 1502 988 oporteat,
1527 940 1755 975 ostendemus.

1310 990 1433 1025 XVII.
1477 989 1788 1034 Quemadmodum
1823 988 1930 1036 igitur

1262 1039 1324 1086 qui
1342 1037 1455 1073 literas
1471 1038 1593 1078 sciunt,
1612 1038 1750 1084 pofl‘unt
1767 1037 1814 1079 id,
1832 1038 1930 1084 quod

1261 1087 1431 1122 dictatum
1460 1085 1521 1128 est,
1547 1086 1702 1128 scribere,
1727 1096 1762 1121 et
1791 1088 1931 1122 recitare

1260 1135 1357 1182 quod
1384 1134 1608 1183 scripserunt:
1637 1134 1684 1170 ita
1705 1134 1768 1182 qui
1789 1152 1930 1181 fan-quom,

1259 1183 1467 1226 didicerunt,
1510 1183 1660 1231 possunt,
1699 1196 1782 1231 quae
1814 1183 1931 1219 audie-

1262 1243 1356 1275 runt,
1384 1232 1417 1267 in
1441 1232 1524 1268 locis
1545 1233 1727 1287 collocare,
1752 1242 1788 1268 et
1809 1245 1851 1269 ex
1877 1233 1930 1268 his

1259 1281 1454 1317 memoriter
1467 1281 1701 1329 pronuntiare.
1729 1281 1819 1317 Loci
1836 1282 1929 1317 enim

1258 1342 1345 1366 cerae
1373 1340 1433 1366 aut
1470 1330 1600 1366 chartae
1628 1330 1791 1366 simillimi
1825 1331 1928 1372 sunt;

1260 1378 1437 1427 imagines,
1461 1379 1590 1421 literis·‚
1616 1379 1792 1426 dispositio
1805 1389 1840 1415 et
1856 1380 1928 1415 col-

1259 1428 1411 1464 locatio
1404 1427 1608 1475 imaginum,
1626 1427 1826 1476 scripturae,
1848 1440 1930 1483 pro-

1261 1477 1444 1518 nuntiatio,
1484 1477 1630 1512 leetioni.
1683 1478 1834 1524 Oportet
1865 1490 1927 1524 igi-

1260 1537 1328 1568 tur,
1357 1526 1380 1561 si
1402 1526 1566 1561 volumus
1595 1526 1706 1561 multa
1730 1526 1930 1568 meminiffe,

1260 1575 1390 1610 multos
1408 1574 1507 1610 nobis
1534 1575 1628 1610 locos
1653 1586 1864 1622 compar-are,
1891 1586 1932 1611 ut

1261 1625 1294 1659 in
1333 1623 1452 1659 multis
1486 1623 1570 1659 locis
1604 1624 1731 1659 multas
1766 1623 1931 1671 imagines

1261 1673 1429 1708 collocare
1447 1674 1622 1720 pommus.
1661 1673 1748 1708 Item
1766 1683 1931 1720 putamus

1260 1732 1418 1769 oportere
1435 1734 1477 1756 ex
1495 1721 1614 1757 ordine
1632 1721 1694 1757 lios
1712 1721 1806 1756 locos
1823 1721 1928 1757 habe-

1262 1783 1308 1813 re,
1336 1770 1518 1818 nequando
1548 1770 1804 1818 perturbatione
1836 1770 1931 1806 ordi-

1262 1821 1313 1855 nis
1332 1819 1572 1866 impediamur,
1598 1831 1671 1866 quo
1696 1819 1801 1854 secius
1819 1830 1931 1866 quoto

1262 1880 1406 1916 quoque
1433 1869 1511 1904 loco
1538 1868 1672 1909 libebit,
1700 1868 1753 1902 vel
1783 1880 1802 1902 a
1833 1867 1930 1916 supe-

1263 1918 1362 1960 riore,
1387 1917 1443 1953 vel
1461 1917 1506 1952 ab
1524 1916 1692 1959 inferiore,
1713 1917 1765 1952 vel
1785 1929 1803 1951 a
1821 1918 1932 1952 media

1263 1977 1370 2015 parte,
1399 1966 1562 2014 imagines
1580 1965 1686 2014 sequi,
1714 1977 1751 2002 ut
1768 1978 1820 2008 ea,
1848 1979 1930 2013 quae

1263 2016 1423 2051 mandata
1442 2015 1524 2050 locis
1541 2025 1654 2057 erunt,
1679 2015 1777 2050 edere
1798 2025 1831 2050 et
1850 2028 1930 2063 pro-

1262 2063 1349 2099 ferre
1368 2066 1543 2112 possimus.

1313 2114 1449 2149 XVlll.
1482 2113 1576 2149 Nam
1608 2123 1658 2154 ut,
1696 2113 1718 2147 si
1750 2112 1782 2147 in
1813 2114 1934 2150 ordine

1264 2162 1386 2198 stantes
1400 2172 1499 2198 notos
1517 2174 1593 2197 com
1625 2162 1712 2197 iures
1732 2162 1932 2205 viderimus,

1266 2211 1349 2247 nihil
1369 2211 1479 2247 nostra
1497 2211 1582 2246 inter
1598 2222 1636 2252 it,
1666 2221 1783 2246 utrum
1806 2224 1825 2245 a
1842 2212 1931 2247 sum-

1265 2272 1335 2303 mo,
1361 2272 1403 2295 an
1422 2260 1465 2294 ab
1485 2260 1566 2302 imo,
1598 2271 1638 2294 an
1657 2261 1700 2294 ab
1719 2260 1844 2302 medio,
1871 2273 1929 2296 no-

1265 2309 1356 2344 mina
1395 2321 1515 2344 eorum
1557 2308 1668 2343 dicere
1703 2309 1930 2356 incipiamus:

1265 2359 1344 2393 item
1364 2357 1397 2392 in
1426 2358 1509 2393 loeis
1535 2369 1577 2392 ex
1607 2358 1726 2393 ordine
1755 2359 1933 2394 collocatis

1262 2407 1407 2449 eveniet,
1446 2417 1483 2442 ut
1515 2406 1547 2441 in
1577 2406 1770 2453 quamlibet
1799 2417 1931 2454 partem

1264 2466 1375 2503 quoto
1392 2467 1534 2503 quoquc
1553 2456 1630 2491 loco
1652 2455 1784 2497 libebit,
1812 2456 1931 2503 imagi-

1264 2506 1367 2543 nibus
1397 2504 1601 2543 commoniti
1628 2505 1740 2545 dicere
1767 2506 1932 2554 possimus
