2241 2994
573 261 652 316 376

573 356 669 383 erant
700 358 781 381 cum
810 345 1006 387 Aristotele,
1037 344 1244 390 Peripatetici

573 397 657 431 dieti
677 395 766 435 sunt,
792 395 876 440 quia
897 392 1118 440 disputabant
1136 392 1242 426 inam-

927 257 1033 296 DE
1106 253 1608 295 DOCTRINA

1292 354 1352 377 urn
1375 341 1501 377 artium
1518 339 1668 381 officina,
1695 337 1959 374 innumerabiles

1292 391 1326 426 in
1344 391 1438 426 omni
1457 401 1577 437 genere
1595 388 1743 423 scientiae
1762 387 1959 435 praestantes

576 445 733 479 bulantes
749 443 782 477 in
797 443 937 488 Lyceo:
967 437 1162 483 illi'autem,
1181 440 1243 487 qui
1291 441 1384 475 viros
1402 438 1560 486 prodiisse
1579 438 1625 472 ait
1643 437 1776 471 Cicero.

574 492 730 529 Platonis
772 491 928 526 instituto
969 490 1004 524 in
1042 489 1243 530 Academia,

575 541 674 588 quod
691 540 737 575 est
755 541 900 574 alterum
918 538 1148 586 gymnasium,
1172 549 1244 572 cce-

576 601 634 625 tus
651 598 746 624 erant
761 599 796 623 et
813 588 979 623 sermones
1005 588 1127 622 habere
1145 585 1246 626 soliti,

576 651 619 674 ex
634 639 701 674 loci
716 638 889 672 vocabulo
902 648 1025 671 nomen
1041 636 1246 670 habuerunt.

578 687 724 736 Qibus
741 697 852 721 tamen
875 697 934 719 nec
954 684 1022 718 suae
1041 682 1247 718 ambulatio-

579 749 637 771 nes
655 734 861 769 defuerunt:
893 738 972 767 narn
1000 733 1035 767 in
1060 731 1248 779 spatiorum

579 784 792 819 umbraculis
826 781 1008 816 arboribus
1045 792 1249 827 opacorum,

579 845 660 880 quae
680 844 698 866 a
714 831 878 866 Cicerone
891 829 1063 864 curricula
1080 827 1248 876 multipli-

578 882 673 916 cium
698 880 943 926 variorumque
967 879 1159 913 sermonum
1190 889 1249 924 ap-

578 931 764 978 pellantur,
778 929 985 976 plerumque
999 925 1251 961 inambulantes

579 979 623 1013 de
640 977 858 1026 philosophia
874 975 1106 1023 disputabant.
1149 972 1251 1009 Nihil

580 1027 700 1074 igitur,
727 1036 767 1060 ut
789 1025 873 1066 dixi,
902 1025 987 1059 inter
1005 1022 1249 1070 Peripateticos

579 1086 615 1110 et
640 1075 735 1110 illam
754 1084 902 1108 veterem
927 1072 1154 1107 Academiam
1182 1068 1250 1105 dif-

581 1123 724 1159 ferebat.
776 1121 1006 1157 Abundantia
1030 1120 1182 1168 quadarn
1199 1118 1251 1153 in-

581 1172 673 1220 genii
707 1171 893 1219 praestabat
933 1169 1156 1205 Aristoteles:
1196 1167 1252 1203 sed

583 1221 674 1256 idem
692 1220 770 1255 fons
787 1230 858 1255 erat
882 1218 1046 1265 utrisque,
1075 1227 1109 1252 et
1133 1216 1252 1252 eadem

581 1281 695 1305 rerum
706 1268 974 1316 expetendarum
992 1266 1253 1314 fugiendarum-

582 1330 653 1366 que
675 1317 826 1366 partitio.
871 1317 927 1351 De
952 1316 1106 1363 utrisque
1131 1314 1254 1349 multae

582 1368 660 1402 sunt
678 1366 822 1402 illustres
840 1365 957 1400 laudes
976 1364 1030 1412 (de
1048 1365 1182 1400 Finibus
1198 1363 1251 1397 bo-

582 1418 691 1451 iiorum
714 1423 745 1450 et
762 1414 926 1456 malorum,
954 1425 1004 1449 ιν.
1022 1418 1057 1448 et
1073 1413 1128 1455 ν.)
1154 1411 1252 1459 quod

581 1470 663 1500 eum
694 1465 825 1506 locum,
861 1467 968 1510 quem
997 1461 1135 1498 civilem
1165 1461 1254 1495 rec‘lze

583 1513 790 1562 appellaturi
821 1511 992 1552 videmur,
1028 1510 1153 1546 Graece
1174 1524 1253 1546 πολι-

582 1568 669 1604 ·ὲικόν,
696 1561 846 1609 graviter
862 1571 895 1595 et
913 1559 1049 1608 copiose
1066 1557 1252 1594 traCtarint.

583 1609 693 1646 Unde
709 1610 811 1645 etiam
829 1609 927 1651 olim,
942 1611 1083 1656 propter
1094 1607 1256 1643 eximiam

584 1658 699 1695 rerum
742 1657 971 1693 maximarum
1009 1657 1195 1699 scientiam,
1238 1667 1257 1689 a

585 1707 722 1744 Graecis
741 1707 869 1742 Politici
888 1705 1082 1754 philosophi
1101 1705 1178 1740 sunt
1195 1717 1254 1753 ap-

590 1760 594 1763 '
612 1757 722 1798 ellati·‚
749 1756 846 1803 quod
865 1755 975 1790 multa
992 1755 1034 1790 de
1047 1755 1136 1802 Rep.
1152 1753 1255 1801 scrip-

586 1770 700 1847 E'erint,
717 1805 828 1840 multa
840 1804 882 1839 de
900 1803 1049 1851 legibus,
1065 1803 1174 1838 multa
1188 1815 1256 1838 non

587 1855 698 1890 solum
717 1862 892 1901 praecepta
910 1853 942 1888 in
963 1853 1106 1893 artibus,
1125 1851 1178 1887 sed
1196 1851 1257 1886 eti-

588 1916 644 1938 am
674 1903 832 1950 exempla
862 1902 895 1936 in
925 1901 1140 1936 orationibus
1175 1901 1261 1936 bene

589 1951 739 1992 dicendi,
754 1950 963 1997 reliquerint.
1000 1950 1157 1985 Primum
1168 1949 1259 1984 enim

590 2000 649 2035 illa
668 2000 748 2048 ipsa,
775 2011 857 2046 quae
881 1998 1050 2034 subtiliter
1074 1998 1261 2033 differenda

589 2059 696 2088 erant.
712 2048 818 2096 polite
834 2057 982 2094 apteque
992 2047 1165 2084 dixerunt.
1179 2059 1259 2081 cum

589 2097 801 2137 definientes,
821 2107 894 2131 tum
910 2095 1112 2143 partientes:
1139 2095 1262 2130 deinde

590 2159 642 2190 ea,
664 2158 744 2193 qua:
765 2145 982 2192 requirebant
998 2145 1187 2179 orationem
1206 2157 1260 2179 or-

592 2207 707 2232 natam
736 2205 768 2230 et
799 2206 952 2241 gravem,
980 2193 1161 2241 magnifice
1186 2193 1263 2228 sunt

590 2245 683 2280 dicta
699 2244 742 2278 ab
762 2243 827 2278 illis
846 2256 883 2278 ac
902 2242 1087 2290 splendide,
1106 2239 1148 2277 de
1159 2241 1258 2296 justi-

592 2294 651 2336 tia,
677 2292 719 2327 de
738 2291 953 2333 fortitudine,
980 2291 1022 2326 de
1039 2291 1200 2334 amicitia,
1218 2291 1261 2326 de

591 2351 694 2378 aetate
712 2340 878 2388 degenda,
905 2341 947 2376 de
965 2339 1193 2387 philosophia,
1219 2339 1261 2374 de

591 2390 790 2439 capessenda
817 2389 1026 2437 Republica,
1056 2389 1099 2424 de
1128 2399 1258 2436 tempe-

594 2439 714 2481 rantia,
730 2449 763 2474 et
780 2438 822 2473 de
841 2438 946 2473 niodo
965 2450 1076 2473 rerum
1091 2438 1259 2474 oninium.

594 2489 715 2537 Itaque
742 2500 784 2524 cx
807 2487 883 2531 hac,
910 2497 1074 2536 tanquam
1091 2499 1134 2523 ex
1151 2487 1262 2524 omni-

1341 487 1542 522 Academici
1565 485 1798 521 VETERES
1817 483 1960 532 quidam

1294 534 1449 577 fuerunt,
1467 535 1610 581 quidam
1628 533 1767 569 Novi.
1812 534 1850 568 ln
1869 542 1960 567 vete-

1297 585 1392 619 ribus
1406 593 1630 618 numerantur
1643 594 1661 616 a
1672 582 1838 617 Cicerone
1851 582 1963 623 Plato,

1298 633 1513 674 Aristoteles,
1540 631 1766 678 Speusippus,
1784 631 1963 665 Xenocra-

1298 691 1359 722 tes,
1386 682 1542 721 Polemo,
1573 682 1730 714 Crantor.
1784 680 1823 714 In
1852 678 1964 719 novis,

1298 730 1480 771 Arcesilas,
1498 729 1670 775 Lacydes,
1689 729 1862 770 Evander,
1889 727 1965 761 He-

1299 779 1445 826 gesinus,
1485 777 1688 819 Carneades,
1726 775 1967 812 Clitomachus

1299 827 1539 874 Philosophus.
1560 827 1725 874 Qorum
1739 826 1896 860 omnium
1907 823 1965 859 de-

1300 887 1391 911 creta
1413 876 1496 922 quia
1520 874 1778 910 numerabimus
1796 874 1856 909 suo
1874 875 1965 917 loco,

1300 925 1343 960 de
1369 924 1541 959 veteribus
1567 933 1602 958 et
1623 923 1722 958 novis
1751 934 1862 969 pauca
1891 923 1968 957 haec

1302 984 1393 1008 nunc
1402 972 1546 1007 sufficiat
1555 972 1589 1006 in
1599 970 1794 1006 universum
1809 971 1972 1019 posuiffe:

1346 1023 1498 1056 Omnem
1520 1020 1685 1055 virtutem
1702 1020 1766 1055 effe
1787 1021 1967 1057 mediocri-

1298 1080 1414 1106 tatem.
1442 1070 1548 1104 Cicero
1564 1069 1599 1104 in
1617 1069 1731 1104 Bruto.
1750 1082 1809 1112 4⁰·

1349 1118 1524 1166 Sapientes
1534 1129 1605 1154 non
1614 1117 1743 1166 semper
1756 1119 1820 1154 effe
1838 1118 1966 1155 beatos.

1300 1169 1389 1215 Tusc.
1406 1168 1448 1203 V.
1472 1179 1527 1203 ιο.

1352 1216 1474 1252 Finem
1498 1216 1671 1252 bonorum
1693 1215 1758 1251 effe
1782 1215 1970 1253 secundum

1303 1275 1461 1301 naturam
1477 1265 1606 1308 vivere,
1633 1264 1667 1299 id
1684 1265 1745 1307 est,
1770 1264 1840 1300 frui
1858 1265 1898 1300 iis
1920 1277 1971 1301 re-

1304 1315 1383 1357 bus,
1419 1326 1506 1362 quas
1534 1313 1660 1361 primas
1690 1313 1820 1348 homini
1850 1323 1972 1348 natura

1302 1363 1453 1448 {liedissen
1482 1363 1519 1398 de
1532 1363 1639 1398 Finib.
1667 1362 1714 1398 11.
1743 1374 1787 1398 ιι.
1820 1371 1856 1402 et
1880 1363 1970 1409 Offic.

1351 1462 1504 1496 Omnem
1541 1459 1681 1495 civilem
1713 1459 1903 1495 orationem
1937 1461 1973 1496 in

1302 1508 1429 1545 horum
1447 1509 1611 1544 alterutro
1628 1521 1749 1556 genere
1761 1508 1896 1551 versari,
1915 1519 1975 1545 aut

1303 1558 1444 1594 definita
1455 1558 1684 1593 controversia
1698 1557 1798 1594 certis
1811 1557 1974 1606 tempori-

1306 1607 1372 1643 bus
1390 1619 1427 1642 ac
1446 1607 1562 1649 rebus,
1587 1617 1648 1641 aut
1673 1606 1805 1642 infinite
1830 1606 1874 1642 de
1898 1607 1974 1642 uni-

1305 1657 1401 1740 ytgerso
1417 1667 1539 1703 genere
1555 1667 1721 1704 quaerere.
1738 1655 1776 1691 de
1792 1657 1890 1692 Orat.
1910 1655 1973 1692 Ill.

1307 1716 1324 1740 2
1355 1731 1364 1741 .

1340 1798 1942 1839 ACADEM1C1NOVI.

1410 1899 1695 1936 CADEMICI
1722 1899 1868 1941 Novi,
1894 1909 1976 1934 cum

1435 1949 1519 1984 nihil
1542 1949 1670 1998 percipi
1696 1949 1788 1997 posse
1813 1948 1976 1991 dicerent,

1310 1999 1343 2034 in
1363 1998 1424 2034 suo
1442 1998 1502 2046 ipsi
1520 1999 1670 2040 decreto,
1698 1998 1783 2033 ficut
1804 1997 1834 2032 in
1860 1996 1978 2032 ceteris

1311 2048 1425 2090 rebus,
1453 2047 1678 2088 fludluabant,
1706 2058 1743 2081 ac
1763 2047 1804 2081 de
1819 2047 1895 2081 Diis
1914 2046 1977 2081 im·

1311 2096 1516 2132 mortalibus
1543 2107 1708 2131 errantem
1740 2095 1913 2130 habebant
1945 2105 1980 2130 et

1311 2157 1437 2193 vagam
1465 2143 1671 2180 sententiani.
1717 2144 1820 2179 Hanc
1843 2143 1979 2179 Acade-

1314 2195 1417 2230 miam
1454 2193 1750 2229 adolescentiorem
1789 2193 1912 2228 Cicero
1945 2202 1980 2228 et

1310 2243 1494 2278 volaticam
1517 2243 1678 2290 appellit,
1704 2253 1738 2277 et
1757 2241 1804 2277 sui
1824 2242 1978 2283 similem,

1311 2292 1417 2327 modo
1450 2292 1532 2333 huc,
1563 2293 1668 2326 modo
1702 2291 1798 2332 illuc,
1830 2290 1978 2338 philoso-

1311 2341 1403 2389 phiae
1420 2341 1538 2375 veteris
1552 2340 1851 2388 perturbati-icem:
1872 2350 1979 2386 quam

1309 2399 1483 2425 exoratam
1502 2389 1600 2437 cupit
1618 2400 1655 2424 ut
1676 2389 1779 2430 sileat,
1798 2387 1978 2423 submove-

1314 2451 1347 2474 re
1366 2451 1432 2474 non
1452 2438 1564 2473 audet.
1610 2437 1730 2487 liujus
1753 2447 1823 2472 erat
1848 2436 1979 2472 institu-

1314 2499 1389 2524 tum
1403 2487 1567 2523 adversari
1582 2487 1745 2524 omnibus
1759 2486 1792 2522 in
1806 2485 1980 2534 disputan-
