2241 2994
524 217 601 273 298

574 315 660 351 Erat
678 326 753 351 tum
777 313 910 350 senatus
939 314 973 350 in
1002 314 1077 350 aede
1105 315 1199 350 Con-

525 365 668 407 cordiae,
706 374 741 399 et
779 364 971 399 Gabinium
1011 363 1199 405 consulem,

526 413 649 449 Pisone
684 413 832 455 absente,
869 413 1000 448 orabat.
1052 412 1200 461 Equites

526 474 672 510 quoque
701 461 866 503 Romani,
903 471 938 496 et
967 473 1086 496 omnes
1118 461 1199 496 boni

526 511 620 546 veste
660 521 795 546 mutata
836 510 867 545 se
916 522 979 558 pro
1022 510 1200 545 Ciceronis

528 560 641 607 capite
671 560 714 595 ad
743 559 845 607 pedes
877 558 1018 595 Gabinii
1049 558 1201 606 projece-

528 618 629 644 runt:
659 620 812 656 quorum
831 608 992 656 precibus
1010 607 1054 642 ab
1071 607 1132 642 illo
1151 619 1201 642 re-

527 657 694 705 pudiatis,
719 659 774 692 vir
792 657 982 692 incredibili
1002 656 1080 697 fide,
1106 667 1200 702 mag-

528 706 686 741 nitudine
735 706 853 748 animi,
904 704 1104 746 constantia,
1155 705 1200 740 L.

527 755 743 797 Mummius,
770 753 815 789 ad
843 733 994 788 ienatum
1013 753 1055 788 de
1074 753 1200 801 repub-

529 803 596 838 lica
640 782 769 846 retulit,
806 802 1006 849 senatuique
1040 800 1201 850 frequens

529 851 657 887 vestem
687 865 752 900 pro
781 851 957 887 Ciceronis
989 850 1095 886 salute
1125 863 1202 886 mu·

529 901 670 936 tandam
701 900 842 944 censuit,
879 910 938 945 pro
977 901 1092 943 Sextio,
1133 910 1199 946 cap.

534 961 591 987 11.
644 952 708 986 Dio
731 950 823 985 hunc
851 949 1072 984 Mummium
1099 958 1204 984 vocat

530 998 577 1033 L.
596 998 770 1034 Ninnium
799 998 1036 1046 Qiadratum,
1062 1008 1096 1033 et
1124 998 1201 1033 scri-

531 1047 596 1090 bit,
622 1059 701 1082 eum
730 1048 865 1095 populo
892 1047 1068 1082 auctorem
1091 1045 1202 1089 fuiss‘e,

530 1105 572 1130 ut
600 1105 766 1142 tanquam
798 1097 831 1130 in
855 1095 971 1142 aliqua
988 1095 1132 1142 publica
1148 1107 1204 1130 ca-

530 1143 682 1179 lamitate
698 1144 826 1179 vestem
852 1155 915 1191 pro
941 1143 1046 1179 salute
1064 1143 1202 1178 Cicero-

531 1193 584 1228 nis
611 1202 769 1228 mutaret.
823 1193 890 1228 Pro
919 1204 978 1235 me,
1006 1192 1120 1240 inquit
1143 1193 1203 1228 Ci-

531 1253 610 1277 cero
622 1242 689 1288 post
717 1241 866 1278 Reditum
892 1241 938 1276 ad
962 1241 1058 1288 Qir.
1079 1250 1147 1287 cap.
1169 1253 1202 1287 3.

521 1291 656 1337 [Μαιω-
671 1291 882 1339 hominumque
900 1299 1057 1337 praeterea
1083 1292 1206 1337 viginti

530 1339 631 1374 millia
649 1339 759 1382 vestem
777 1347 993 1375 mutaverunt.
1035 1340 1100 1374 Sed
1119 1352 1202 1374 con-

531 1387 618 1423 sules
635 1389 828 1431 edixerunt,
856 1399 896 1423 ut
926 1388 968 1423 ad
987 1388 1087 1423 suum
1106 1388 1204 1423 vesti-

530 1448 608 1471 tum
626 1435 791 1472 senatores
810 1437 966 1473 redirent.
1008 1437 1100 1472 Vide
1132 1450 1203 1471 ora-

532 1488 626 1520 tiones
646 1486 712 1532 post
735 1485 894 1527 Reditum,
918 1495 977 1532 pro
1006 1487 1120 1528 Domo,
1142 1496 1204 1533 pro

532 1536 648 1577 Sextio,
674 1542 704 1570 et
720 1537 754 1570 in
771 1535 922 1581 Pisonem.

582 1584 684 1618 Turn
706 1583 878 1619 Gabinius
907 1584 952 1619 L.
971 1583 1106 1619 AElium
1135 1584 1204 1619 La-

534 1631 640 1667 miam
654 1632 826 1680 equestris
855 1632 985 1668 ordinis
1014 1632 1204 1680 principem

535 1681 711 1728 relegavit,
726 1681 823 1729 quod
839 1681 911 1716 Dio
924 1681 978 1716 lib.
991 1682 1204 1717 XXXVIII.

534 1730 1028 1774 dicit,÷‘1m²›=0mi‘;÷gmm.
1074 1730 1205 1765 Memi-

535 1778 586 1814 nit
616 1778 740 1814 Cicero
770 1778 847 1834 POst.
878 1779 1045 1814 Reditum
1083 1778 1117 1814 in
1148 1780 1206 1814 Se-

535 1837 632 1870 natu,
658 1840 723 1875 pro
754 1827 883 1870 Sextio,
911 1827 944 1862 in
980 1827 1146 1871 Pilonem,
1173 1838 1209 1863 et

534 1876 631 1924 epist.
656 1876 710 1912 16.
737 1876 797 1912 lib.
815 1877 880 1912 XI.
908 1877 1032 1912 Famil.

584 1925 708 1972 Itaque
745 1926 881 1967 Cicero,
929 1938 998 1961 non
1037 1925 1148 1961 solum
1188 1938 1208 1960 a

535 1972 749 2016 consulibus,
786 1986 909 2009 verum
949 1974 1052 2009 etiam
1091 1987 1110 2009 a
1139 1975 1205 2010 Cn.

535 2022 704 2069 Pompeio
743 2022 901 2069 proditus
940 2033 974 2058 et
1011 2023 1207 2066 derelictus,

536 2071 659 2106 maluit
688 2071 773 2106 urbe
803 2071 933 2114 cedere,
960 2084 1066 2119 quam
1099 2073 1206 2107 bono-

536 2131 613 2154 rum
631 2120 738 2155 vitam
758 2119 859 2155 servis
882 2121 1019 2155 armatis
1045 2120 1206 2168 objicere.

535 2169 631 2216 quod
651 2169 719 2217 ipse
745 2172 778 2204 in
795 2169 1002 2205 Orationibus
1020 2182 1087 2205 non
1108 2170 1205 2205 lemel

536 2217 687 2253 astatur.
740 2218 906 2254 Habebat
923 2219 1018 2254 domi
1047 2219 1117 2254 luae
1136 2219 1205 2254 Mi-

537 2279 650 2301 nervae
676 2267 824 2313 signum,
852 2267 957 2315 idque
987 2267 1093 2315 longo
1121 2278 1205 2302 tem-

535 2327 618 2363 pore
636 2316 876 2363 religiosissime
897 2317 1060 2352 coluerat.
1112 2319 1206 2352 Cum

535 2375 650 2399 autem
679 2377 720 2399 ex
758 2365 844 2400 urbe
872 2365 1073 2401 discessurus
1112 2367 1205 2408 esset,

536 2412 599 2447 hoc
633 2414 766 2461 signum
800 2414 831 2448 in
864 2414 1080 2462 Capitolium
1114 2415 1205 2449 dela-

535 2472 609 2496 tum
649 2463 695 2496 ibi
733 2463 906 2499 dedicavit
935 2474 968 2499 et
1000 2463 1205 2512 subscripsit,

835 219 901 260 M.
961 221 1017 260 T.
1078 219 1611 259 CICERONIS

1249 315 1460 351 Minati-viz
1481 327 1640 350 CUSTODI
1666 326 1788 350 uanis.
1840 313 1923 350 Plu-

1250 364 1389 406 tarchus,
1414 375 1448 399 et
1466 365 1542 400 Dio.
1595 364 1688 399 Haec
1706 364 1753 400 est
1772 363 1830 398 illa
1848 363 1922 398 Mi-

1251 425 1356 448 nerva
1373 413 1487 448 custos
1507 413 1616 455 urbis,
1639 414 1682 448 de
1698 424 1768 461 qua
1786 412 1923 454 Cicero,

1249 462 1332 508 epist.
1365 472 1383 497 2
1391 475 1422 508 5.
1461 462 1514 497 lib.
1543 462 1629 497 XII.
1660 461 1774 498 Famil.
1802 471 1837 496 et
1865 461 1921 496 lib.

1251 511 1298 546 11.
1331 510 1368 546 de
1396 511 1548 556 Legibus,
1574 520 1642 557 cap.
1673 523 1727 558 ¹7·
1766 511 1843 552 Dio,
1869 510 1922 545 lib.

1250 560 1369 594 XLV.
1397 561 1513 596 Ἀὓηῖιι
1529 564 1665 599 ovinis:
1682 560 1848 594 nominat.

1301 607 1541 642 Discedentem
1573 607 1629 642 M.
1653 607 1818 642 Tullium
1848 619 1925 642 om-

1253 668 1310 691 nes
1329 656 1411 691 boni
1432 657 1548 691 flentes
1573 655 1744 704 prosecuti
1769 656 1858 697 sunt,
1885 665 1926 691 ut

1252 705 1320 753 ipse
1334 714 1393 751 pro
1410 706 1524 747 Domo,
1546 705 1593 740 ait
1610 715 1677 752 cap.
1699 716 1754 741 22.
1792 705 1926 740 Ceffiffe

1253 754 1338 789 urbe
1356 753 1559 794 Ciceronem
1580 764 1669 802 puto
1687 753 1797 789 mense
1823 754 1924 789 Mar-

1251 802 1301 838 tio
1316 812 1482 839 extremo.
1534 803 1643 845 Nam,
1671 813 1711 838 ut
1726 815 1769 838 ex
1787 803 1923 838 Plutar-

1253 851 1309 886 chi
1338 851 1472 897 Caesare‚
1497 861 1532 887 et
1560 852 1675 899 primo
1701 852 1924 887 Commenta-

1255 900 1305 935 rio
1322 900 1359 936 de
1376 901 1462 936 Bello
1478 900 1614 945 Gallico,
1641 911 1709 947 cap.
1741 901 1774 936 6.
1802 900 1926 936 intelli·

1252 949 1361 996 gitur,
1406 961 1489 985 cum
1530 950 1715 984 Helvetios
1750 961 1780 984 a.
1823 949 1858 984 d.
1890 961 1926 983 v.

1252 999 1331 1033 Kal.
1365 1000 1452 1045 Apr.
1485 998 1528 1033 de
1566 998 1695 1033 finibus
1733 997 1800 1033 suis
1835 997 1928 1032 exire

1253 1046 1461 1081 constituiffe
1477 1045 1593 1082 Caesar
1608 1046 1836 1093 cognovisset,
1854 1057 1927 1081 rna-

1254 1095 1384 1130 turavit
1401 1095 1446 1130 ab
1463 1095 1549 1130 urbe
1571 1094 1752 1143 proficisci.
1804 1096 1929 1143 Atque

1252 1144 1378 1179 octavo
1395 1144 1450 1179 die
1467 1144 1511 1179 ad
1528 1144 1742 1180 Rhodanum
1760 1145 1927 1192 pervenit.

1254 1193 1381 1240 Neque
1400 1203 1512 1228 tamen
1530 1193 1628 1241 prius
1657 1193 1773 1228 Caesar
1801 1193 1843 1228 ad
1865 1203 1928 1227 ex-

1252 1242 1400 1277 ercitum
1438 1242 1536 1284 abiit,
1577 1254 1685 1289 quam
1724 1242 1929 1278 Ciceronem

1252 1303 1315 1338 per
1332 1291 1501 1326 Clodium
1518 1291 1617 1326 Italia
1633 1291 1827 1340 expulisset,
1852 1303 1927 1328 auc-

1251 1346 1319 1375 tore
1334 1339 1523 1375 Plutarcho.

1305 1389 1381 1424 Ubi
1400 1397 1619 1436 compertum
1637 1387 1707 1424 fuit
1723 1388 1928 1424 Ciceronem

1255 1437 1440 1479 dilceffiffe,
1475 1438 1622 1473 Clodius
1653 1437 1696 1472 de
1724 1437 1830 1473 exilio
1853 1437 1928 1484 ejus

1255 1486 1296 1520 ad
1328 1487 1502 1534 populum
1525 1487 1618 1528 tulit,
1644 1496 1747 1533 atque
1774 1486 1928 1522 edictum

1254 1535 1448 1583 proposuit,
1475 1545 1515 1570 ut
1545 1535 1594 1570 illi
1612 1547 1703 1583 aqua
1719 1545 1753 1570 et
1780 1535 1851 1583 igni
1878 1536 1930 1570 in-

1256 1585 1488 1627 terdiceretur,
1514 1595 1549 1620 et
1567 1597 1607 1619 ne
1625 1584 1713 1620 intra
1739 1585 1931 1633 quingenta

1256 1633 1365 1668 millia
1382 1634 1542 1681 passuum
1571 1634 1616 1668 ab
1642 1633 1739 1669 Italia
1761 1634 1853 1669 tec‘to
1878 1645 1928 1669 re-

1255 1682 1438 1729 ciperetur.
1482 1683 1577 1718 Haec
1597 1682 1806 1718 Plutarchus
1823 1685 1858 1717 in
1875 1684 1930 1719 Ci-

1254 1743 1369 1774 cerone,
1396 1731 1527 1779 quibus
1557 1731 1695 1787 gemina
1719 1731 1835 1766 scribit
1852 1732 1930 1773 Di'o,

1257 1780 1301 1814 lib
1318 1759 1530 1816 XXXVIII.
1559 1783 1592 1815 in
1609 1791 1652 1815 eo
1674 1790 1788 1815 tamen
1805 1780 1929 1816 diffen-

1257 1828 1312 1870 tit,
1339 1829 1436 1877 quod
1466 1829 1627 1865 Ciceroni
1651 1829 1726 1877 lege
1742 1829 1892 1865 Clodia
1886 1842 1928 1865 ir-

1258 1887 1419 1925 rogatum
1447 1876 1547 1914 fuiss‘e
1575 1878 1634 1921 ait,
1674 1890 1716 1913 ne
1746 1878 1834 1913 intra
1864 1879 1929 1914 sta-

1256 1927 1353 1962 dium
1372 1927 1436 1962 tria
1461 1928 1570 1963 millia
1596 1927 1808 1975 septingenta
1824 1928 1928 1975 quin-

1256 1976 1436 2024 quaginta,
1475 1977 1509 2012 id
1537 1976 1597 2018 est,
1630 1976 1738 2011 millia
1769 1977 1929 2024 passuum

1258 2037 1428 2061 ccccxix.
1464 2025 1546 2068 fere,
1584 2025 1630 2061 ab
1662 2025 1748 2060 urbe
1782 2025 1830 2060 illi
1864 2026 1930 2060 esl‘e

1258 2073 1382 2109 liceret.
1436 2075 1572 2117 Cicero,
1598 2074 1683 2121 epist.
1716 2087 1751 2117 4,
1776 2074 1831 2108 lib.
1864 2074 1926 2110 Ill.

1256 2122 1301 2156 ad
1336 2126 1408 2159 Aet.
1454 2123 1487 2158 in
1530 2124 1604 2171 lege
1638 2123 1701 2158 hoc
1734 2124 1928 2159 correctum

1258 2170 1355 2207 fuisse
1372 2171 1430 2213 ait,
1450 2183 1488 2207 ut
1508 2172 1568 2207 fibi
1587 2173 1678 2207 ultra
1694 2173 1927 2220 quadringen-

1257 2229 1291 2255 ta
1327 2221 1434 2256 millia
1476 2221 1591 2256 liceret
1632 2221 1706 2256 esse.
1764 2223 1827 2257 Dio
1860 2222 1927 2257 hoc

1257 2281 1400 2317 quoque
1420 2270 1484 2317 legi
1507 2270 1678 2317 adjectum
1697 2268 1795 2305 fuisse
1812 2271 1929 2314 tradit,

1258 2328 1296 2353 ut
1317 2319 1338 2353 si
1358 2319 1502 2354 Tullius
1533 2319 1618 2354 intra
1642 2319 1788 2367 spatium
1806 2319 1926 2355 defini-

1256 2376 1331 2402 tum
1363 2368 1453 2403 visus
1484 2367 1609 2407 fuiss'ct,
1636 2378 1670 2403 et
1695 2367 1775 2415 ipse,
1801 2379 1834 2403 et
1865 2367 1929 2416 qui

1254 2428 1334 2451 eum
1354 2418 1562 2464 recepissent,
1592 2418 1732 2465 impunc
1761 2417 1926 2452 interfice-

1256 2475 1382 2501 rentur.
1436 2467 1533 2502 Hinc
1567 2467 1690 2503 Cicero
1720 2476 1778 2514 pro
1812 2467 1929 2509 Denso,
