2241 2994
520 208 605 248 404

522 272 754 326 theniensibiis
765 288 880 325 miffus
887 289 935 324 est
945 288 1192 336 legatus,quod

523 339 559 374 in
573 352 614 374 eo
628 339 800 386 principes
812 337 1028 385 temporibus
1046 337 1113 372 illis
1127 337 1191 372 fin-

523 388 653 435 gularis
668 385 767 422 fuifl‘e
786 386 896 421 studia
911 385 1078 421 doEtrinae
1097 385 1191 420 vide-

525 446 610 472 rent.
662 436 696 471 Is
722 435 802 481 fuit,
829 435 892 482 qui
919 434 1058 477 diceret,
1085 443 1193 469 artem

524 484 556 520 se
581 485 713 520 tradere
738 485 824 519 bene
844 482 1036 526 differendi,
1062 491 1097 518 et
1114 494 1195 517 vera

525 545 565 568 ac
579 532 660 568 falsa
676 532 902 580 dijudicandi,
930 532 965 566 id
983 531 1043 574 est,
1068 531 1192 566 dialec-

525 582 642 618 ticam.
683 583 804 629 Qiam
828 581 891 628 qui
919 579 1036 615 audire
1052 580 1193 622 vellent,

526 631 656 666 minam
681 641 722 666 ut
744 631 875 671 darent,
902 628 1039 664 fecerat.
1080 627 1194 674 Chry-

525 679 643 728 fippea
659 679 823 727 quaedam
838 677 990 718 retinuit,
1006 685 1046 711 ut
1058 687 1140 711 curn
1159 678 1195 711 in

525 740 567 763 eo
593 728 696 770 libro,
723 727 840 775 quide
857 729 1014 762 Minerva
1042 724 1194 760 inscribi-

526 785 596 818 tur,
624 787 762 824 partum
779 775 893 821 Jovis‚
919 783 1107 820 ortumque
1124 773 1194 808 vir-

526 825 616 873 ginis
647 825 688 860 ad
720 823 978 871 P'nyfiologiam
1011 823 1194 857 traducens

525 873 693 920 disjungit
720 885 738 907 a
763 871 909 908 fabula:
947 872 1083 906 decreta
1112 882 1195 906 vero

525 922 665 970 reliquit
687 921 904 968 hujusmodi:

575 971 724 1018 Aliquid
744 969 885 1018 praedici
905 969 1008 1016 poffe,
1027 969 1196 1003 duntaxat

523 1020 636 1067 qualis
655 1019 801 1066 quisque
818 1028 951 1061 natura,
976 1028 1011 1052 et
1028 1017 1071 1052 ad
1088 1028 1195 1064 quam

524 1067 670 1116 quisque
690 1068 837 1103 maxime
854 1078 924 1101 rem
939 1076 1040 1113 aptus
1054 1065 1195 1100 futurus

525 1117 588 1152 sit:
617 1127 727 1152 cetera
751 1117 850 1151 nullo
874 1115 980 1150 modo
996 1115 1090 1162 posse
1107 1113 1194 1149 sciri.

522 1166 560 1201 de
577 1167 692 1201 Divin.
709 1166 753 1200 ΙΙ.
769 1177 828 1210 43.

575 1214 726 1249 Divitias
745 1227 813 1249 non
831 1225 907 1247 eam
927 1213 1034 1248 modo
1049 1211 1122 1247 vim
1137 1211 1196 1247 ha-

525 1264 615 1304 bere,
633 1274 673 1298 ut
690 1263 786 1310 quast
803 1262 910 1297 duces
929 1262 993 1297 sint
1011 1261 1052 1296 ad
1071 1261 1196 1307 volup-

524 1322 642 1352 tatem,
668 1322 702 1346 et
725 1312 767 1346 ad
793 1311 1025 1346 valetudinem
1054 1310 1194 1350 bonam,

523 1361 578 1395 sed
604 1361 707 1396 etiarn
735 1371 774 1396 ut
798 1372 838 1395 ea
862 1359 1060 1394 contineant
1080 1376 1092 1400 ·,
1126 1370 1195 1392 non

525 1410 614 1444 idem
640 1408 751 1444 facere
775 1420 830 1444 eas
855 1407 889 1442 in
916 1408 1057 1448 virtute,
1083 1418 1196 1454 neque

525 1458 559 1492 in
577 1458 695 1493 ceteris
713 1458 858 1499 artibus,
877 1457 919 1492 ad
937 1469 1024 1504 quas
1041 1456 1105 1491 esse
1121 1457 1195 1490 dux

524 1508 672 1553 pecunia
705 1507 829 1554 potest,
873 1507 1047 1541 continere
1080 1514 1195 1540 autem

524 1568 593 1590 non
613 1556 733 1602 potest.
751 1555 788 1590 de
806 1555 910 1591 finib.
926 1555 988 1590 111.
1013 1567 1065 1599 ¹5-

573 1605 711 1640 Bonum
735 1605 799 1639 effe
826 1604 874 1645 id,
910 1603 1010 1650 quod
1030 1603 1110 1638 esset
1136 1614 1194 1637 na-

524 1662 602 1688 tura
619 1653 826 1688 absolutum.
845 1653 883 1688 de
899 1652 1004 1688 Finib.
1024 1652 1085 1687 111.
1109 1663 1165 1687 ιο.

657 1797 1068 1835 EUDOXUS.

613 1897 867 1939 UDOXUS‚
904 1895 1059 1931 AEschini
1091 1894 1197 1938 filius,

657 1946 822 1987 Cnidius,
858 1945 1012 1981 Platonis
1042 1944 1197 1985 auditor,

525 2005 712 2042 geometra,
740 1993 907 2037 medicus,
926 1993 1146 2040 legumlator,
1163 2002 1198 2027 et

526 2043 562 2078 in
586 2043 799 2090 Astrologia,
827 2042 964 2090 judicio
988 2041 1196 2077 doctissimo-

527 2104 605 2128 rum
625 2092 820 2135 hominurn,
844 2090 946 2126 facile
963 2090 1136 2138 princeps,
1163 2089 1196 2124 in

526 2140 658 2188 scriptis
679 2141 820 2188 reliquit
836 2154 843 2176 :
871 2139 1048 2176 Chaldaeis
1067 2139 1119 2185 (id
1136 2138 1196 2181 est,

525 2189 736 2238 Astrologis,
762 2189 823 2237 qui
849 2201 890 2224 ex
915 2187 1070 2224 natalitio
1095 2187 1197 2223 fidere

526 2238 646 2274 futura
665 2237 886 2286 praesagiunt,
912 2237 1010 2285 quod
1028 2237 1085 2271 illa
1105 2236 1198 2271 natio

526 2288 675 2323 siderum
690 2286 983 2323 observandomm
1001 2285 1199 2334 peritissima

527 2336 648 2379 fuerit)
670 2336 702 2371 in
722 2335 958 2384 praedictione‚
985 2345 1020 2370 et
1042 2335 1074 2369 in
1103 2344 1197 2369 nota-

527 2385 620 2420 tione
646 2383 813 2432 cujusque
839 2385 921 2420 vitae
944 2395 987 2419 ex
1010 2383 1111 2418 natali
1130 2383 1200 2424 die,

527 2434 668 2470 minime
696 2435 759 2471 effe
782 2433 1004 2470 credendum.
1023 2432 1059 2470 de
1075 2433 1196 2469 Divin.

525 2483 647 2527 11.42.

870 193 976 233 DE
1048 189 1554 234 DOCTRINA

1390 335 1431 370 H
1462 333 1495 369 Ε
1524 333 1556 368 c
1587 333 1622 368 A
1648 331 1684 366 T
1714 332 1761 367 o.

1352 429 1652 471 ECATole,
1679 426 1822 470 Rhodii,
1847 426 1910 474 qui

1387 478 1585 515 Penaetium
1606 477 1814 519 audivit,.et
1829 487 1911 510 eum

1243 529 1378 564 secutus
1408 529 1445 563 de
1473 526 1592 572 Officiis
1624 527 1730 561 libros
1763 524 1911 572 scripsit,

1243 587 1418 625 praecepta
1436 576 1513 611 sunt
1531 575 1628 609 haec:

1293 624 1457 660 Utilitate
1477 623 1634 659 officium
1659 621 1762 669 dirigi
1788 621 1912 669 magis,

1242 685 1349 722 quam
1369 673 1594 709 humanitate.
1621 671 1708 717 Offic.
1721 671 1785 706 111.
1800 681 1818 705 2
1825 681 1856 717 3.

1293 722 1463 770 Sapientis
1484 722 1560 763 effe,
1588 719 1673 755 nihil
1699 729 1821 755 contra
1837 729 1913 753 rno-

1245 783 1310 813 res,
1336 771 1439 818 leges,
1468 770 1621 805 instituta
1638 767 1834 809 facientem,
1853 767 1914 802 ha-

1245 820 1324 855 bere
1347 819 1511 855 rationem
1536 818 1583 854 rei
1607 816 1797 853 familiaris.
1823 815 1914 862 Offic.

1244 868 1309 904 111.
1328 879 1382 913 15·

1411 963 1799 1000 ALCMAEO.

1348 1063 1381 1098 L
1392 1063 1422 1097 C
1436 1063 1480 1097 M
1492 1063 1537 1098 AE
1548 1062 1598 1105 0,
1623 1059 1856 1103 Crotoniates,
1880 1068 1917 1096 et

1372 1111 1580 1159 Pythagorae
1604 1110 1754 1151 auditor,
1780 1108 1916 1157 primus

1249 1161 1405 1206 (auctore
1418 1160 1634 1202 Phavorino)
1651 1159 1694 1194 de
1711 1168 1845 1194 natura:
1862 1169 1916 1193 ra,-

1247 1212 1341 1245 tione
1357 1209 1518 1256 scripstss‘e
1535 1208 1684 1243 videtur.

1296 1258 1382 1299 Soli,
1396 1258 1502 1299 lunae,
1518 1256 1726 1304 reliquisque
1737 1254 1916 1298 sideribus,

1246 1307 1433 1354 animoque
1469 1316 1653 1354 praeterea,
1697 1305 1917 1341 divinitatem

1245 1356 1351 1392 dedit.
1378 1356 1416 1390 de
1430 1356 1514 1391 Nat.
1529 1357 1627 1391 Deor.
1641 1355 1668 1390 1.
1685 1366 1698 1390 1
1709 1366 1739 1390 1.

1344 1500 1830 1540 PANAETIUS.

1324 1599 1581 1641 ANAETIUS,
1607 1599 1782 1641 Rhodius,
1807 1597 1916 1632 Poffi-

1346 1649 1442 1685 donii
1469 1648 1604 1689 doctor,
1629 1647 1819 1694 discipulus
1837 1647 1915 1681 An-

1245 1698 1376 1747 tipatri,
1403 1697 1601 1733 Stoicorum
1630 1696 1789 1744 princeps
1815 1693 1916 1730 fuiffe

1245 1747 1385 1783 dicitur.
1439 1747 1606 1794 Qorum
1637 1755 1752 1781 tamen
1780 1745 1916 1780 decreta

1248 1809 1317 1832 non
1335 1794 1452 1831 omnia
1469 1805 1541 1830 rata
1558 1794 1718 1829 habebat.
1769 1794 1862 1829 Nam
1879 1803 1915 1827 et

1247 1845 1320 1880 vim
1337 1845 1401 1880 effe
1417 1843 1596 1880 divinandi
1613 1842 1802 1885 dubitavit,
1824 1851 1859 1876 et
1871 1853 1915 1876 an

1248 1894 1401 1930 mundus
1427 1893 1470 1927 ad
1499 1902 1693 1927 extremum
1719 1891 1914 1938 ignesceret,

1249 1943 1395 1978 humore
1411 1941 1631 1988 consumpto,
1658 1953 1727 1976 non
1748 1939 1797 1975 est
1814 1939 1915 1975 ausus

1247 1992 1427 2027 affirmare.
1454 1992 1624 2026 Praeterea
1634 1989 1832 2025 Stoicorum
1843 1988 1915 2024 tris-

1248 2041 1358 2075 titiam
1388 2049 1493 2087 atque
1521 2038 1733 2086 asperitatem
1763 2036 1915 2086 fugiens,

1248 2101 1310 2124 nec
1338 2088 1550 2136 asperitatem
1571 2086 1824 2127 sententiarum,
1853 2098 1915 2121 nec

1246 2137 1426 2173 differendi
1439 2136 1550 2184 spinas
1568 2136 1730 2184 probavit
1745 2153 1755 2178 ·,
1774 2135 1914 2182 fuitque

1249 2186 1282 2222 in
1308 2187 1414 2222 altero
1439 2197 1560 2234 genere
1586 2185 1714 2226 mitior,
1750 2185 1784 2219 in
1808 2184 1916 2220 altero

1247 2235 1422 2271 illustrior.
1458 2235 1551 2270 Eum
1570 2234 1612 2269 de
1625 2234 1762 2269 Officiis
1779 2233 1914 2277 Cicero,

1248 2284 1457 2320 correctione
1478 2283 1628 2330 quadam
1658 2282 1825 2324 adhibita,

1249 2333 1412 2368 tiffimum
1443 2332 1576 2367 secutus
1604 2331 1663 2367 est.
1707 2332 1763 2368 De
1790 2331 1916 2367 officiis

1247 2383 1339 2417 enim
1355 2381 1422 2416 sine
1435 2381 1666 2416 controversia
1682 2380 1916 2428 disputaverat

1248 2431 1514 2472 accuratissime,
1552 2441 1590 2466 ut
1615 2430 1663 2466 cst
1690 2429 1780 2464 libro
1799 2429 1860 2464 ΙΙΙ.
1881 2439 1914 2464 2.

1247 2479 1438 2526 Officiorum.
1458 2481 1562 2528 Qios
1574 2479 1681 2516 libros
1694 2478 1917 2527 posteaquam
