2335 3009
760 221 867 262 AD
947 223 1350 265 BRUTUM.
1701 226 1752 284 83

364 334 542 378 tempore
561 312 752 362 habemus
773 322 813 360 in
835 330 888 367 te,
918 331 1037 374 atque
1056 322 1231 360 exercitu
1252 331 1336 362 tuo.
1383 323 1489 362 Cum
1514 323 1562 362 ad
1589 323 1751 377 reipub-

363 391 450 429 licae
469 390 679 434 summam,
712 397 799 426 turn
820 387 866 425 ad
886 387 1054 439 gloriam
1074 396 1113 425 et
1134 387 1369 440 dignitatem
1391 398 1515 435 tuam,
1537 389 1749 428 vehemen-

364 464 423 493 ter
449 454 636 507 pertinet,
667 462 706 492 te
735 453 778 491 in
811 453 982 498 Italiam,
1014 461 1058 491 ut
1089 462 1179 491 ante
1208 452 1354 505 scripfi,
1385 455 1516 492 venire
1545 456 1751 509 quampri-

361 533 503 558 mum:
535 528 623 572 eget
656 518 765 557 enim
798 517 1051 557 vehementer
1083 531 1178 556 cum
1206 519 1356 556 viribus
1392 520 1485 564 tuis,
1518 528 1604 558 tum
1632 522 1752 559 etiam

362 585 540 630 confilio,
572 584 804 637 respublica.
848 585 1049 629 Veterem,
1080 597 1151 636 pro
1177 585 1260 636 ejus
1291 597 1382 636 erga
1413 593 1451 622 te
1480 584 1752 624 benevolentia

359 650 623 703 fingularique
652 650 800 695 officio,
831 650 1001 688 libenter
1029 664 1077 688 ex
1107 650 1185 688 tuis
1216 650 1340 688 literis
1370 650 1604 703 complexus
1634 651 1748 697 sum,

359 728 533 769 eumque
566 729 659 754 curn
691 716 766 761 tui,
797 724 885 753 tum
915 715 1158 768 reipublicae,
1190 715 1506 754 studiofiffirnum
1536 716 1751 755 amantiffi-

359 794 553 834 mumque
573 781 757 834 cognovi.
790 781 1025 820 Ciceronem
1046 795 1181 820 meum
1200 781 1446 835 propediem,
1478 790 1522 820 ut
1542 781 1666 835 spero,
1688 781 1750 820 vi-

360 845 477 885 debo.
519 848 676 886 Tecum
703 847 810 885 enim
836 847 970 894 illum,
1001 856 1041 887 et
1067 856 1105 887 te
1125 847 1166 885 in
1189 847 1344 886 Italiam
1364 847 1543 887 celeriter
1562 847 1635 887 effe
1653 861 1749 887 ven-

362 919 497 951 turum
517 912 690 953 confido.
729 913 841 952 Vale.

702 1118 957 1156 Bnurus
1004 1117 1328 1157 C1cnR0N1
1379 1118 1418 1158 S.

363 1243 467 1282 XIII
473 1274 481 1282 .
609 1246 646 1283 E
673 1244 808 1283 Marco
826 1243 963 1297 Lepido
981 1245 1107 1283 vereri
1120 1259 1173 1284 me
1190 1245 1286 1297 cogit
1304 1244 1519 1297 reliquorum
1537 1243 1644 1283 timor
1655 1258 1668 1282 :
1690 1244 1755 1297 qui

586 1310 630 1362 fi
644 1309 867 1362 eripneritst
885 1309 982 1348 nobis
1001 1309 1123 1364 (quod
1135 1310 1241 1348 velim
1260 1318 1389 1348 temere
1406 1318 1514 1363 atque
1532 1309 1693 1362 injuriqse
1710 1308 1752 1347 de

359 1372 417 1412 illo
417 1373 600 1428 fizspicaeti
599 1375 682 1427 sint
700 1371 878 1427 homines)
893 1389 952 1413 oro
970 1384 1080 1427 atque
1097 1374 1230 1429 offecro
1250 1383 1299 1420 te,
1319 1375 1456 1420 Cicero,
1477 1373 1750 1426 neccffltudinem

358 1438 511 1492 nestram
530 1451 697 1494 tuamque
715 1441 753 1479 in
771 1455 824 1479 me
843 1439 1119 1479 benevolentiam
1147 1440 1331 1494 obtestans,
1347 1440 1488 1494 firoris
1515 1454 1600 1480 meae
1626 1439 1752 1479 liberos

358 1504 577 1559 oblffvssaris
595 1507 654 1561 effe
672 1505 807 1560 Lepidi
807 1506 919 1558 filios,
935 1520 1054 1560 meque
1071 1506 1126 1545 his
1144 1507 1182 1546 in
1194 1507 1320 1560 patris
1339 1505 1642 1560 locumsttccffſje
1659 1506 1750 1560 exif-

359 1570 474 1611 times.
507 1574 589 1611 Hoc
592 1572 636 1624 st
650 1587 674 1611 a
694 1581 731 1611 te
749 1571 911 1625 impetro,
935 1572 1198 1625 nihilprqfeblo
1213 1572 1392 1612 dubitabis
1405 1581 1477 1626 pro
1495 1572 1551 1611 his
1554 1572 1748 1625 sufitpere.

357 1635 484 1675 Aliter
500 1637 567 1676 alii
581 1650 660 1676 cum
663 1637 747 1688 ficis
765 1637 904 1677 vivunt
918 1653 932 1676 .·
962 1637 1057 1676 nihil
1079 1651 1139 1691 ego
1161 1637 1295 1691 poſjum
1321 1638 1359 1677 in
1363 1637 1505 1689 sbroris
1528 1651 1613 1677 meae
1630 1637 1750 1676 liberis

343 1701 487 1754 facere,
518 1717 584 1756 quo
596 1703 700 1755 pqffi't
719 1703 856 1756 expleri
871 1703 1039 1743 voluntas
1058 1717 1148 1749 mea,
1177 1712 1244 1742 aut
1262 1704 1422 1756 ffcium.
1461 1703 1563 1755 Qid
1575 1717 1661 1742 vero
1681 1710 1750 1741 aut

357 1766 448 1805 mihi
461 1767 620 1807 tribuere
638 1768 721 1807 boni
730 1768 885 1822 pqfficnt‚
902 1769 946 1822 st
960 1768 1056 1807 modo
1085 1768 1188 1821 digni
1190 1769 1330 1821 sumus,
1362 1767 1487 1821 quibus
1512 1767 1651 1821 aliquid
1671 1768 1747 1806 tri·

356 1831 494 1872 buntur
509 1852 521 1879 ς
551 1844 620 1873 aut
637 1848 698 1887 ego
718 1834 844 1878 matri,
875 1849 919 1873 ac
921 1834 1058 1887 Jbrori,
1082 1834 1272 1887 puerisque
1291 1833 1372 1878 illis,
1396 1832 1748 1886 praestaturusfiaem,

343 1897 386 1950 fi
399 1898 494 1937 nihil
506 1899 668 1937 valuerit
685 1898 786 1951 apud
799 1907 835 1937 te
853 1899 1092 1952 reliquumque
1096 1900 1281 1952 senatum,
1311 1908 1440 1937 contra
1453 1906 1601 1951 patrem
1631 1899 1748 1952 Lepi·

357 1962 452 2009 dum,
483 1965 629 2003 Brutus
655 1965 857 2004 avunculus
872 1964 893 2004 ,ἲ
923 1963 1085 2003 Scribere
1113 1964 1227 2003 multa
1256 1963 1308 2003 ad
1327 1973 1363 2002 te
1391 1978 1500 2017 neque
1520 1962 1652 2017 pffm
1664 1974 1750 2017 prae

344 2028 584 2080 fillicitudine
601 2044 645 2068 ac
649 2029 844 2082 stomacho,
874 2043 983 2083 neque
1000 2028 1112 2068 debeo.
1151 2030 1266 2074 Nam,
1281 2029 1324 2080 st
1339 2029 1376 2067 in
1396 2038 1505 2068 tanta
1523 2044 1576 2074 re,
1606 2039 1749 2083 tamque

356 2093 554 2147 neceffzria,
584 2096 706 2134 verbis
734 2095 825 2134 mihi
849 2105 934 2149 opus
951 2095 997 2148 est
1014 2094 1066 2134 ad
1078 2104 1114 2134 te
1132 2094 1357 2134 excitandum
1387 2105 1424 2134 et
1443 2094 1718 2148 confirmandum
1732 2113 1746 2140 3

360 2159 457 2197 nulla
464 2161 547 2212 spes
567 2160 624 2213 est,
638 2161 837 2214 saHurum
857 2170 893 2200 te
908 2160 1003 2214 quod
1026 2161 1117 2206 volo,
1148 2169 1184 2199 et
1213 2160 1307 2214 quod
1331 2169 1482 2213 oportet.
1526 2162 1649 2212 Qare
1678 2160 1753 2199 noli

355 2228 542 2277 expec7are
559 2227 682 2279 longas
696 2236 834 2280 preces.
864 2229 1013 2266 Intuere
1030 2227 1206 2280 meipsum,
1237 2226 1301 2280 qui
1317 2227 1380 2264 hoc
1399 2241 1422 2264 a
1442 2235 1491 2271 te,
1520 2226 1583 2264 vel
1594 2240 1619 2264 a
1640 2226 1746 2265 Cice-

357 2303 454 2334 rone,
485 2291 748 2344 conjunc‘z'ff'tno
770 2292 909 2331 homine
920 2293 1118 2346 privatim,
1148 2293 1212 2330 vel
1235 2307 1258 2330 a
1277 2292 1456 2344 consulari
1471 2291 1542 2329 tali
1558 2291 1653 2336 viro,
1683 2306 1744 2330 re-

357 2364 453 2393 mota
471 2355 708 2406 necessitudine
719 2358 894 2410 privata,
925 2358 1120 2411 impetrare
1138 2357 1250 2395 debeo.
1295 2356 1647 2408 Qidstsfhe‘iurus,
1678 2371 1744 2396 ve-

354 2420 418 2458 lim
434 2419 526 2458 mihi
542 2421 801 2475 quamprimum
820 2423 1005 2475 rescribas.
1037 2422 1127 2462 Kal.
1151 2421 1280 2474 Qint.
1321 2423 1386 2459 Ex
1403 2420 1539 2472 castris.

1354 2486 1443 2525 L2
