<?xml version="1.0" encoding="UTF-8"?>
<!DOCTYPE html PUBLIC "-//W3C//DTD XHTML 1.0 Transitional//EN"
    "http://www.w3.org/TR/xhtml1/DTD/xhtml1-transitional.dtd">
<html xmlns="http://www.w3.org/1999/xhtml" xml:lang="en" lang="en">
 <head>
  <title>
</title>
<meta http-equiv="Content-Type" content="text/html;charset=utf-8" />
  <meta name='ocr-system' content='tesseract 3.04.00' />
  <meta name='ocr-capabilities' content='ocr_page ocr_carea ocr_par ocr_line ocrx_word'/>
</head>
<body>
  <div class='ocr_page' id='page_1' title='image "./operacumindicibu09ciceuoft_0018.png"; bbox 0 0 2335 3009; ppageno 0'>
   <div class='ocr_carea' id='block_1_1' title="bbox 474 240 1507 287">
    <p class='ocr_par' dir='ltr' id='par_1_1' title="bbox 474 240 1507 287">
     <span class='ocr_line' id='line_1_1' title="bbox 474 240 1507 287; baseline -0.006 -1"><span class='ocrx_word' id='word_1_1' title='bbox 474 259 521 287; x_wconf 86' lang='lat'>10</span> <span class='ocrx_word' id='word_1_2' title='bbox 816 240 1507 284; x_wconf 89' lang='lat' dir='ltr'><strong>EPISTOLARUM</strong></span> 
     </span>
    </p>
   </div>
   <div class='ocr_carea' id='block_1_2' title="bbox 471 339 1874 1581">
    <p class='ocr_par' dir='ltr' id='par_1_2' title="bbox 471 339 1874 1581">
     <span class='ocr_line' id='line_1_2' title="bbox 471 339 1859 395; baseline -0.005 -11"><span class='ocrx_word' id='word_1_3' title='bbox 471 343 605 390; x_wconf 89' lang='lat' dir='ltr'>modo,</span> <span class='ocrx_word' id='word_1_4' title='bbox 638 345 776 383; x_wconf 86' lang='lat' dir='ltr'>Romae</span> <span class='ocrx_word' id='word_1_5' title='bbox 805 343 968 395; x_wconf 90' lang='lat' dir='ltr'>quidem</span> <span class='ocrx_word' id='word_1_6' title='bbox 994 355 1073 381; x_wconf 86' lang='lat' dir='ltr'>non</span> <span class='ocrx_word' id='word_1_7' title='bbox 1096 341 1287 380; x_wconf 89' lang='lat' dir='ltr'>mediocri</span> <span class='ocrx_word' id='word_1_8' title='bbox 1306 355 1399 380; x_wconf 91' lang='lat' dir='ltr'>cum</span> <span class='ocrx_word' id='word_1_9' title='bbox 1421 339 1693 385; x_wconf 86' lang='lat' dir='ltr'>admiratione,</span> <span class='ocrx_word' id='word_1_10' title='bbox 1723 339 1859 378; x_wconf 87' lang='lat' dir='ltr'>lauda·-</span> 
     </span>
     <span class='ocr_line' id='line_1_3' title="bbox 473 406 1859 463; baseline -0.004 -14"><span class='ocrx_word' id='word_1_11' title='bbox 473 420 551 456; x_wconf 84' lang='lat' dir='ltr'>tur,</span> <span class='ocrx_word' id='word_1_12' title='bbox 582 409 704 463; x_wconf 92' lang='lat' dir='ltr'>quod,</span> <span class='ocrx_word' id='word_1_13' title='bbox 735 423 829 448; x_wconf 89' lang='lat' dir='ltr'>cum</span> <span class='ocrx_word' id='word_1_14' title='bbox 855 408 903 448; x_wconf 91' lang='lat' dir='ltr'>ad</span> <span class='ocrx_word' id='word_1_15' title='bbox 930 408 1126 462; x_wconf 90' lang='lat' dir='ltr'>templum</span> <span class='ocrx_word' id='word_1_16' title='bbox 1156 416 1541 459; x_wconf 88' lang='lat' dir='ltr'>monumentumque</span> <span class='ocrx_word' id='word_1_17' title='bbox 1561 406 1737 445; x_wconf 87' lang='lat' dir='ltr'>nostrum</span> <span class='ocrx_word' id='word_1_18' title='bbox 1758 406 1859 444; x_wconf 90' lang='lat' dir='ltr'>civi-</span> 
     </span>
     <span class='ocr_line' id='line_1_4' title="bbox 473 471 1862 529; baseline -0.004 -14"><span class='ocrx_word' id='word_1_19' title='bbox 473 485 569 515; x_wconf 87' lang='lat' dir='ltr'>tates</span> <span class='ocrx_word' id='word_1_20' title='bbox 598 475 784 529; x_wconf 88' lang='lat' dir='ltr'>pecunias</span> <span class='ocrx_word' id='word_1_21' title='bbox 814 474 1065 513; x_wconf 75' lang='lat' dir='ltr'>decreviss‘ent</span> <span class='ocrx_word' id='word_1_22' title='bbox 1081 493 1092 519; x_wconf 68' lang='grc' dir='ltr'><strong><em>ς</em></strong></span> <span class='ocrx_word' id='word_1_23' title='bbox 1125 487 1298 525; x_wconf 88' lang='lat' dir='ltr'>cumque</span> <span class='ocrx_word' id='word_1_24' title='bbox 1331 472 1372 511; x_wconf 90' lang='lat' dir='ltr'>id</span> <span class='ocrx_word' id='word_1_25' title='bbox 1406 482 1445 510; x_wconf 93' lang='lat' dir='ltr'>et</span> <span class='ocrx_word' id='word_1_26' title='bbox 1479 486 1550 525; x_wconf 90' lang='lat' dir='ltr'>pro</span> <span class='ocrx_word' id='word_1_27' title='bbox 1579 472 1676 510; x_wconf 85' lang='lat' dir='ltr'>meis</span> <span class='ocrx_word' id='word_1_28' title='bbox 1707 471 1862 524; x_wconf 88' lang='lat' dir='ltr'>magnis</span> 
     </span>
     <span class='ocr_line' id='line_1_5' title="bbox 474 537 1864 594; baseline -0.004 -15"><span class='ocrx_word' id='word_1_29' title='bbox 474 541 640 586; x_wconf 88' lang='lat' dir='ltr'>meritis,</span> <span class='ocrx_word' id='word_1_30' title='bbox 670 549 709 579; x_wconf 91' lang='lat' dir='ltr'>et</span> <span class='ocrx_word' id='word_1_31' title='bbox 739 554 811 594; x_wconf 94' lang='lat' dir='ltr'>pro</span> <span class='ocrx_word' id='word_1_32' title='bbox 844 540 920 578; x_wconf 90' lang='lat' dir='ltr'>tuis</span> <span class='ocrx_word' id='word_1_33' title='bbox 949 539 1133 578; x_wconf 85' lang='lat' dir='ltr'>maximis</span> <span class='ocrx_word' id='word_1_34' title='bbox 1155 538 1372 584; x_wconf 87' lang='lat' dir='ltr'>beneficiis,</span> <span class='ocrx_word' id='word_1_35' title='bbox 1404 537 1556 576; x_wconf 88' lang='lat' dir='ltr'>summa</span> <span class='ocrx_word' id='word_1_36' title='bbox 1576 537 1641 576; x_wconf 92' lang='lat' dir='ltr'>sua</span> <span class='ocrx_word' id='word_1_37' title='bbox 1660 537 1864 575; x_wconf 86' lang='lat' dir='ltr'>voluntate</span> 
     </span>
     <span class='ocr_line' id='line_1_6' title="bbox 474 602 1863 658; baseline -0.004 -13"><span class='ocrx_word' id='word_1_38' title='bbox 474 605 677 652; x_wconf 74' lang='lat' dir='ltr'>feciss‘ent3</span> <span class='ocrx_word' id='word_1_39' title='bbox 710 607 1027 658; x_wconf 87' lang='lat' dir='ltr'>nominatimque</span> <span class='ocrx_word' id='word_1_40' title='bbox 1059 605 1122 643; x_wconf 82' lang='lat' dir='ltr'>lex</span> <span class='ocrx_word' id='word_1_41' title='bbox 1142 605 1354 658; x_wconf 85' lang='lat' dir='ltr'>exciperet,</span> <span class='ocrx_word' id='word_1_42' title='bbox 1387 605 1437 642; x_wconf 83' lang='lat' dir='ltr'>Ut</span> <span class='ocrx_word' id='word_1_43' title='bbox 1467 602 1518 642; x_wconf 82' lang='lat' dir='ltr'>ad</span> <span class='ocrx_word' id='word_1_44' title='bbox 1544 603 1709 656; x_wconf 82' lang='lat' dir='ltr'>templum</span> <span class='ocrx_word' id='word_1_45' title='bbox 1738 617 1863 641; x_wconf 80' lang='lat' dir='ltr'>monu-</span> 
     </span>
     <span class='ocr_line' id='line_1_7' title="bbox 477 668 1865 724; baseline -0.003 -14"><span class='ocrx_word' id='word_1_46' title='bbox 477 681 699 724; x_wconf 78' lang='lat' dir='ltr'>mentumque</span> <span class='ocrx_word' id='word_1_47' title='bbox 716 680 842 724; x_wconf 81' lang='lat' dir='ltr'>capere</span> <span class='ocrx_word' id='word_1_48' title='bbox 859 671 983 709; x_wconf 80' lang='lat' dir='ltr'>liceret</span> <span class='ocrx_word' id='word_1_49' title='bbox 998 688 1010 714; x_wconf 78' lang='lat'>3</span> <span class='ocrx_word' id='word_1_50' title='bbox 1041 683 1215 723; x_wconf 89' lang='lat' dir='ltr'>cumque</span> <span class='ocrx_word' id='word_1_51' title='bbox 1243 669 1298 715; x_wconf 92' lang='lat' dir='ltr'>id,</span> <span class='ocrx_word' id='word_1_52' title='bbox 1330 669 1438 723; x_wconf 91' lang='lat' dir='ltr'>quod</span> <span class='ocrx_word' id='word_1_53' title='bbox 1464 669 1641 714; x_wconf 89' lang='lat' dir='ltr'>dabatur,</span> <span class='ocrx_word' id='word_1_54' title='bbox 1673 682 1753 707; x_wconf 90' lang='lat' dir='ltr'>non</span> <span class='ocrx_word' id='word_1_55' title='bbox 1772 668 1865 706; x_wconf 83' lang='lat' dir='ltr'>effet</span> 
     </span>
     <span class='ocr_line' id='line_1_8' title="bbox 475 732 1866 788; baseline -0.003 -12"><span class='ocrx_word' id='word_1_56' title='bbox 475 738 745 783; x_wconf 86' lang='lat' dir='ltr'>interiturum,</span> <span class='ocrx_word' id='word_1_57' title='bbox 777 737 900 775; x_wconf 90' lang='lat' dir='ltr'>sedin</span> <span class='ocrx_word' id='word_1_58' title='bbox 922 736 1162 775; x_wconf 86' lang='lat' dir='ltr'>ornamentis</span> <span class='ocrx_word' id='word_1_59' title='bbox 1184 735 1325 788; x_wconf 88' lang='lat' dir='ltr'>templi</span> <span class='ocrx_word' id='word_1_60' title='bbox 1349 734 1546 781; x_wconf 84' lang='lat' dir='ltr'>futurum,</span> <span class='ocrx_word' id='word_1_61' title='bbox 1579 744 1623 773; x_wconf 89' lang='lat' dir='ltr'>ut</span> <span class='ocrx_word' id='word_1_62' title='bbox 1652 748 1732 773; x_wconf 89' lang='lat' dir='ltr'>non</span> <span class='ocrx_word' id='word_1_63' title='bbox 1762 732 1866 772; x_wconf 87' lang='lat' dir='ltr'>mihi</span> 
     </span>
     <span class='ocr_line' id='line_1_9' title="bbox 476 799 1866 856; baseline -0.004 -14"><span class='ocrx_word' id='word_1_64' title='bbox 476 803 624 856; x_wconf 89' lang='lat' dir='ltr'>potius,</span> <span class='ocrx_word' id='word_1_65' title='bbox 655 816 774 856; x_wconf 88' lang='lat' dir='ltr'>quam</span> <span class='ocrx_word' id='word_1_66' title='bbox 809 802 959 856; x_wconf 86' lang='lat' dir='ltr'>populo</span> <span class='ocrx_word' id='word_1_67' title='bbox 993 803 1176 840; x_wconf 89' lang='lat' dir='ltr'>Romano</span> <span class='ocrx_word' id='word_1_68' title='bbox 1209 814 1252 839; x_wconf 84' lang='lat' dir='ltr'>ac</span> <span class='ocrx_word' id='word_1_69' title='bbox 1282 800 1356 838; x_wconf 88' lang='lat' dir='ltr'>diis</span> <span class='ocrx_word' id='word_1_70' title='bbox 1387 799 1696 845; x_wconf 88' lang='lat' dir='ltr'>immortalibus,</span> <span class='ocrx_word' id='word_1_71' title='bbox 1729 799 1866 837; x_wconf 86' lang='lat' dir='ltr'>datum</span> 
     </span>
     <span class='ocr_line' id='line_1_10' title="bbox 475 866 1865 920; baseline -0.002 -14"><span class='ocrx_word' id='word_1_72' title='bbox 475 869 699 913; x_wconf 87' lang='lat' dir='ltr'>videretur;</span> <span class='ocrx_word' id='word_1_73' title='bbox 733 878 862 907; x_wconf 90' lang='lat' dir='ltr'>tamen</span> <span class='ocrx_word' id='word_1_74' title='bbox 894 869 950 914; x_wconf 90' lang='lat' dir='ltr'>id,</span> <span class='ocrx_word' id='word_1_75' title='bbox 981 868 1021 905; x_wconf 93' lang='lat' dir='ltr'>in</span> <span class='ocrx_word' id='word_1_76' title='bbox 1051 881 1131 920; x_wconf 88' lang='lat' dir='ltr'>quo</span> <span class='ocrx_word' id='word_1_77' title='bbox 1151 876 1231 905; x_wconf 90' lang='lat' dir='ltr'>erat</span> <span class='ocrx_word' id='word_1_78' title='bbox 1251 866 1438 919; x_wconf 83' lang='lat' dir='ltr'>dignitas,</span> <span class='ocrx_word' id='word_1_79' title='bbox 1468 875 1548 904; x_wconf 90' lang='lat' dir='ltr'>erat</span> <span class='ocrx_word' id='word_1_80' title='bbox 1577 866 1656 911; x_wconf 86' lang='lat' dir='ltr'>lex,</span> <span class='ocrx_word' id='word_1_81' title='bbox 1687 874 1768 904; x_wconf 88' lang='lat' dir='ltr'>erat</span> <span class='ocrx_word' id='word_1_82' title='bbox 1795 878 1865 903; x_wconf 91' lang='lat' dir='ltr'>eo-</span> 
     </span>
     <span class='ocr_line' id='line_1_11' title="bbox 476 931 1868 986; baseline -0.003 -13"><span class='ocrx_word' id='word_1_83' title='bbox 476 947 582 981; x_wconf 88' lang='lat' dir='ltr'>rum,</span> <span class='ocrx_word' id='word_1_84' title='bbox 613 934 682 986; x_wconf 89' lang='lat' dir='ltr'>qui</span> <span class='ocrx_word' id='word_1_85' title='bbox 708 933 920 979; x_wconf 89' lang='lat' dir='ltr'>faciebant,</span> <span class='ocrx_word' id='word_1_86' title='bbox 950 933 1147 978; x_wconf 78' lang='lat' dir='ltr'>voluntas,</span> <span class='ocrx_word' id='word_1_87' title='bbox 1178 931 1454 986; x_wconf 88' lang='lat' dir='ltr'>accipiendum</span> <span class='ocrx_word' id='word_1_88' title='bbox 1476 945 1555 970; x_wconf 88' lang='lat' dir='ltr'>non</span> <span class='ocrx_word' id='word_1_89' title='bbox 1576 932 1712 984; x_wconf 89' lang='lat' dir='ltr'>putavi</span> <span class='ocrx_word' id='word_1_90' title='bbox 1728 949 1740 976; x_wconf 68' lang='grc' dir='ltr'><strong><em>ς</em></strong></span> <span class='ocrx_word' id='word_1_91' title='bbox 1772 943 1868 969; x_wconf 90' lang='lat' dir='ltr'>cum</span> 
     </span>
     <span class='ocr_line' id='line_1_12' title="bbox 476 996 1868 1050; baseline -0.003 -12"><span class='ocrx_word' id='word_1_92' title='bbox 476 1000 563 1038; x_wconf 82' lang='lat' dir='ltr'>aliis</span> <span class='ocrx_word' id='word_1_93' title='bbox 584 999 631 1038; x_wconf 90' lang='lat' dir='ltr'>de</span> <span class='ocrx_word' id='word_1_94' title='bbox 652 999 788 1045; x_wconf 67' lang='lat' dir='ltr'>cautis,</span> <span class='ocrx_word' id='word_1_95' title='bbox 820 1008 906 1038; x_wconf 91' lang='lat' dir='ltr'>tum</span> <span class='ocrx_word' id='word_1_96' title='bbox 927 999 1045 1038; x_wconf 91' lang='lat' dir='ltr'>etiam</span> <span class='ocrx_word' id='word_1_97' title='bbox 1067 1008 1111 1037; x_wconf 90' lang='lat' dir='ltr'>ut</span> <span class='ocrx_word' id='word_1_98' title='bbox 1130 999 1264 1037; x_wconf 85' lang='lat' dir='ltr'>animo</span> <span class='ocrx_word' id='word_1_99' title='bbox 1284 998 1453 1050; x_wconf 87' lang='lat' dir='ltr'>aequiore</span> <span class='ocrx_word' id='word_1_100' title='bbox 1477 996 1624 1036; x_wconf 88' lang='lat' dir='ltr'>ferrent</span> <span class='ocrx_word' id='word_1_101' title='bbox 1645 997 1688 1042; x_wconf 91' lang='lat' dir='ltr'>ii,</span> <span class='ocrx_word' id='word_1_102' title='bbox 1719 996 1868 1049; x_wconf 88' lang='lat' dir='ltr'>quibus</span> 
     </span>
     <span class='ocr_line' id='line_1_13' title="bbox 477 1062 1871 1117; baseline -0.003 -14"><span class='ocrx_word' id='word_1_103' title='bbox 477 1078 549 1104; x_wconf 85' lang='lat' dir='ltr'>nec</span> <span class='ocrx_word' id='word_1_104' title='bbox 570 1065 789 1110; x_wconf 88' lang='lat' dir='ltr'>deberetur,</span> <span class='ocrx_word' id='word_1_105' title='bbox 816 1079 887 1104; x_wconf 89' lang='lat' dir='ltr'>nec</span> <span class='ocrx_word' id='word_1_106' title='bbox 908 1065 1058 1103; x_wconf 89' lang='lat' dir='ltr'>liceret.</span> <span class='ocrx_word' id='word_1_107' title='bbox 1092 1065 1342 1117; x_wconf 84' lang='lat' dir='ltr'>Qapropter</span> <span class='ocrx_word' id='word_1_108' title='bbox 1362 1063 1550 1102; x_wconf 90' lang='lat' dir='ltr'>incumbe</span> <span class='ocrx_word' id='word_1_109' title='bbox 1572 1071 1658 1101; x_wconf 93' lang='lat' dir='ltr'>toto</span> <span class='ocrx_word' id='word_1_110' title='bbox 1677 1062 1810 1100; x_wconf 86' lang='lat' dir='ltr'>animo</span> <span class='ocrx_word' id='word_1_111' title='bbox 1830 1069 1871 1099; x_wconf 89' lang='lat' dir='ltr'>et</span> 
     </span>
     <span class='ocr_line' id='line_1_14' title="bbox 476 1129 1870 1182; baseline -0.004 -12"><span class='ocrx_word' id='word_1_112' title='bbox 476 1131 605 1170; x_wconf 89' lang='lat' dir='ltr'>studio</span> <span class='ocrx_word' id='word_1_113' title='bbox 624 1132 735 1170; x_wconf 90' lang='lat' dir='ltr'>omni</span> <span class='ocrx_word' id='word_1_114' title='bbox 755 1132 796 1169; x_wconf 91' lang='lat' dir='ltr'>in</span> <span class='ocrx_word' id='word_1_115' title='bbox 817 1145 903 1169; x_wconf 89' lang='lat' dir='ltr'>eam</span> <span class='ocrx_word' id='word_1_116' title='bbox 923 1131 1131 1175; x_wconf 90' lang='lat' dir='ltr'>rationem,</span> <span class='ocrx_word' id='word_1_117' title='bbox 1162 1143 1239 1182; x_wconf 92' lang='lat' dir='ltr'>qua</span> <span class='ocrx_word' id='word_1_118' title='bbox 1258 1129 1387 1167; x_wconf 90' lang='lat' dir='ltr'>adhuc</span> <span class='ocrx_word' id='word_1_119' title='bbox 1408 1129 1498 1167; x_wconf 89' lang='lat' dir='ltr'>usus</span> <span class='ocrx_word' id='word_1_120' title='bbox 1517 1141 1574 1173; x_wconf 92' lang='lat' dir='ltr'>es,</span> <span class='ocrx_word' id='word_1_121' title='bbox 1603 1137 1648 1166; x_wconf 90' lang='lat' dir='ltr'>ut</span> <span class='ocrx_word' id='word_1_122' title='bbox 1666 1141 1748 1173; x_wconf 88' lang='lat' dir='ltr'>eos,</span> <span class='ocrx_word' id='word_1_123' title='bbox 1770 1139 1870 1180; x_wconf 90' lang='lat' dir='ltr'>quos</span> 
     </span>
     <span class='ocr_line' id='line_1_15' title="bbox 478 1190 1874 1249; baseline -0.004 -13"><span class='ocrx_word' id='word_1_124' title='bbox 478 1208 554 1236; x_wconf 82' lang='lat' dir='ltr'>tuae</span> <span class='ocrx_word' id='word_1_125' title='bbox 578 1196 670 1235; x_wconf 87' lang='lat' dir='ltr'>fidei</span> <span class='ocrx_word' id='word_1_126' title='bbox 699 1197 960 1249; x_wconf 88' lang='lat' dir='ltr'>potestatique</span> <span class='ocrx_word' id='word_1_127' title='bbox 988 1196 1141 1234; x_wconf 87' lang='lat' dir='ltr'>senatus</span> <span class='ocrx_word' id='word_1_128' title='bbox 1162 1190 1412 1248; x_wconf 87' lang='lat' dir='ltr'>populusque</span> <span class='ocrx_word' id='word_1_129' title='bbox 1432 1195 1638 1232; x_wconf 90' lang='lat' dir='ltr'>Romanus</span> <span class='ocrx_word' id='word_1_130' title='bbox 1673 1192 1874 1232; x_wconf 84' lang='lat' dir='ltr'>commifit</span> 
     </span>
     <span class='ocr_line' id='line_1_16' title="bbox 477 1259 1871 1314; baseline -0.004 -13"><span class='ocrx_word' id='word_1_131' title='bbox 477 1272 516 1301; x_wconf 91' lang='lat' dir='ltr'>et</span> <span class='ocrx_word' id='word_1_132' title='bbox 535 1262 717 1308; x_wconf 90' lang='lat' dir='ltr'>credidit,</span> <span class='ocrx_word' id='word_1_133' title='bbox 749 1263 905 1314; x_wconf 85' lang='lat' dir='ltr'>diligas,</span> <span class='ocrx_word' id='word_1_134' title='bbox 927 1271 966 1300; x_wconf 88' lang='lat' dir='ltr'>et</span> <span class='ocrx_word' id='word_1_135' title='bbox 987 1261 1097 1300; x_wconf 90' lang='lat' dir='ltr'>omni</span> <span class='ocrx_word' id='word_1_136' title='bbox 1118 1261 1267 1299; x_wconf 90' lang='lat' dir='ltr'>ratione</span> <span class='ocrx_word' id='word_1_137' title='bbox 1289 1269 1418 1298; x_wconf 88' lang='lat' dir='ltr'>tueare</span> <span class='ocrx_word' id='word_1_138' title='bbox 1435 1278 1446 1305; x_wconf 87' lang='lat'>;</span> <span class='ocrx_word' id='word_1_139' title='bbox 1479 1269 1524 1298; x_wconf 92' lang='lat' dir='ltr'>ut</span> <span class='ocrx_word' id='word_1_140' title='bbox 1544 1259 1617 1298; x_wconf 81' lang='lat' dir='ltr'>effe</span> <span class='ocrx_word' id='word_1_141' title='bbox 1635 1272 1755 1311; x_wconf 85' lang='lat' dir='ltr'>quam</span> <span class='ocrx_word' id='word_1_142' title='bbox 1777 1259 1871 1297; x_wconf 88' lang='lat' dir='ltr'>bea-</span> 
     </span>
     <span class='ocr_line' id='line_1_17' title="bbox 477 1324 1871 1379; baseline -0.004 -12"><span class='ocrx_word' id='word_1_143' title='bbox 477 1328 642 1367; x_wconf 80' lang='lat' dir='ltr'>tiffimos</span> <span class='ocrx_word' id='word_1_144' title='bbox 662 1327 774 1366; x_wconf 86' lang='lat' dir='ltr'>velis.</span> <span class='ocrx_word' id='word_1_145' title='bbox 807 1327 928 1379; x_wconf 87' lang='lat' dir='ltr'>Qod</span> <span class='ocrx_word' id='word_1_146' title='bbox 949 1327 975 1365; x_wconf 82' lang='lat' dir='ltr'>si</span> <span class='ocrx_word' id='word_1_147' title='bbox 998 1335 1036 1365; x_wconf 89' lang='lat' dir='ltr'>te</span> <span class='ocrx_word' id='word_1_148' title='bbox 1056 1326 1133 1365; x_wconf 89' lang='lat' dir='ltr'>sors</span> <span class='ocrx_word' id='word_1_149' title='bbox 1155 1324 1281 1371; x_wconf 90' lang='lat' dir='ltr'>Afris,</span> <span class='ocrx_word' id='word_1_150' title='bbox 1312 1334 1379 1364; x_wconf 88' lang='lat' dir='ltr'>aut</span> <span class='ocrx_word' id='word_1_151' title='bbox 1400 1325 1605 1378; x_wconf 84' lang='lat' dir='ltr'>Hispanis,</span> <span class='ocrx_word' id='word_1_152' title='bbox 1636 1333 1702 1362; x_wconf 91' lang='lat' dir='ltr'>aut</span> <span class='ocrx_word' id='word_1_153' title='bbox 1724 1324 1871 1369; x_wconf 86' lang='lat' dir='ltr'>Gallis,</span> 
     </span>
     <span class='ocr_line' id='line_1_18' title="bbox 478 1389 1873 1448; baseline -0.004 -15"><span class='ocrx_word' id='word_1_154' title='bbox 478 1393 721 1448; x_wconf 79' lang='lat' dir='ltr'>praefeciss‘et‚</span> <span class='ocrx_word' id='word_1_155' title='bbox 759 1393 1000 1432; x_wconf 88' lang='lat' dir='ltr'>immanibus</span> <span class='ocrx_word' id='word_1_156' title='bbox 1034 1406 1079 1431; x_wconf 89' lang='lat' dir='ltr'>ac</span> <span class='ocrx_word' id='word_1_157' title='bbox 1113 1392 1285 1431; x_wconf 92' lang='lat' dir='ltr'>barbaris</span> <span class='ocrx_word' id='word_1_158' title='bbox 1320 1392 1577 1437; x_wconf 79' lang='lat' dir='ltr'>nationibus;</span> <span class='ocrx_word' id='word_1_159' title='bbox 1616 1400 1745 1429; x_wconf 89' lang='lat' dir='ltr'>tamen</span> <span class='ocrx_word' id='word_1_160' title='bbox 1781 1389 1873 1428; x_wconf 82' lang='lat' dir='ltr'>effet</span> 
     </span>
     <span class='ocr_line' id='line_1_19' title="bbox 478 1455 1873 1506; baseline -0.004 -7"><span class='ocrx_word' id='word_1_161' title='bbox 478 1460 737 1499; x_wconf 86' lang='lat' dir='ltr'>humanitatis</span> <span class='ocrx_word' id='word_1_162' title='bbox 758 1469 849 1506; x_wconf 85' lang='lat' dir='ltr'>tuae‚</span> <span class='ocrx_word' id='word_1_163' title='bbox 877 1459 1079 1498; x_wconf 84' lang='lat' dir='ltr'>consulere</span> <span class='ocrx_word' id='word_1_164' title='bbox 1098 1472 1235 1498; x_wconf 90' lang='lat' dir='ltr'>eorum</span> <span class='ocrx_word' id='word_1_165' title='bbox 1255 1458 1476 1497; x_wconf 89' lang='lat' dir='ltr'>commodis</span> <span class='ocrx_word' id='word_1_166' title='bbox 1498 1467 1536 1495; x_wconf 91' lang='lat' dir='ltr'>et</span> <span class='ocrx_word' id='word_1_167' title='bbox 1557 1456 1737 1502; x_wconf 89' lang='lat' dir='ltr'>utilitati,</span> <span class='ocrx_word' id='word_1_168' title='bbox 1769 1455 1873 1495; x_wconf 88' lang='lat' dir='ltr'>salu-</span> 
     </span>
     <span class='ocr_line' id='line_1_20' title="bbox 482 1523 1873 1581; baseline -0.004 -15"><span class='ocrx_word' id='word_1_169' title='bbox 482 1529 592 1581; x_wconf 91' lang='lat' dir='ltr'>tique</span> <span class='ocrx_word' id='word_1_170' title='bbox 612 1527 764 1566; x_wconf 89' lang='lat' dir='ltr'>servire.</span> <span class='ocrx_word' id='word_1_171' title='bbox 812 1528 917 1566; x_wconf 91' lang='lat' dir='ltr'>Cum</span> <span class='ocrx_word' id='word_1_172' title='bbox 949 1540 1040 1566; x_wconf 89' lang='lat' dir='ltr'>vero</span> <span class='ocrx_word' id='word_1_173' title='bbox 1071 1527 1106 1564; x_wconf 93' lang='lat' dir='ltr'>ei</span> <span class='ocrx_word' id='word_1_174' title='bbox 1139 1526 1271 1578; x_wconf 85' lang='lat' dir='ltr'>generi</span> <span class='ocrx_word' id='word_1_175' title='bbox 1303 1524 1515 1564; x_wconf 88' lang='lat' dir='ltr'>hominum</span> <span class='ocrx_word' id='word_1_176' title='bbox 1544 1523 1758 1577; x_wconf 85' lang='lat' dir='ltr'>praefimus,</span> <span class='ocrx_word' id='word_1_177' title='bbox 1791 1536 1873 1562; x_wconf 84' lang='lat' dir='ltr'>non</span> 
     </span>
    </p>
   </div>
   <div class='ocr_carea' id='block_1_3' title="bbox 415 1589 1872 1647">
    <p class='ocr_par' dir='ltr' id='par_1_3' title="bbox 415 1589 1872 1647">
     <span class='ocr_line' id='line_1_21' title="bbox 415 1589 1872 1647; baseline -0.004 -14"><span class='ocrx_word' id='word_1_178' title='bbox 415 1609 419 1615; x_wconf 87' lang='lat'><em>·</em></span> <span class='ocrx_word' id='word_1_179' title='bbox 480 1594 602 1634; x_wconf 89' lang='lat' dir='ltr'>modo</span> <span class='ocrx_word' id='word_1_180' title='bbox 621 1594 661 1632; x_wconf 90' lang='lat' dir='ltr'>in</span> <span class='ocrx_word' id='word_1_181' title='bbox 683 1607 763 1646; x_wconf 92' lang='lat' dir='ltr'>quo</span> <span class='ocrx_word' id='word_1_182' title='bbox 783 1593 863 1647; x_wconf 89' lang='lat' dir='ltr'>ipsa</span> <span class='ocrx_word' id='word_1_183' title='bbox 883 1593 942 1639; x_wconf 88' lang='lat' dir='ltr'>fit,</span> <span class='ocrx_word' id='word_1_184' title='bbox 975 1593 1037 1631; x_wconf 90' lang='lat' dir='ltr'>sed</span> <span class='ocrx_word' id='word_1_185' title='bbox 1057 1593 1175 1631; x_wconf 89' lang='lat' dir='ltr'>etiam</span> <span class='ocrx_word' id='word_1_186' title='bbox 1196 1606 1216 1630; x_wconf 84' lang='lat' dir='ltr'>a</span> <span class='ocrx_word' id='word_1_187' title='bbox 1237 1605 1317 1644; x_wconf 90' lang='lat' dir='ltr'>quo</span> <span class='ocrx_word' id='word_1_188' title='bbox 1336 1591 1382 1630; x_wconf 89' lang='lat' dir='ltr'>ad</span> <span class='ocrx_word' id='word_1_189' title='bbox 1407 1591 1502 1629; x_wconf 89' lang='lat' dir='ltr'>alios</span> <span class='ocrx_word' id='word_1_190' title='bbox 1523 1589 1735 1643; x_wconf 85' lang='lat' dir='ltr'>pervenisse</span> <span class='ocrx_word' id='word_1_191' title='bbox 1755 1599 1872 1643; x_wconf 89' lang='lat' dir='ltr'>pute-</span> 
     </span>
    </p>
   </div>
   <div class='ocr_carea' id='block_1_4' title="bbox 482 1656 1881 2569">
    <p class='ocr_par' dir='ltr' id='par_1_4' title="bbox 482 1656 1880 2309">
     <span class='ocr_line' id='line_1_22' title="bbox 482 1656 1876 1712; baseline -0.004 -13"><span class='ocrx_word' id='word_1_192' title='bbox 482 1670 546 1700; x_wconf 85' lang='lat' dir='ltr'>tur</span> <span class='ocrx_word' id='word_1_193' title='bbox 565 1659 818 1705; x_wconf 82' lang='lat' dir='ltr'>humanitas;</span> <span class='ocrx_word' id='word_1_194' title='bbox 850 1669 955 1698; x_wconf 89' lang='lat' dir='ltr'>certe</span> <span class='ocrx_word' id='word_1_195' title='bbox 975 1659 1023 1698; x_wconf 84' lang='lat' dir='ltr'>iis</span> <span class='ocrx_word' id='word_1_196' title='bbox 1043 1673 1127 1698; x_wconf 87' lang='lat' dir='ltr'>cam</span> <span class='ocrx_word' id='word_1_197' title='bbox 1149 1658 1393 1712; x_wconf 85' lang='lat' dir='ltr'>potiffimum</span> <span class='ocrx_word' id='word_1_198' title='bbox 1421 1657 1593 1696; x_wconf 89' lang='lat' dir='ltr'>tribuere</span> <span class='ocrx_word' id='word_1_199' title='bbox 1619 1656 1823 1701; x_wconf 85' lang='lat' dir='ltr'>debemus,</span> <span class='ocrx_word' id='word_1_200' title='bbox 1854 1669 1876 1693; x_wconf 89' lang='lat' dir='ltr'>a</span> 
     </span>
     <span class='ocr_line' id='line_1_23' title="bbox 483 1721 1874 1780; baseline -0.005 -15"><span class='ocrx_word' id='word_1_201' title='bbox 483 1727 628 1780; x_wconf 89' lang='lat' dir='ltr'>quibus</span> <span class='ocrx_word' id='word_1_202' title='bbox 658 1726 897 1779; x_wconf 87' lang='lat' dir='ltr'>accepimus.</span> <span class='ocrx_word' id='word_1_203' title='bbox 944 1725 1039 1764; x_wconf 93' lang='lat' dir='ltr'>Non</span> <span class='ocrx_word' id='word_1_204' title='bbox 1072 1725 1178 1763; x_wconf 86' lang='lat' dir='ltr'>enim</span> <span class='ocrx_word' id='word_1_205' title='bbox 1213 1738 1276 1762; x_wconf 90' lang='lat' dir='ltr'>me</span> <span class='ocrx_word' id='word_1_206' title='bbox 1308 1723 1385 1762; x_wconf 92' lang='lat' dir='ltr'>hoc</span> <span class='ocrx_word' id='word_1_207' title='bbox 1415 1723 1497 1776; x_wconf 83' lang='lat' dir='ltr'>jam</span> <span class='ocrx_word' id='word_1_208' title='bbox 1532 1721 1660 1760; x_wconf 88' lang='lat' dir='ltr'>dicere</span> <span class='ocrx_word' id='word_1_209' title='bbox 1691 1721 1874 1774; x_wconf 88' lang='lat' dir='ltr'>pudebit,</span> 
     </span>
     <span class='ocr_line' id='line_1_24' title="bbox 483 1787 1874 1848; baseline -0.005 -17"><span class='ocrx_word' id='word_1_210' title='bbox 483 1792 693 1848; x_wconf 78' lang='lat' dir='ltr'>praesertim</span> <span class='ocrx_word' id='word_1_211' title='bbox 715 1793 755 1830; x_wconf 89' lang='lat' dir='ltr'>in</span> <span class='ocrx_word' id='word_1_212' title='bbox 777 1805 820 1829; x_wconf 89' lang='lat' dir='ltr'>ea</span> <span class='ocrx_word' id='word_1_213' title='bbox 839 1791 933 1836; x_wconf 89' lang='lat' dir='ltr'>vita,</span> <span class='ocrx_word' id='word_1_214' title='bbox 963 1800 1082 1845; x_wconf 87' lang='lat' dir='ltr'>atque</span> <span class='ocrx_word' id='word_1_215' title='bbox 1102 1791 1148 1829; x_wconf 91' lang='lat' dir='ltr'>iis</span> <span class='ocrx_word' id='word_1_216' title='bbox 1170 1790 1285 1828; x_wconf 89' lang='lat' dir='ltr'>rebus</span> <span class='ocrx_word' id='word_1_217' title='bbox 1306 1788 1437 1842; x_wconf 87' lang='lat' dir='ltr'>gestis,</span> <span class='ocrx_word' id='word_1_218' title='bbox 1469 1789 1508 1826; x_wconf 89' lang='lat' dir='ltr'>in</span> <span class='ocrx_word' id='word_1_219' title='bbox 1531 1787 1676 1840; x_wconf 92' lang='lat' dir='ltr'>quibus</span> <span class='ocrx_word' id='word_1_220' title='bbox 1698 1801 1777 1826; x_wconf 88' lang='lat' dir='ltr'>non</span> <span class='ocrx_word' id='word_1_221' title='bbox 1799 1800 1874 1840; x_wconf 90' lang='lat' dir='ltr'>po-</span> 
     </span>
     <span class='ocr_line' id='line_1_25' title="bbox 483 1854 1876 1908; baseline -0.006 -9"><span class='ocrx_word' id='word_1_222' title='bbox 483 1859 554 1899; x_wconf 87' lang='lat' dir='ltr'>test</span> <span class='ocrx_word' id='word_1_223' title='bbox 586 1859 746 1898; x_wconf 77' lang='lat' dir='ltr'>residere</span> <span class='ocrx_word' id='word_1_224' title='bbox 776 1858 926 1896; x_wconf 83' lang='lat' dir='ltr'>inertiae</span> <span class='ocrx_word' id='word_1_225' title='bbox 956 1865 1023 1895; x_wconf 89' lang='lat' dir='ltr'>aut</span> <span class='ocrx_word' id='word_1_226' title='bbox 1054 1856 1224 1895; x_wconf 87' lang='lat' dir='ltr'>levitatis</span> <span class='ocrx_word' id='word_1_227' title='bbox 1256 1855 1337 1894; x_wconf 90' lang='lat' dir='ltr'>ulla</span> <span class='ocrx_word' id='word_1_228' title='bbox 1368 1854 1564 1908; x_wconf 85' lang='lat' dir='ltr'>suspicio;</span> <span class='ocrx_word' id='word_1_229' title='bbox 1597 1867 1667 1892; x_wconf 90' lang='lat' dir='ltr'>nos</span> <span class='ocrx_word' id='word_1_230' title='bbox 1699 1867 1756 1899; x_wconf 77' lang='lat' dir='ltr'>ea,</span> <span class='ocrx_word' id='word_1_231' title='bbox 1788 1867 1876 1907; x_wconf 86' lang='lat' dir='ltr'>quae</span> 
     </span>
     <span class='ocr_line' id='line_1_26' title="bbox 482 1919 1878 1974; baseline -0.006 -8"><span class='ocrx_word' id='word_1_232' title='bbox 482 1925 682 1967; x_wconf 88' lang='lat' dir='ltr'>consecuti</span> <span class='ocrx_word' id='word_1_233' title='bbox 704 1924 852 1969; x_wconf 90' lang='lat' dir='ltr'>sumus,</span> <span class='ocrx_word' id='word_1_234' title='bbox 883 1922 946 1962; x_wconf 90' lang='lat' dir='ltr'>his</span> <span class='ocrx_word' id='word_1_235' title='bbox 978 1922 1113 1961; x_wconf 90' lang='lat' dir='ltr'>studiis</span> <span class='ocrx_word' id='word_1_236' title='bbox 1146 1931 1184 1961; x_wconf 89' lang='lat' dir='ltr'>et</span> <span class='ocrx_word' id='word_1_237' title='bbox 1215 1922 1364 1960; x_wconf 85' lang='lat' dir='ltr'>artibus</span> <span class='ocrx_word' id='word_1_238' title='bbox 1394 1920 1467 1959; x_wconf 81' lang='lat' dir='ltr'>effe</span> <span class='ocrx_word' id='word_1_239' title='bbox 1487 1920 1664 1974; x_wconf 86' lang='lat' dir='ltr'>adeptos,</span> <span class='ocrx_word' id='word_1_240' title='bbox 1695 1933 1781 1972; x_wconf 83' lang='lat' dir='ltr'>quae</span> <span class='ocrx_word' id='word_1_241' title='bbox 1803 1919 1878 1957; x_wconf 74' lang='lat' dir='ltr'>sint</span> 
     </span>
     <span class='ocr_line' id='line_1_27' title="bbox 485 1986 1876 2041; baseline -0.007 -9"><span class='ocrx_word' id='word_1_242' title='bbox 485 1993 598 2032; x_wconf 90' lang='lat' dir='ltr'>nobis</span> <span class='ocrx_word' id='word_1_243' title='bbox 622 1991 785 2031; x_wconf 87' lang='lat' dir='ltr'>Graeciae</span> <span class='ocrx_word' id='word_1_244' title='bbox 806 1989 1076 2029; x_wconf 89' lang='lat' dir='ltr'>monumentis</span> <span class='ocrx_word' id='word_1_245' title='bbox 1100 1987 1396 2041; x_wconf 87' lang='lat' dir='ltr'>disciplinisque</span> <span class='ocrx_word' id='word_1_246' title='bbox 1417 1987 1570 2025; x_wconf 84' lang='lat' dir='ltr'>tradita.</span> <span class='ocrx_word' id='word_1_247' title='bbox 1619 1986 1752 2037; x_wconf 83' lang='lat' dir='ltr'>Qare</span> <span class='ocrx_word' id='word_1_248' title='bbox 1776 1999 1876 2038; x_wconf 62' lang='lat' dir='ltr'>pra*-</span> 
     </span>
     <span class='ocr_line' id='line_1_28' title="bbox 486 2050 1880 2108; baseline -0.008 -9"><span class='ocrx_word' id='word_1_249' title='bbox 486 2070 543 2099; x_wconf 86' lang='lat' dir='ltr'>ter</span> <span class='ocrx_word' id='word_1_250' title='bbox 563 2070 820 2098; x_wconf 87' lang='lat' dir='ltr'>communem</span> <span class='ocrx_word' id='word_1_251' title='bbox 842 2055 977 2101; x_wconf 88' lang='lat' dir='ltr'>fidem,</span> <span class='ocrx_word' id='word_1_252' title='bbox 1005 2068 1092 2108; x_wconf 82' lang='lat' dir='ltr'>quae</span> <span class='ocrx_word' id='word_1_253' title='bbox 1112 2054 1299 2093; x_wconf 90' lang='lat' dir='ltr'>omnibus</span> <span class='ocrx_word' id='word_1_254' title='bbox 1321 2053 1500 2098; x_wconf 88' lang='lat' dir='ltr'>debetur,</span> <span class='ocrx_word' id='word_1_255' title='bbox 1523 2060 1705 2105; x_wconf 66' lang='lat' dir='ltr'>praeterea</span> <span class='ocrx_word' id='word_1_256' title='bbox 1725 2064 1794 2089; x_wconf 90' lang='lat' dir='ltr'>nos</span> <span class='ocrx_word' id='word_1_257' title='bbox 1817 2050 1880 2089; x_wconf 81' lang='lat' dir='ltr'>isti</span> 
     </span>
     <span class='ocr_line' id='line_1_29' title="bbox 485 2119 1877 2175; baseline -0.007 -12"><span class='ocrx_word' id='word_1_258' title='bbox 485 2126 698 2164; x_wconf 88' lang='lat' dir='ltr'>hominum</span> <span class='ocrx_word' id='word_1_259' title='bbox 718 2122 850 2175; x_wconf 87' lang='lat' dir='ltr'>generi</span> <span class='ocrx_word' id='word_1_260' title='bbox 882 2121 1076 2175; x_wconf 81' lang='lat' dir='ltr'>praecipue</span> <span class='ocrx_word' id='word_1_261' title='bbox 1097 2120 1237 2158; x_wconf 86' lang='lat' dir='ltr'>debere</span> <span class='ocrx_word' id='word_1_262' title='bbox 1257 2119 1452 2164; x_wconf 80' lang='lat' dir='ltr'>videmur,</span> <span class='ocrx_word' id='word_1_263' title='bbox 1486 2128 1544 2163; x_wconf 89' lang='lat' dir='ltr'>ut,</span> <span class='ocrx_word' id='word_1_264' title='bbox 1575 2130 1748 2171; x_wconf 89' lang='lat' dir='ltr'>quorum</span> <span class='ocrx_word' id='word_1_265' title='bbox 1778 2131 1877 2169; x_wconf 79' lang='lat' dir='ltr'>prae-</span> 
     </span>
     <span class='ocr_line' id='line_1_30' title="bbox 487 2182 1878 2245; baseline -0.007 -15"><span class='ocrx_word' id='word_1_266' title='bbox 487 2191 611 2245; x_wconf 86' lang='lat' dir='ltr'>ceptis</span> <span class='ocrx_word' id='word_1_267' title='bbox 634 2189 766 2228; x_wconf 86' lang='lat' dir='ltr'>sumus</span> <span class='ocrx_word' id='word_1_268' title='bbox 787 2188 947 2234; x_wconf 88' lang='lat' dir='ltr'>eruditi,</span> <span class='ocrx_word' id='word_1_269' title='bbox 978 2186 1081 2241; x_wconf 84' lang='lat' dir='ltr'>apud</span> <span class='ocrx_word' id='word_1_270' title='bbox 1102 2200 1166 2226; x_wconf 88' lang='lat' dir='ltr'>eos</span> <span class='ocrx_word' id='word_1_271' title='bbox 1189 2185 1306 2241; x_wconf 88' lang='lat' dir='ltr'>ipsos,</span> <span class='ocrx_word' id='word_1_272' title='bbox 1338 2184 1446 2238; x_wconf 89' lang='lat' dir='ltr'>quod</span> <span class='ocrx_word' id='word_1_273' title='bbox 1466 2185 1513 2223; x_wconf 86' lang='lat' dir='ltr'>ab</span> <span class='ocrx_word' id='word_1_274' title='bbox 1535 2184 1582 2222; x_wconf 88' lang='lat' dir='ltr'>iis</span> <span class='ocrx_word' id='word_1_275' title='bbox 1604 2182 1878 2227; x_wconf 87' lang='lat' dir='ltr'>didicerimus,</span> 
     </span>
     <span class='ocr_line' id='line_1_31' title="bbox 484 2258 915 2309; baseline -0.012 -12"><span class='ocrx_word' id='word_1_276' title='bbox 484 2258 652 2297; x_wconf 83' lang='lat' dir='ltr'>velimus</span> <span class='ocrx_word' id='word_1_277' title='bbox 673 2268 915 2309; x_wconf 89' lang='lat' dir='ltr'>expromere.</span> 
     </span>
    </p>

    <p class='ocr_par' dir='ltr' id='par_1_5' title="bbox 486 2314 1881 2569">
     <span class='ocr_line' id='line_1_32' title="bbox 542 2314 1878 2374; baseline -0.007 -13"><span class='ocrx_word' id='word_1_278' title='bbox 542 2323 594 2362; x_wconf 89' lang='lat' dir='ltr'>X.</span> <span class='ocrx_word' id='word_1_279' title='bbox 628 2324 763 2374; x_wconf 86' lang='lat' dir='ltr'>Atque</span> <span class='ocrx_word' id='word_1_280' title='bbox 795 2320 862 2359; x_wconf 88' lang='lat' dir='ltr'>ille</span> <span class='ocrx_word' id='word_1_281' title='bbox 892 2319 1054 2373; x_wconf 89' lang='lat' dir='ltr'>quidem</span> <span class='ocrx_word' id='word_1_282' title='bbox 1075 2319 1258 2373; x_wconf 85' lang='lat' dir='ltr'>princeps</span> <span class='ocrx_word' id='word_1_283' title='bbox 1287 2317 1436 2371; x_wconf 83' lang='lat' dir='ltr'>ingenii</span> <span class='ocrx_word' id='word_1_284' title='bbox 1466 2326 1505 2355; x_wconf 89' lang='lat' dir='ltr'>et</span> <span class='ocrx_word' id='word_1_285' title='bbox 1535 2315 1719 2354; x_wconf 61' lang='lat' dir='ltr'>docti-inte</span> <span class='ocrx_word' id='word_1_286' title='bbox 1749 2314 1878 2359; x_wconf 76' lang='lat' dir='ltr'>Plato,</span> 
     </span>
     <span class='ocr_line' id='line_1_33' title="bbox 486 2380 1880 2440; baseline -0.007 -12"><span class='ocrx_word' id='word_1_287' title='bbox 486 2399 574 2428; x_wconf 87' lang='lat' dir='ltr'>tum</span> <span class='ocrx_word' id='word_1_288' title='bbox 604 2388 773 2440; x_wconf 87' lang='lat' dir='ltr'>denique</span> <span class='ocrx_word' id='word_1_289' title='bbox 803 2386 886 2425; x_wconf 86' lang='lat' dir='ltr'>sore</span> <span class='ocrx_word' id='word_1_290' title='bbox 917 2387 1044 2424; x_wconf 81' lang='lat' dir='ltr'>beatas</span> <span class='ocrx_word' id='word_1_291' title='bbox 1076 2385 1312 2439; x_wconf 82' lang='lat' dir='ltr'>respublicas</span> <span class='ocrx_word' id='word_1_292' title='bbox 1344 2383 1511 2437; x_wconf 84' lang='lat' dir='ltr'>putavit,</span> <span class='ocrx_word' id='word_1_293' title='bbox 1545 2383 1568 2420; x_wconf 76' lang='lat' dir='ltr'>si</span> <span class='ocrx_word' id='word_1_294' title='bbox 1600 2392 1665 2420; x_wconf 85' lang='lat' dir='ltr'>aut</span> <span class='ocrx_word' id='word_1_295' title='bbox 1696 2380 1800 2419; x_wconf 57' lang='lat' dir='ltr'>docti</span> <span class='ocrx_word' id='word_1_296' title='bbox 1834 2393 1880 2418; x_wconf 85' lang='lat' dir='ltr'>ac</span> 
     </span>
     <span class='ocr_line' id='line_1_34' title="bbox 488 2449 1878 2508; baseline -0.008 -14"><span class='ocrx_word' id='word_1_297' title='bbox 488 2455 675 2508; x_wconf 82' lang='lat' dir='ltr'>sapientes</span> <span class='ocrx_word' id='word_1_298' title='bbox 698 2452 879 2492; x_wconf 78' lang='lat' dir='ltr'>homines</span> <span class='ocrx_word' id='word_1_299' title='bbox 901 2466 960 2490; x_wconf 86' lang='lat' dir='ltr'>cas</span> <span class='ocrx_word' id='word_1_300' title='bbox 984 2466 1113 2505; x_wconf 85' lang='lat' dir='ltr'>regere</span> <span class='ocrx_word' id='word_1_301' title='bbox 1145 2450 1376 2505; x_wconf 74' lang='lat' dir='ltr'>coepisscnt3</span> <span class='ocrx_word' id='word_1_302' title='bbox 1410 2460 1474 2488; x_wconf 81' lang='lat' dir='ltr'>aut</span> <span class='ocrx_word' id='word_1_303' title='bbox 1508 2450 1550 2493; x_wconf 85' lang='lat' dir='ltr'>ii,</span> <span class='ocrx_word' id='word_1_304' title='bbox 1583 2449 1651 2501; x_wconf 86' lang='lat' dir='ltr'>qui</span> <span class='ocrx_word' id='word_1_305' title='bbox 1685 2454 1878 2501; x_wconf 79' lang='lat' dir='ltr'>regerent,</span> 
     </span>
     <span class='ocr_line' id='line_1_35' title="bbox 486 2510 1881 2569; baseline -0.008 -10"><span class='ocrx_word' id='word_1_306' title='bbox 486 2534 603 2560; x_wconf 85' lang='lat' dir='ltr'>omne</span> <span class='ocrx_word' id='word_1_307' title='bbox 627 2519 737 2558; x_wconf 87' lang='lat' dir='ltr'>suum</span> <span class='ocrx_word' id='word_1_308' title='bbox 760 2518 929 2557; x_wconf 80' lang='lat' dir='ltr'>studium</span> <span class='ocrx_word' id='word_1_309' title='bbox 953 2518 992 2556; x_wconf 87' lang='lat' dir='ltr'>in</span> <span class='ocrx_word' id='word_1_310' title='bbox 1011 2518 1185 2556; x_wconf 55' lang='lat' dir='ltr'>doctrina</span> <span class='ocrx_word' id='word_1_311' title='bbox 1201 2531 1243 2556; x_wconf 80' lang='lat' dir='ltr'>ac</span> <span class='ocrx_word' id='word_1_312' title='bbox 1266 2515 1450 2569; x_wconf 75' lang='lat' dir='ltr'>sapientia</span> <span class='ocrx_word' id='word_1_313' title='bbox 1466 2513 1730 2554; x_wconf 78' lang='lat' dir='ltr'>collocaffcnt.</span> <span class='ocrx_word' id='word_1_314' title='bbox 1763 2510 1881 2550; x_wconf 81' lang='lat' dir='ltr'>Hanc</span> 
     </span>
    </p>
   </div>
  </div>
 </body>
</html>
