2335 3009
603 227 703 266 AD
761 226 1275 267 HERENNIUM
1333 230 1467 269 LIB.

387 323 534 358 aliorum
561 322 739 358 laboribus
768 322 875 357 libare
906 322 1055 357 laudem.

386 371 480 405 Nam
509 371 532 406 fi
561 383 680 406 eorum
707 371 886 405 volumina
914 371 1055 418 prehen-

385 419 497 454 derint
515 419 648 465 antiqui
666 428 815 454 oratores
832 429 865 453 et
884 429 1008 466 poetae,
1023 430 1057 454 et

385 467 484 502 suum
503 467 648 514 quisque
674 467 716 501 de
740 467 835 502 libris
862 467 1055 508 sustulerit·,

384 515 470 550 nihil
496 515 576 557 istis,
602 516 699 562 quod
727 515 826 550 suurn
858 516 977 558 velint,
1005 528 1054 551 re-

384 563 572 610 linquetur.
625 565 677 598 At
693 565 862 611 exempla,
889 565 1055 611 quoniam

385 612 660 647 testimoniorum
691 612 812 648 fimilia
846 613 935 655 sunt,
975 613 1056 648 item

384 661 559 703 convenit,
586 670 626 696 ut
651 661 856 703 testimonia,
883 662 927 695 ab
945 662 1056 696 homi-

384 709 487 744 nibus
505 709 744 756 probatissimis
762 710 859 745 sumi.
896 710 1055 745 Primum

383 758 541 793 omnium
575 759 736 806 exempla
776 769 956 806 ponuntur
1000 759 1053 794 hic

384 818 454 841 non
471 807 711 850 confirmandi,
724 819 834 854 neque
852 807 1052 842 testificandi

385 855 501 897 causa,
543 855 599 890 sed
641 856 906 890 demonstrandi.
969 857 1055 892 Non

385 903 476 938 enim
505 915 587 938 cum
616 904 764 939 dicimus
782 905 846 939 effe
863 905 1054 939 exornatio-

386 964 478 994 nem,
504 964 600 1000 quae,
624 953 719 987 verbi
738 953 848 995 causa,
867 953 996 988 constet
1013 966 1055 988 ex

387 1000 540 1036 similiter
555 1001 786 1036 desinentibus
803 1001 930 1043 verbis,
940 1012 974 1036 et
991 1014 1055 1049 po·

386 1049 501 1084 nimus
540 1049 605 1084 hoc
638 1050 837 1096 exemplum
871 1062 890 1084 a
925 1050 1054 1092 Crasso,

385 1098 495 1143 quibus
506 1097 658 1145 pofficmus
675 1107 705 1133 et
722 1098 871 1140 debemus,
899 1110 967 1133 non
994 1099 1055 1134 tes-

386 1146 573 1181 timonium
600 1147 824 1189 collocamus,
851 1146 908 1182 sed
942 1159 1055 1182 exem-

386 1195 497 1240 plum.
518 1195 628 1230 Hoc
621 1195 727 1242 igitur
745 1195 903 1230 interest
895 1205 981 1230 inter
997 1208 1055 1230 ex-

384 1245 542 1290 emplum
558 1254 591 1278 et
609 1243 860 1278 testimonium:
880 1243 1055 1291 Exemplo

385 1291 637 1326 demonstratur
672 1293 718 1333 id,
762 1292 859 1338 quod
893 1292 1055 1334 dicimus,

385 1338 578 1386 cujusmodi
614 1340 676 1375 sit:
722 1340 951 1382 Testimonio,
992 1341 1056 1376 effe

387 1388 475 1423 illud
500 1388 558 1431 ita,
586 1398 626 1424 ut
653 1400 714 1424 nos
741 1388 902 1432 dicimus,
929 1389 1055 1423 confir-

385 1447 511 1472 matur.
564 1437 734 1472 Praeterea
749 1446 887 1484 oportet
904 1437 1055 1472 testimo-

385 1485 484 1520 nium
519 1497 600 1522 cum
636 1498 671 1521 re
704 1485 909 1522 convenire:
960 1486 1057 1522 aliter

384 1534 477 1569 enim
509 1547 579 1569 rem
608 1546 677 1570 non
704 1534 815 1582 potest
841 1535 1054 1570 confirmare.

386 1583 440 1617 At
463 1583 511 1626 id,
536 1583 633 1630 quod
662 1583 711 1618 illi
739 1582 885 1626 faciunt,
911 1595 993 1619 cum
1022 1596 1056 1619 re

385 1643 456 1667 non
490 1631 662 1668 convenit.
715 1631 816 1678 Quid
859 1632 933 1667 ita?
973 1632 1057 1680 quia

385 1680 596 1727 pollicentur
628 1690 735 1715 artem
768 1680 800 1715 se
832 1680 986 1723 scribere,
1022 1690 1056 1716 et

385 1729 555 1783 exempla
561 1727 742 1776 proferunt
767 1729 810 1763 ab
839 1730 878 1765 iis
903 1727 1056 1777 plerum-

385 1789 467 1831 que,
494 1777 556 1825 qui
575 1787 680 1812 artem
708 1776 906 1813 nescierunt.
959 1779 1056 1813 Tum

386 1838 466 1872 quis
492 1826 552 1868 est,
590 1827 652 1873 qui
684 1828 785 1874 poffit
816 1827 862 1869 id,
889 1827 985 1874 quod
1015 1827 1058 1861 de

387 1884 457 1909 arte
495 1875 671 1922 scripserit,
718 1876 956 1922 comprobare,
997 1875 1055 1910 nisi

386 1923 519 1976 aliquid
536 1924 659 1959 scribat
672 1935 714 1958 ex
732 1925 827 1958 arte?
857 1925 1057 1970 Contraque

387 1970 532 2015 faciunt,
558 1983 665 2020 quam
696 1972 852 2019 polliceri
882 1972 1055 2008 videntur.

388 2020 483 2055 Nam
505 2033 587 2056 cum
615 2021 758 2056 scribere
786 2031 893 2056 artem
923 2021 1055 2055 institu-

389 2078 464 2112 unt,
488 2069 648 2104 videntur
663 2069 774 2104 dicere
792 2069 822 2104 se
838 2069 1055 2117 excogitasse,

388 2117 486 2163 quod
519 2117 603 2153 alios
634 2118 820 2160 docerent;
857 2130 939 2153 cum
976 2130 1057 2153 vero

389 2165 553 2208 scribunt,
589 2166 775 2202 ostendunt
809 2167 921 2209 nobis,
970 2167 1057 2214 quid

387 2213 445 2247 alii
462 2214 699 2262 excogitarint.

440 2262 502 2298 IV.
528 2263 589 2298 Ad
610 2263 708 2298 hoc
699 2276 735 2310 lp
738 2262 811 2298 sum
841 2263 981 2299 difficile
997 2264 1057 2305 est,

391 2309 568 2357 inquiunt,
592 2276 735 2358 eligerep
731 2312 773 2347 de
791 2313 920 2348 multis.
957 2313 1059 2359 Quid

390 2358 504 2393 dicitis
534 2359 702 2394 difficile?
749 2370 867 2395 utrum
910 2361 1058 2396 laborio-

391 2407 478 2450 sum,
505 2418 547 2441 an
575 2407 821 2443 artificiosum?
850 2409 885 2444 Si
914 2409 1060 2444 laborio-

391 2455 479 2499 sum,
506 2467 574 2492 non
592 2455 703 2493 statim
721 2457 939 2504 praeclarum.
969 2459 1060 2494 Sunt

1514 232 1587 270 IV.
1709 247 1754 285 19
1762 248 1782 287 ς

1106 322 1198 357 enim
1227 323 1337 358 multa
1365 324 1542 367 laboriosa,
1569 337 1650 371 quae
1677 326 1700 360 s1
1726 325 1777 360 fa-

1107 371 1218 414 ciatis,
1255 383 1324 407 non
1361 374 1528 408 continuo
1557 375 1773 420 gloriemini.

1108 419 1167 454 nisl
1185 419 1274 454 forte
1290 421 1404 462 etiam,
1433 421 1456 455 si
1474 422 1583 456 vestra
1600 435 1706 457 manu
1725 422 1775 456 fa-

1108 467 1207 502 bulas
1224 478 1283 502 aut
1301 469 1468 504 orationes
1487 480 1574 505 totas
1594 471 1774 517 transcrip

1106 516 1232 558 sufetis,
1268 516 1455 563 gloriosum
1487 520 1662 564 putaretis.
1715 520 1774 553 Sin

1106 575 1220 599 autem
1259 565 1348 599 istud
1383 565 1566 601 artificium
1597 567 1773 613 egregium

1106 613 1244 654 dicitis;
1280 613 1404 655 videte,
1444 626 1485 648 ne
1515 614 1634 649 insueti
1662 627 1775 650 rerum

1107 661 1277 708 majorum
1308 662 1503 704 videamini,
1530 663 1554 697 s1
1575 675 1637 697 vos
1669 675 1774 710 parva

1105 722 1168 752 res,
1196 710 1294 745 sicuti
1311 723 1450 757 magna,
1475 711 1630 746 delecstat.
1680 712 1772 746 Nam

1104 758 1167 794 isto
1201 759 1307 794 modo
1343 759 1467 806 eligere
1504 760 1598 794 rudis
1632 760 1774 806 quidem

1104 819 1205 842 nemo
1222 807 1345 855 potest,
1371 808 1426 842 sed
1450 808 1518 843 fine
1544 807 1678 843 summo
1695 809 1773 842 arti-

1107 856 1187 891 ficio
1204 856 1317 891 multi.
1363 856 1531 904 Qiisquis
1548 857 1639 892 enim
1657 857 1773 891 audie-

1107 904 1150 939 rit
1178 905 1221 939 de
1248 914 1318 939 arte
1345 905 1451 952 paulo
1479 905 1572 952 plus,
1599 905 1632 939 in
1658 905 1775 939 elocu-

1106 953 1199 987 tione
1215 952 1415 1000 praesertim‚
1441 954 1558 988 omnia
1576 953 1689 988 videre
1713 966 1773 1000 po-

1107 1002 1196 1043 terit,
1215 1013 1297 1049 quae
1314 1014 1356 1036 ex
1372 1011 1442 1036 arte
1459 1002 1646 1043 dicuntur;
1666 1001 1775 1036 facere

1106 1062 1208 1085 nemo
1243 1051 1380 1095 poterit,
1408 1050 1468 1085 nist
1502 1050 1669 1085 eruditus.
1722 1051 1775 1085 Ita

1105 1108 1157 1140 ut,
1185 1099 1208 1133 s1
1222 1099 1264 1133 de
1281 1099 1459 1145 tragoediis
1478 1099 1583 1134 Ennii
1601 1099 1686 1134 velis
1703 1098 1773 1133 sen-

1106 1147 1226 1182 tentias
1251 1147 1387 1194 eligere,
1414 1157 1473 1182 aut
1499 1147 1541 1182 de
1569 1148 1775 1182 Pacuvianis

1103 1196 1276 1242 periodos,
1303 1196 1386 1242 quia
1413 1196 1515 1242 plane
1544 1197 1638 1230 rudis
1665 1196 1698 1230 id
1724 1195 1776 1230 fa-

1106 1256 1180 1278 cere
1198 1256 1298 1278 nemo
1317 1245 1454 1291 poterit,
1481 1256 1562 1279 cum
1585 1243 1715 1285 feceris,
1743 1254 1776 1279 te

1107 1292 1366 1326 literatissimum
1395 1302 1508 1339 putes,
1540 1292 1677 1339 ineptus
1706 1293 1774 1333 sis-,

1105 1350 1287 1394 propterea
1319 1341 1417 1387 quod
1459 1340 1493 1375 id
1531 1339 1632 1375 facile
1672 1339 1777 1375 faciat

1105 1388 1222 1435 quivis
1247 1388 1464 1423 mediocriter
1489 1389 1665 1424 literatus.
1694 1389 1775 1424 item

1106 1438 1143 1480 fi,
1170 1448 1251 1472 cum
1269 1449 1312 1472 ex
1328 1436 1542 1472 mationibus
1561 1447 1620 1472 aut
1636 1449 1777 1485 poema-

1105 1486 1150 1521 tis
1179 1485 1319 1533 elegeris
1353 1485 1522 1533 exempla,
1560 1497 1642 1533 quae
1676 1486 1776 1521 certis

1107 1535 1209 1581 signis
1242 1533 1376 1569 artificii
1417 1544 1533 1569 notata
1565 1534 1655 1577 sunt,
1693 1534 1777 1582 quia

1106 1583 1200 1618 rudis
1229 1583 1263 1617 id
1289 1595 1389 1618 nemo
1404 1582 1514 1618 facere
1530 1585 1644 1630 point,
1670 1584 1774 1618 artifi-

1106 1631 1284 1667 ciofiffime
1310 1642 1343 1666 te
1375 1630 1487 1666 fecisse
1521 1642 1634 1679 putes,
1659 1644 1774 1674 erres;

1106 1690 1285 1728 propterea
1303 1681 1399 1727 quod
1419 1680 1480 1715 isto
1505 1681 1600 1727 [igno
1617 1680 1775 1716 videmus

1106 1739 1139 1764 te
1156 1729 1311 1764 nonnihil
1328 1728 1400 1774 ejus
1433 1729 1540 1771 scire3
1568 1729 1642 1764 aliis
1673 1729 1775 1776 signis

1107 1778 1218 1812 multa
1235 1777 1314 1812 scire
1333 1777 1566 1824 intelligimus.
1620 1778 1730 1825 Qiod
1752 1777 1775 1812 sl

1107 1826 1327 1861 artificiosum
1369 1825 1416 1860 est
1467 1826 1652 1873 intelligere
1693 1837 1775 1872 quae

1107 1875 1184 1909 sunt
1199 1886 1241 1909 ex
1260 1885 1329 1909 arte
1347 1873 1481 1921 scripta,
1501 1875 1613 1909 multo
1630 1874 1677 1909 est
1696 1874 1773 1909 arti-

1106 1923 1268 1964 ficiosms,
1305 1923 1415 1970 ipsum
1449 1922 1590 1958 scribere
1619 1935 1662 1957 ex
1693 1934 1772 1958 arte.

1107 1972 1183 2020 Qi
1225 1972 1315 2006 enim
1352 1971 1466 2006 scribit
1501 1971 1688 2015 artificiose,
1731 1972 1775 2006 ab

1105 2021 1179 2055 aliis
1197 2021 1379 2055 commode
1397 2019 1520 2067 scripta
1536 2018 1636 2055 facile
1653 2020 1774 2055 intelli-

1105 2080 1183 2116 gere
1191 2068 1348 2122 'poteritz
1377 2081 1438 2116 qui
1455 2069 1558 2115 eliget
1576 2068 1687 2111 facile,
1707 2081 1775 2104 non

1104 2117 1272 2152 continuo
1314 2116 1382 2164 ipse
1424 2118 1606 2152 commode
1648 2117 1773 2152 scribit.

1106 2166 1166 2209 Et,
1202 2166 1226 2201 sl
1260 2165 1307 2201 est
1340 2165 1488 2200 maxime
1526 2165 1773 2207 artificiosum;

1107 2215 1174 2250 alio
1191 2225 1345 2262 tempore
1363 2224 1503 2249 utantur
1531 2225 1570 2248 ea
1598 2213 1773 2256 facultate,

1108 2276 1176 2298 non
1196 2274 1283 2303 turn,
1310 2275 1392 2297 cum
1409 2274 1525 2310 parere
1542 2262 1616 2309 ipsi,
1642 2271 1677 2296 et
1698 2261 1773 2310 gig-

1108 2324 1197 2354 nere,
1233 2322 1266 2346 et
1312 2310 1477 2358 proferre,
1519 2310 1657 2345 debent.
1708 2313 1774 2346 Po-

1109 2360 1245 2401 stremo,
1275 2359 1306 2394 in
1325 2372 1366 2394 eo
1398 2371 1468 2393 Vim
1495 2358 1626 2394 artificii
1655 2358 1775 2394 consu-

1109 2419 1217 2450 mant,
1244 2418 1284 2443 ut
1315 2407 1374 2455 ipsi
1402 2407 1446 2441 ab
1475 2406 1548 2442 aliis
1572 2406 1689 2454 potius
1716 2407 1776 2442 eli-

1109 2457 1339 2505 gendi,quam
1351 2454 1497 2490 aliorum
1511 2455 1592 2491 boni
1605 2455 1778 2499 eleetores,

1342 2546 1482 2586 Bbz
