2335 3009
595 236 690 276 AD
747 235 815 287 Q
863 233 1228 274 FRATREM
1285 234 1420 276 ΜΒ.
1470 237 1528 277 n.
1704 249 1760 290 49

363 334 482 373 habes
502 335 516 373 ?
547 334 636 385 Ego
657 342 694 371 te
714 332 898 378 libenter,
925 340 969 370 ut
989 345 1116 386 rogas,
1137 333 1284 386 quibus
1305 333 1421 371 rebus
1442 332 1516 378 vis,
1547 332 1755 385 adjuvabo,

364 410 404 439 et
423 400 498 439 tibi
518 398 662 444 versus,
693 411 792 450 quos
814 410 941 450 rogas,
971 394 1103 445 γλαῦκ’
1120 398 1161 436 εἰς
1181 394 1323 444 Ἀθήνας,
1354 398 1528 436 mittam,
1567 398 1640 436 Sed
1661 397 1757 436 heus

365 475 424 511 tu,
455 464 571 504 celari
602 464 736 503 videor
766 478 788 502 a
818 473 871 503 te.
918 461 1243 515 Qomodonam‚
1280 465 1337 502 mi
1372 463 1504 509 frater,
1536 463 1583 501 de
1618 464 1756 502 nostris

362 531 533 570 verfibus
556 531 713 569 Caesar?
746 544 837 569 nam
858 530 1034 583 primum
1055 528 1204 566 librum
1226 529 1262 567 se
1283 529 1415 582 legisse
1446 529 1594 582 scrIpfit
1621 530 1667 567 ad
1695 543 1758 568 me

362 606 481 635 ante:
512 606 551 635 et
580 596 708 649 prima
737 596 803 641 fic,
842 605 886 634 ut
916 603 1032 647 neget
1062 593 1117 639 se,
1145 607 1193 632 ne
1215 596 1354 634 Graeca
1383 593 1562 647 quidem,
1596 595 1759 632 meliora

362 661 494 715 legisse
512 677 522 701 ι
554 662 705 714 reliqua
725 661 771 699 ad
792 661 989 714 quendam
1010 659 1145 698 locum
1169 657 1417 714 ῥαθυμώτεξοιι
1450 659 1527 698 hoc
1548 661 1655 697 enim
1677 660 1758 697 uti-

364 737 428 766 tur
447 727 582 766 verbo.
629 728 708 766 Dic
740 727 843 766 mihi
874 740 1026 772 verum,
1057 739 1155 763 num
1176 734 1243 763 aut
1269 738 1326 764 res
1348 739 1455 770 eum,
1487 734 1552 763 aut
1571 720 1758 777 χαρακτῆρ,

365 807 445 832 non
467 793 631 831 deleemt
650 794 663 831 ?
696 792 814 832 Nihil
847 792 901 831 est
932 792 1040 846 quod
1060 804 1211 830 vereare
1230 806 1239 830 :
1272 805 1345 844 ego
1366 793 1472 830 enim
1494 805 1541 829 ne
1562 789 1646 844 pilo
1666 790 1759 843 qui-

366 859 455 898 dem
487 859 620 897 minus
653 872 717 897 me
751 859 907 898 amabo.
952 859 1043 897 Hac
1076 857 1123 895 de
1155 870 1195 895 re
1226 855 1452 905 φιλαλήθως,
1483 866 1536 903 et,
1568 865 1613 895 ut
1644 856 1763 902 soles,

365 925 489 964 scribe
509 923 695 964 fraterne.

458 2432 602 2470 Tou.
632 2430 709 2471 lx,
1428 2427 1464 2466 G
