2335 3009
724 213 1323 255 FRAGMENTA,

329 317 627 370 Hippocrenaeum
646 315 742 354 nobis
760 314 894 367 doncff’
912 315 1078 369 liquorem
1092 329 1107 352 .·

329 380 431 421 ‘Tunc
448 382 598 421 nondum
617 381 732 421 Aonii
745 380 908 420 maduere
927 381 1089 419 virentia
1107 381 1233 418 montis

327 447 504 487 Faecundo
523 448 628 487 latice
643 464 657 487 .·
688 456 730 486 ut
745 447 904 500 gener-qli
912 447 1036 499 prima
1055 445 1187 485 caballi

328 513 473 566 Ungula
491 513 635 552 humum
640 513 769 566 fl’riit’
786 513 903 566 simul
916 513 1037 565 ingens
1050 510 1312 564 prqfiliitsons‚

328 579 427 618 Unde
446 578 658 618 caballinum
670 579 787 632 prim‘i
803 579 964 618 vocitare
982 577 1126 616 bubulci
1138 593 1152 615 .·

324 645 391 683 Ille
410 645 545 698 quidem
552 645 698 698 stillans
715 660 734 683 e
737 645 844 698 suxis
862 644 1000 697 irrigat
1018 657 1126 696 agros

327 707 478 762 Thespia
497 720 600 749 terra
619 720 697 748 tuos
713 726 727 748 .·
745 709 818 763 std
833 711 959 763 Equus
971 718 1041 762 pro
1060 722 1204 747 munere
1221 716 1325 748 tanto

327 776 498 814 Exornat
515 775 640 828 magni
648 775 854 829 penetralia
872 774 989 814 lucida
1009 774 1100 814 cccli.

327 841 434 879 Exin
455 842 647 880 contortis
669 841 783 879 Aries
804 855 898 879 cum
919 841 1105 879 cornibus
1126 839 1262 885 haeret,

324 907 392 946 Ille
409 907 544 961 quidem
559 917 735 946 aeternum
753 907 870 960 longos
887 907 1051 959 agitatus
1070 905 1107 944 in
1126 905 1225 944 orbes

327 975 476 1026 Segnior
493 973 593 1013 haud
603 974 724 1013 currit
726 975 835 1027 signo
855 972 1086 1027 Cynosuridos
1104 971 1231 1016 Arb'z‘i,

327 1039 543 1092 Languidus
562 1040 789 1094 obscurusque
807 1050 940 1085 tamen,
970 1053 1031 1078 ceu
1050 1039 1137 1077 luna
1157 1037 1331 1077 retundat

327 1105 364 1143 F
365 1105 503 1144 lammae
521 1104 643 1150 aciem,
673 1103 912 1144 Andromedae
916 1105 961 1157 se
971 1112 1125 1157 propter
1143 1103 1286 1156 cingula
1305 1102 1441 1147 volvit,

327 1172 362 1209 E
384 1171 529 1224 quibus
551 1170 659 1209 hunc
680 1170 812 1210 subter
831 1170 945 1224 poffis
967 1169 1200 1222 cognoscere
1219 1169 1386 1208 fultum.

327 1237 417 1287 Jam
439 1237 524 1275 caeli
544 1237 714 1275 mediam
735 1245 886 1290 partem
907 1235 1014 1279 terit,
1045 1245 1090 1273 ut
1110 1236 1218 1288 prius
1239 1235 1317 1273 illae

329 1301 479 1347 Chelae,
511 1315 604 1340 cum
625 1304 760 1355 petitus
781 1301 888 1355 quod
909 1302 1084 1339 cernitur
1106 1301 1284 1339 Orionis.

327 1368 382 1406 Et
401 1381 523 1421 prope
543 1368 760 1421 conspicies
780 1381 944 1421 parvum
967 1367 1037 1405 sub
1058 1368 1213 1419 pectore
1233 1366 1338 1404 claro

326 1434 590 1473 Andromedae
611 1434 781 1487 fignum,
814 1434 1007 1473 Deltoton
1029 1434 1157 1472 dicere
1179 1431 1290 1472 Graii

328 1500 450 1552 Qod
470 1499 590 1545 soliti,
622 1500 740 1538 simili
759 1500 852 1552 quia
872 1499 1000 1538 forma
1020 1499 1132 1538 litera
1151 1498 1296 1537 claret:

327 1565 441 1603 Huic
462 1565 585 1618 spatio
605 1565 769 1604 ductum
790 1566 908 1604 fimili
928 1565 1029 1604 latus
1049 1574 1157 1604 extat
1177 1574 1408 1617 utrumque.

327 1632 384 1669 At
404 1645 483 1670 non
506 1631 618 1670 tertia
637 1645 724 1684 pars
745 1631 901 1671 lateris:
934 1645 1105 1685 namque
1125 1631 1178 1670 est
1198 1631 1330 1670 minor
1349 1629 1445 1675 illis,

328 1696 401 1734 Sed
421 1696 540 1735 stellis
562 1698 680 1750 longe
700 1697 823 1736 densis
844 1697 1026 1751 praeclara
1045 1697 1208 1735 relucet.

327 1761 496 1800 Inferior
516 1762 633 1816 paulo
653 1762 707 1801 est
727 1764 856 1809 Aries,
888 1772 927 1801 et
947 1763 1089 1801 flamen
1111 1761 1158 1800 ad
1179 1761 1313 1800 Austri

327 1827 573 1873 Inclinatior,
605 1837 721 1880 atque
741 1829 859 1866 etiam
879 1827 1152 1867 vehementius
1174 1826 1246 1865 illo

328 1893 470 1939 Pisces,
501 1907 671 1946 quorum
692 1894 789 1932 alter
808 1894 926 1947 paulo
946 1893 1172 1947 praelabitur
1191 1901 1295 1937 ante,

328 1959 381 1997 Et
402 1961 526 2012 magis
546 1959 760 1998 horrisonis
781 1959 994 2012 Aquilonis
1016 1959 1191 2011 tangitur
1210 1958 1280 1996 alis
1300 1971 1309 1996 :

328 2027 461 2077 Atque
480 2025 625 2064 horum
646 2039 666 2063 e
686 2025 819 2064 caudis
841 2025 1018 2079 duplices
1039 2024 1146 2063 velut
1166 2023 1238 2062 effe
1259 2033 1404 2062 catenae

329 2090 530 2129 Dicuntur
548 2107 557 2129 :
590 2091 655 2129 sua
675 2090 831 2130 diversae
850 2105 919 2144 per
939 2091 1092 2129 lumina
1112 2090 1298 2143 serpunt;

326 2157 461 2208 Atque
481 2169 557 2194 una
577 2155 735 2195 tandem
756 2156 797 2194 in
818 2156 926 2194 stella
945 2156 1214 2195 communiter
1234 2154 1398 2200 haerent‚

327 2221 460 2272 Qam
481 2221 639 2260 Veteres
661 2222 766 2261 soliti
786 2222 976 2261 caelestem
997 2222 1125 2260 dicere
1144 2221 1328 2261 Nodum.

326 2286 589 2326 Andromedae
609 2288 705 2327 laevo
725 2302 773 2327 ex
793 2288 960 2327 humero
981 2289 1007 2327 fi
1028 2301 1198 2341 quaerere
1218 2299 1370 2340 perges,

326 2352 563 2405 Appositum
584 2354 729 2405 poteris
751 2354 885 2407 supera
905 2354 1138 2408 cognoscere
1159 2353 1320 2406 piscem.

328 2419 361 2456 E
383 2417 565 2470 pedibus,
596 2426 733 2457 natum
755 2418 910 2458 summo
929 2421 1028 2471 Jove
1048 2418 1182 2457 Persea
1202 2417 1314 2462 vises,

323 2485 437 2536 Qos
459 2481 634 2521 humeris
656 2484 798 2523 retinet
817 2483 948 2524 defixo
968 2497 1131 2537 corpore
1153 2483 1311 2522 Perseus
1329 2501 1341 2527 ;

406 2550 473 2588 To
488 2562 541 2588 M.
576 2549 651 2589 ΙΧ.
1373 2548 1439 2601 Q

1647 232 1715 258 121

1639 525 1715 564 225

1639 851 1717 892 230

1641 1179 1717 1221 235

1636 1508 1718 1546 240

1636 1835 1715 1876 245
