2335 3009
510 200 562 254 78
967 194 1452 235 EPISTOLAE

912 431 1155 470 C1c1zno
1202 430 1415 468 BRuTo
1461 429 1499 467 S.

510 561 628 601 VIII.
654 559 746 634 M
763 561 804 599 U
821 560 902 598 LT
921 560 958 597 Ο
977 560 999 597 S
1031 558 1105 596 tibi
1126 556 1416 602 commendavi,
1447 565 1486 594 et
1507 555 1800 603 commendem,
1830 571 1903 596 ne-

768 624 864 664 cesse
884 623 951 662 est.
991 624 1181 676 Optimus
1203 623 1310 660 enim
1330 622 1495 675 quisque
1515 623 1574 660 vir
1594 632 1633 660 et
1652 622 1751 660 civis
1772 624 1901 662 maxi-

509 704 574 730 me
596 691 770 744 sequitur
785 690 987 742 judicium
1010 698 1139 733 tuum,
1171 688 1324 740 tibique
1356 700 1492 725 omnes
1524 687 1645 726 fortes
1668 687 1740 726 viri
1766 700 1905 726 navare

509 770 670 809 operam
691 766 729 794 et
750 755 922 794 studium
944 753 1112 798 volunt;
1145 766 1216 791 nec
1247 752 1455 805 quisquam
1475 752 1542 798 est,
1574 754 1671 805 quin
1694 753 1748 790 ita
1767 752 1900 792 existi-

510 831 607 867 met,
640 835 767 860 meam
798 820 902 872 apud
935 828 972 857 te
1003 828 1042 857 et
1072 819 1238 871 gratiam
1267 827 1306 856 et
1332 818 1603 857 auftoritatem
1626 819 1750 856 valere
1772 818 1902 871 pluri-

510 901 639 926 mum.
687 887 760 924 Sed
795 887 844 924 C.
882 885 1145 930 Nasennium‚
1186 884 1432 937 municipem
1467 884 1708 930 Suessanum,
1741 884 1815 922 tibi
1849 884 1904 923 ita

509 952 763 998 commendo,
795 960 839 990 ut
867 951 1067 989 neminem
1089 951 1335 1003 diligentius.
1383 951 1556 988 Cretenfi
1580 950 1699 995 bello,
1732 950 1903 988 Metello

510 1019 758 1071 imperatore,
790 1019 971 1055 octavum
1003 1017 1226 1069 principem
1257 1016 1398 1054 duxit:
1431 1016 1560 1068 postea
1590 1017 1630 1053 in
1654 1029 1692 1053 re
1713 1014 1900 1053 familiari

510 1092 724 1135 occupatus
746 1082 839 1120 fuit.
887 1083 980 1120 Hoc
1007 1091 1196 1134 tempore,
1228 1095 1321 1118 cum
1343 1081 1569 1132 reipublicae
1591 1080 1783 1132 partibus,
1816 1089 1904 1119 tum

511 1157 576 1185 tua
595 1147 807 1185 excellenti
828 1147 1035 1198 dignitate,
1067 1155 1309 1190 commotus,
1340 1145 1460 1183 vellet
1491 1159 1559 1198 per
1582 1155 1617 1183 te
1637 1145 1786 1196 aliquid
1807 1159 1902 1184 auc-

511 1213 679 1250 toritatis
713 1211 912 1250 assumere.
964 1212 1126 1249 Fortem
1161 1212 1312 1256 virum,
1358 1211 1493 1255 Brute,
1539 1211 1614 1248 tibi
1648 1211 1901 1257 commendo,

509 1278 615 1330 frugi
637 1277 858 1322 hominem,
879 1285 933 1321 et,
956 1276 981 1314 fi
1003 1276 1101 1328 quid
1121 1276 1168 1314 ad
1188 1290 1270 1314 rem
1292 1277 1477 1328 pertinet,
1505 1277 1622 1314 etiarn
1646 1276 1901 1328 locupletem.

510 1344 741 1395 Pergratum
763 1340 864 1381 mihi
886 1341 974 1385 erit,
1006 1341 1033 1379 fi
1053 1355 1145 1379 eum
1166 1342 1221 1380 ita
1241 1341 1428 1387 tractaris,
1460 1350 1505 1380 ut
1533 1341 1676 1380 merito
1705 1350 1773 1380 tuo
1800 1341 1902 1381 mihi

507 1409 650 1462 gratias
671 1421 782 1461 agere
803 1406 932 1461 poffit.
966 1406 1078 1446 Vale.

910 1610 1153 1647 C1CERo
1200 1608 1414 1647 BRUTO
1460 1608 1499 1647 S.

509 1736 583 1775 IX.
609 1734 997 1808 FUNGERER
1028 1737 1176 1781 officio,
1199 1751 1278 1789 quo
1300 1746 1342 1776 tu
1363 1736 1522 1776 functus
1544 1751 1582 1776 es
1605 1738 1644 1776 in
1667 1752 1754 1777 meo
1775 1737 1899 1784 luftu,

699 1811 816 1854 teque
836 1815 905 1854 per
925 1802 1055 1841 literas
1077 1802 1308 1847 consolarer,
1343 1803 1411 1841 nisi
1434 1803 1586 1849 scirem,
1618 1802 1679 1842 his
1702 1805 1900 1850 remediis,

508 1868 656 1920 quibus
678 1880 812 1906 meum
833 1866 1012 1906 dolorem
1034 1877 1076 1906 tu
1098 1867 1267 1913 levasses,
1288 1878 1323 1906 te
1344 1869 1384 1906 in
1408 1878 1476 1906 tuo
1497 1883 1575 1907 non
1597 1883 1709 1922 egere
1728 1885 1736 1908 :
1769 1884 1812 1908 ac
1834 1883 1900 1908 ve-

508 1932 581 1971 lim
611 1931 784 1977 facilius,
816 1945 936 1984 quam
968 1942 1063 1970 tunc
1093 1932 1211 1978 mihi,
1244 1947 1349 1972 nunc
1381 1934 1454 1972 tibi
1487 1944 1569 1973 tute
1600 1935 1789 1974 medeare.
1835 1935 1903 1974 Est

507 1998 615 2036 enim
637 1997 811 2036 alienum
833 2006 943 2036 tanto
964 1999 1063 2043 viro,
1095 2007 1139 2035 ut
1166 2011 1204 2036 es
1235 2008 1291 2043 tu,
1323 2000 1429 2051 quod
1457 2000 1567 2038 alteri
1589 2001 1829 2054 praeceperit,
1862 2001 1903 2039 id

507 2063 636 2116 ipsum
658 2063 784 2102 facere
806 2077 884 2102 non
907 2063 1024 2117 poss'e.
1058 2064 1129 2102 Me
1150 2064 1311 2117 quidem
1333 2080 1424 2104 cum
1448 2067 1631 2112 rationes,
1662 2080 1756 2119 quas
1778 2067 1903 2105 colle-

506 2143 631 2181 geras,
650 2137 735 2168 tum
758 2129 963 2167 auftoritas
983 2139 1048 2167 tua
1068 2143 1088 2167 a
1110 2130 1235 2168 nimio
1257 2145 1423 2169 moerore
1444 2132 1646 2170 deterruit.
1671 2134 1777 2170 Cum
1794 2133 1903 2171 enim

507 2194 670 2233 mollius
692 2193 766 2232 tibi
788 2192 887 2232 ferre
909 2194 1072 2240 viderer,
1095 2208 1213 2247 quam
1237 2195 1388 2234 deceret
1411 2197 1554 2242 virum,
1578 2197 1789 2249 praesertim
1810 2212 1903 2236 eum

507 2261 578 2313 qui
599 2261 694 2298 alios
716 2259 908 2298 consolari
930 2259 1065 2299 soleret
1084 2279 1094 2305 ς
1127 2261 1308 2299 accusasti
1336 2277 1397 2301 me
1420 2277 1486 2315 per
1508 2264 1636 2301 literas
1657 2264 1902 2316 gravioribus

508 2326 652 2371 verbis,
684 2338 802 2379 quam
830 2335 896 2364 tua
915 2326 1158 2365 consuetudo
1180 2326 1341 2366 ferebat.
1392 2330 1526 2381 Itaque
1554 2329 1753 2381 judicium
1787 2340 1904 2369 tuum

507 2392 643 2444 magni
674 2391 880 2438 aestimans,
912 2392 1032 2446 idque
1062 2393 1223 2439 veritus,
1256 2409 1318 2433 me
1349 2395 1428 2448 ipse
1456 2395 1627 2448 collegi:
1660 2407 1697 2434 et
1728 2410 1784 2441 ca,
1816 2410 1902 2449 qua:

503 2457 737 2504 didiceram,
769 2458 955 2512 legeram,
987 2473 1227 2513 acceperam,
1258 2461 1434 2514 graviora
1454 2461 1565 2508 duxi,
1590 2472 1654 2501 tua
1675 2461 1902 2502 auctoritate
