2241 2994
528 224 607 266 394

529 319 612 342 cum
631 307 759 342 virtute
786 307 818 342 iri
845 305 1033 341 Phalaridis
1060 316 1199 340 taurum

529 356 774 391 descensuram.
815 356 903 401 ‘Tusa
938 355 981 390 V.
1005 367 1062 399 31.

582 404 804 439 Rhetoricam
819 403 914 450 quasi
928 415 970 438 ex
985 403 1088 437 altera
1106 413 1201 450 parte

532 454 731 500 respondere
745 453 944 487 dialefficae.
985 454 1118 487 Orator.
1142 463 1198 497 32.

574 502 708 536 Tribus
721 502 752 536 in
765 502 946 547 generibus
958 513 1070 536 rerum
1083 501 1201 535 versari

533 550 677 586 rhetoris
704 550 883 591 officium·,
920 549 1202 589 demonstrativo,

532 599 770 642 deliberativo,
791 598 960 646 judiciali.
988 599 1025 633 de
1044 600 1204 635 Inventio-

531 660 580 683 ne.
602 648 629 683 1.
650 662 682 693 5.

584 697 623 732 In
642 696 867 732 deliberativo
882 696 983 730 finem
994 695 1057 730 effe
1076 694 1204 729 utilita-

534 755 616 781 tem.
641 746 676 780 de
695 747 806 779 lnven.
827 745 870 780 11.
891 756 940 788 51·

587 795 626 829 In
645 797 798 829 oratione
820 805 1014 833 numerum,
1042 804 1110 827 non
1130 804 1204 826 ver-

534 840 607 877 sum
627 844 690 877 effe
707 843 840 877 debere.
882 843 1012 876 Orator.
1037 853 1085 886 51.

586 893 661 939 Qii
680 891 782 939 pedes
802 891 953 926 servandi
972 890 1047 925 sint.
1071 890 1204 925 Orator.

537 952 595 988 57·

585 990 674 1025 Eam
708 989 870 1035 figuram,
915 999 1020 1034 quam
1057 987 1207 1021 rhetores

536 1037 742 1085 hypallagen
778 1037 964 1091 appellant,
1000 1035 1204 1088 metonymi-

536 1099 590 1121 am
609 1086 838 1133 grammatici,
865 1096 905 1120 ut
926 1097 1006 1120 cum
1027 1096 1090 1132 pro
1109 1083 1207 1119 Afris

535 1135 762 1170 immutamus
794 1133 962 1177 Africam,
998 1133 1207 1168 transsationi

536 1183 712 1231 subjungi,
739 1193 772 1218 et
791 1183 1002 1225 abusionem,
1030 1194 1136 1229 quam
1153 1194 1206 1216 ca.

536 1233 701 1267 tachresin
732 1242 883 1273 vocant,
916 1242 966 1273 ut,
997 1243 1078 1266 cum
1106 1233 1206 1266 minu-

537 1289 604 1316 tum
634 1281 783 1316 dicimus
809 1281 964 1316 animum
992 1292 1058 1328 pro
1084 1292 1208 1328 parvo.

537 1330 671 1366 Orator.
692 1343 748 1377 27.

637 1475 1100 1512 SPEUSJPPUS.

613 1574 642 1610 P
659 1574 965 1610 EUSIPPUS
1009 1586 1027 1608 a
1062 1574 1208 1609 Platone

539 1639 561 1665 ι,
628 1623 806 1658 avunculo
845 1622 982 1658 reliflus
1011 1623 1073 1663 est,
1111 1623 1207 1669 quasi

535 1672 765 1721 philosophiae
784 1671 905 1713 liaeres,
932 1683 1014 1706 cum
1032 1673 1208 1707 Xenocra-

536 1732 570 1757 te
585 1724 618 1756 in
631 1721 830 1756 Academia.
857 1720 999 1756 Censuit
1015 1720 1085 1755 vim
1098 1732 1208 1767 quan-

537 1770 618 1805 dam
656 1770 733 1812 esse,
767 1781 837 1816 qua
875 1769 992 1804 omnia
1035 1779 1209 1817 regantur,

536 1831 683 1873 eamque
701 1818 895 1861 animalem,
924 1819 1044 1854 volens
1066 1818 1211 1854 evellere

537 1881 580 1903 ex
599 1868 720 1903 animis
737 1868 972 1914 cognitionem
990 1867 1146 1903 deorum.
1173 1866 1211 1902 de

538 1918 623 1954 Nat.
642 1897 824 1954 Deorumol.
847 1928 896 1962 ¹3

638 2062 1105 2099 XENOCRATES.

645 2160 997 2203 ENOCRATES,
1017 2160 1212 2196 Aristotelis

542 2163 635 2294 X
675 2208 946 2257 condiscipulus,
989 2209 1032 2245 de
1075 2211 1211 2245 Natura

579 2271 598 2294 e

599 2271 699 2294 orum
727 2258 834 2294 libros
857 2258 1000 2306 scripsit,
1028 2258 1060 2293 in
1079 2259 1210 2306 quibus

542 2308 639 2343 nulla
677 2308 801 2355 species
840 2307 958 2342 divina
995 2307 1209 2343 describitur.

543 2357 743 2404 'Iantopcre
776 2358 941 2392 virtutem
977 2357 1211 2412 exaggeravit

541 2415 575 2440 et
592 2406 791 2441 extenuavit
816 2415 925 2440 cetera
949 2416 983 2441 et
1009 2406 1146 2453 abiecit,
1172 2417 1212 2441 ut

544 2454 620 2489 inde
635 2455 921 2504 philolopliorum
939 2455 1155 2504 gravissimus
1176 2455 1214 2492 fit

885 209 991 248 DE
1062 205 1566 247 DOCTRINA

1251 305 1402 346 habitus,
1426 315 1508 338 cum
1526 313 1640 338 tamen
1657 301 1737 337 effet
1756 301 1869 343 hebes,
1887 312 1922 337 et

1251 353 1368 389 tardus
1399 353 1548 400 ingenio.
1592 351 1690 386 Hinc
1720 351 1814 385 cives
1841 362 1923 385 eum

1251 402 1484 437 testimonium
1509 401 1680 436 dicentem
1699 398 1816 452 jurare
1844 411 1924 447 pro-

1251 451 1452 492 hibuerunt,
1486 449 1584 502 quod
1619 449 1663 490 ei,
1691 460 1760 483 non
1789 458 1922 495 jurato,

1253 500 1438 534 crederent.
1482 497 1605 544 Hujus
1628 509 1710 533 vero
1740 497 1816 533 haec
1846 497 1924 532 sunt

1254 558 1451 596 praecepta:

1304 596 1453 631 Nullam
1482 595 1547 630 effe
1575 593 1680 629 animi
1711 595 1860 642 figuram
1890 605 1925 630 et

1255 645 1351 691 quasi
1392 655 1542 698 corpus;
1577 655 1701 678 verum
1741 655 1925 678 numerum

1254 693 1331 735 effe,
1358 705 1458 737 cuius
1481 705 1534 728 vis
1560 693 1595 727 in
1625 702 1748 727 natura
1774 692 1927 727 maxima

1253 743 1344 777 esset.
1377 743 1466 786 Tusc.
1487 742 1513 777 Ι.
1534 753 1585 777 10.

1304 792 1344 826 ln
1363 791 1491 826 virtute
1509 803 1578 826 non
1596 789 1730 825 beatam
1749 789 1856 825 modo
1874 789 1927 824 vi-

1255 850 1339 883 tam,
1367 839 1422 875 sed
1444 839 1547 875 etiam
1574 839 1809 874 beatiffimam.
1836 839 1926 885 Tusc.

1256 890 1300 924 V.
1321 892 1370 924 18.

1306 939 1401 973 Deos
1433 937 1499 972 efl'e
1528 937 1634 977 οὲὶος
1669 936 1826 984 quinque
1854 948 1926 978 eos,

1257 986 1318 1033 qui
1350 987 1384 1021 in
1414 985 1518 1021 stellis
1549 985 1648 1032 vagis
1683 986 1926 1026 nominantur;

1258 1047 1381 1078 unum,
1407 1035 1470 1082 qui
1497 1045 1538 1068 ex
1562 1033 1727 1069 omnibus
1748 1033 1927 1076 sideribus,

1257 1095 1340 1131 quae
1359 1083 1465 1119 infixa
1482 1083 1576 1118 coelo
1591 1082 1681 1125 sunt,
1706 1094 1749 1117 ex
1773 1082 1928 1130 dispersis

1257 1133 1352 1180 quasi
1385 1132 1548 1167 membris
1574 1131 1717 1179 fimplex
1743 1131 1783 1166 fit
1802 1142 1928 1179 putan-

1256 1182 1322 1216 dus
1343 1182 1453 1222 deus,
1480 1181 1677 1228 septimum,
1704 1179 1834 1222 solem,
1868 1193 1927 1216 oc-

1257 1240 1391 1274 tavum,
1410 1231 1540 1265 lunam.
1563 1229 1600 1264 de
1614 1229 1697 1266 Nat
1712 1230 1857 1266 Deor.l.
1874 1242 1928 1276 13

1417 1376 1770 1412 POLEMO.

1338 1475 1562 1516 OLEMO,
1590 1473 1821 1516 Atheniensis,
1847 1485 1929 1509 cum

1366 1524 1399 1559 in
1443 1523 1667 1559 adolescentia
1710 1523 1930 1569 voluptarius

1257 1572 1337 1608 esset
1353 1583 1386 1608 et
1405 1573 1616 1620 impudicus,
1634 1572 1838 1608 Xenocratis
1855 1584 1930 1607 ora-

1259 1622 1352 1657 tione
1368 1621 1405 1657 de
1421 1624 1643 1669 Temperantia
1662 1620 1806 1668 seipsum
1824 1622 1928 1656 colle-

1260 1670 1324 1718 git,
1349 1680 1383 1705 et
1411 1683 1492 1706 eum
1520 1670 1636 1718 postea
1664 1670 1712 1705 est
1747 1669 1929 1706 inlecutus.

1261 1719 1462 1767 Disputavit
1475 1731 1555 1755 cum
1568 1721 1721 1759 Zenone,
1740 1719 1930 1754 summum-

1260 1781 1329 1816 que
1360 1769 1491 1805 bonum
1521 1769 1586 1803 effe
1614 1768 1715 1809 dixit,
1743 1768 1930 1803 secundum

1261 1827 1419 1853 naturam
1450 1818 1586 1859 vivere,
1615 1817 1704 1852 finiri
1735 1828 1847 1852 tamen
1873 1819 1930 1852 atl-

1255 1865 1381 1914 junfi’to
1394 1867 1526 1915 aliquo.
1552 1866 1642 1902 Vide
1654 1865 1690 1902 de
1702 1866 1807 1902 Finib.
1821 1866 1881 1902 1v.
1898 1868 1929 1902 6.

1410 2014 1777 2050 CRANTOR.

1362 2112 1393 2146 R
1407 2113 1441 2147 A
1452 2112 1488 2146 N
1502 2112 1538 2146 T
1549 2113 1583 2147 O
1597 2113 1643 2154 R,
1675 2112 1834 2153 Solensis,
1862 2112 1932 2147 Xe·

1377 2160 1525 2195 nocratis
1543 2161 1694 2203 auditor,
1722 2161 1931 2196 Polemonis-

1261 2221 1331 2257 que
1344 2209 1453 2244 socius
1474 2210 1506 2244 in
1520 2210 1680 2253 dicendo,
1704 2209 1771 2245 fuit
1791 2211 1823 2245 in
1839 2220 1932 2245 vete-

1263 2259 1289 2293 ri
1310 2258 1500 2293 Academia
1522 2260 1576 2294 vel
1597 2260 1629 2293 in
1656 2260 1774 2306 primis
1793 2259 1930 2294 nobilis.

1262 2307 1404 2355 Scripsit
1420 2308 1462 2342 de
1481 2308 1577 2344 luctu
1600 2309 1792 2349 aureolum,
1819 2319 1864 2350 et,
1893 2318 1932 2343 ut

1263 2357 1298 2391 T
1303 2356 1446 2391 uberoni
1475 2357 1649 2392 Pana-tius
1685 2357 1858 2406 praecipit,
1889 2357 1932 2391 ad

1262 2405 1409 2441 vei-bum
1426 2406 1644 2441 edilccndum
1664 2407 1843 2441 libellum:
1869 2406 1931 2440 ubi

1264 2455 1322 2497 ait,
1349 2455 1383 2490 'I
1385 2455 1553 2492 erinaeum
1571 2456 1745 2504 quendam
1759 2455 1930 2502 Elysium,
