2335 3009
755 221 1380 263 HISTORIA.

379 382 551 421 Proximo
569 379 719 425 biennio,
741 394 807 434 quo
821 380 1048 434 comprehen-

395 441 498 481 ditur
515 455 633 480 annus
649 441 750 481 urbis
769 441 863 486 668,
884 450 920 480 et
942 443 1036 495 669.

503 503 684 542 Ciceronis
705 515 771 548 22,
801 511 838 542 et
855 515 921 555 23.

414 563 610 603 Consulesi
629 578 649 602 a
670 563 706 602 se
725 564 846 602 creati
866 564 1010 617 Remp.

605 634 817 664 tenuerunt

378 686 718 725 L.C0RN1¹;1,1us
751 687 926 731 C1NNA,
960 686 1043 725 CN.

486 745 716 786 PAP1R1us
749 747 928 786 CARBO.

424 853 511 901 Qa
541 853 670 889 ratione
706 853 764 888 M.
794 853 938 888 Tullius
979 853 1044 888 hoc

375 901 575 945 triennium,
601 914 675 949 quo
701 903 784 937 urbs
812 900 882 937 fere
908 902 975 937 fine
993 914 1043 937 ar-

376 950 441 985 mis
459 950 539 994 fuit,
566 951 766 994 traduxerit,
793 951 861 998 ipse
877 953 910 986 in
928 951 1043 993 Bruto,

373 1009 445 1045 cap.
464 1011 524 1047 90,
551 1000 602 1035 his
630 1001 744 1035 verbis
761 1000 905 1047 exponit
922 1019 931 1036 ι
960 1001 1043 1046 Ego,

376 1048 502 1096 inquit,
528 1049 585 1084 hoc
614 1056 747 1095 tempore
776 1052 858 1083 omni
886 1054 984 1085 nectes
1013 1057 1044 1084 et

374 1097 436 1132 a'ies
465 1100 498 1132 in
524 1100 657 1133 omnium
682 1097 892 1133 dolii-inarum
917 1098 1043 1134 medita-

374 1149 457 1180 tione
487 1147 651 1194 versabar.
703 1148 807 1182 Eram
837 1158 904 1181 cum
944 1148 1046 1182 Stoico

373 1195 508 1231 Diodoto
523 1210 533 1230 :
559 1198 613 1242 qui
641 1208 707 1230 cum
731 1195 935 1242 habilavg'ffet
962 1196 1049 1242 apud

373 1255 431 1285 me,
474 1257 646 1292 mecumque
683 1243 819 1290 vixiffet,
869 1255 968 1291 nuper
1003 1245 1045 1288 est

373 1292 455 1327 domi
483 1305 556 1328 meae
587 1301 738 1333 mortuus,
777 1305 797 1326 a
830 1305 888 1339 quo
917 1305 984 1327 cum
1010 1295 1044 1328 in

368 1341 444 1376 aliis
462 1342 564 1384 rebus,
590 1350 655 1376 tum
660 1340 864 1385 studiostffime
880 1344 912 1376 in
931 1341 1043 1377 dialec-

371 1392 437 1425 tica
465 1391 623 1426 exercebar
637 1404 649 1425 .·
673 1403 742 1437 quae
769 1390 856 1438 quast
884 1395 1043 1426 contrabia

370 1446 401 1474 et
435 1439 563 1483 astritta
592 1440 761 1487 eloquentia
793 1439 941 1486 putanda
975 1440 1015 1483 est
1029 1452 1040 1474 :

359 1488 432 1530 stne
447 1501 509 1535 qua
525 1491 620 1523 etiam
641 1497 689 1531 tu,
714 1490 826 1531 Brute,
841 1488 1043 1533 judicavisti,

370 1545 402 1572 te
436 1538 524 1572 illam
545 1538 668 1584 justam
695 1537 912 1584 eloquentiam,
952 1550 1044 1585 quam

371 1584 562 1622 dialenicam
603 1586 775 1622 dilatatam
810 1586 862 1632 eſje
906 1594 1041 1632 putant,

370 1635 504 1682 consequi
529 1647 589 1670 non
614 1637 703 1683 poffi’.
757 1635 939 1670 Hactenus
964 1635 1040 1671 Cic.

370 1684 434 1731 qui
453 1685 546 1720 hunc
565 1684 761 1720 Diodotum
779 1684 835 1720 lib.
855 1685 881 1720 l.
899 1685 936 1719 de
951 1684 1038 1721 Nat.

371 1734 469 1768 Deor.
498 1743 568 1779 cap.
594 1746 626 1780 3.
654 1734 767 1781 primo
783 1733 864 1769 loco
882 1744 1041 1769 numerat

369 1780 459 1817 inter
485 1794 544 1817 eos
573 1782 811 1830 philosophos,
848 1794 868 1817 a
907 1782 1039 1829 quibus

370 1829 546 1867 institutus
562 1831 642 1867 fuit.
693 1833 750 1866 De
769 1831 890 1866 eodem
910 1832 944 1866 in
962 1832 1039 1866 Lu-

371 1880 481 1923 cullo,
505 1892 581 1928 cap.
611 1881 669 1927 36.
720 1879 856 1916 Diodoto
883 1879 959 1927 quid
976 1882 1038 1925 ja-

369 1931 448 1964 eiam
472 1930 602 1964 Stoico?
632 1941 717 1977 quem
741 1939 762 1963 a
787 1939 886 1975 puero
914 1929 1039 1970 audivi,

370 1981 423 2024 qui
440 1990 554 2014 mecum
570 1980 659 2014 vivit
681 1986 726 2013 tot
750 1990 857 2019 annos,
883 1981 935 2025 qui
950 1978 1039 2013 habi-

370 2034 422 2061 tat
438 2029 523 2074 apud
536 2039 594 2070 me,
621 2039 707 2076 quem
736 2035 767 2062 et
783 2026 924 2062 admiror
939 2035 969 2062 et
990 2026 1041 2073 di-

369 2075 440 2122 ligo.
492 2077 540 2112 Et
566 2089 621 2124 ep.
646 2077 700 2112 16.
730 2077 791 2111 lib.
810 2077 911 2111 XIII.
940 2076 1039 2112 Fam.

370 2125 469 2159 Domi
491 2137 564 2160 meae
588 2138 656 2160 cum
679 2125 816 2160 Diodoto
842 2127 952 2168 Stoico,
984 2124 1038 2160 ho-

370 2175 461 2216 mine,
487 2185 550 2209 meo
562 2174 702 2220 judicio,
725 2174 930 2219 eruditiffimo,
957 2173 1036 2209 mul-

370 2230 436 2256 tum
452 2235 473 2256 a
483 2232 582 2268 puero
590 2224 670 2269 fuit.
722 2222 884 2270 Ejusdem
916 2223 1037 2258 memi-

372 2270 423 2305 nit
440 2280 486 2317 ep.
503 2284 549 2314 .4.
576 2272 632 2307 lib.
666 2273 730 2308 lx.
774 2274 864 2308 Pam.
894 2272 938 2307 de
964 2284 1039 2319 quo

372 2320 451 2354 loco
475 2320 534 2355 etsi
552 2321 698 2356 Adriani
716 2321 876 2356 Tui-nebi
891 2331 929 2356 et
945 2321 1038 2357 Petfi

371 2368 499 2411 Rami,
551 2380 805 2417 praeceptorum
858 2382 1038 2413 meorum,

370 2429 473 2464 quos,
500 2427 540 2452 ut
568 2417 718 2465 ipsorum
743 2418 892 2466 dignitas
915 2419 1038 2465 poscit,

371 2466 510 2503 honoris
538 2466 648 2514 gratia
677 2467 835 2511 nomino,
863 2467 1039 2504 sententiae

1689 238 1768 280 ²55

1100 316 1289 365 aliquando
1323 317 1480 354 nonnihil
1508 319 1767 369 discreparunt:

1101 377 1152 401 res
1170 376 1283 402 tamen
1303 367 1373 415 ipsa
1401 379 1445 403 ex
1474 380 1554 404 vera
1577 369 1680 417 hujus
1708 383 1771 406 no-

1099 414 1202 450 minis
1231 415 1410 463 scriptura,
1445 429 1553 464 quam
1580 419 1770 462 Victorius,

1100 463 1286 499 Manutius
1303 474 1337 499 et
1366 466 1576 509 Lambinus,
1605 467 1667 502 viri
1684 468 1769 504 doc-

1100 511 1226 554 tiffimi‚
1253 524 1272 548 e
1298 514 1439 548 vetustis
1460 515 1556 549 libris
1572 516 1768 558 ediderunt,

1092 558 1166 607 jam
1185 570 1282 596 extra
1306 563 1573 598 controverfiam
1601 564 1659 600 est.
1713 566 1769 600 De

1096 610 1217 644 eodem
1236 610 1370 651 Cicero,
1390 610 1536 646 Tuscul.
1550 612 1595 647 V.
1615 624 1690 660 cap.
1708 625 1767 660 39.

1097 658 1254 693 Diodotus
1282 659 1403 694 Stoicus
1422 672 1514 695 caecus
1540 662 1650 695 multos
1673 674 1769 696 annos

1098 708 1206 748 nostrae
1233 706 1314 742 domi
1349 710 1446 744 vixit.
1498 710 1530 744 Is
1562 721 1651 752 vero,
1690 710 1772 757 quod

1097 756 1241 792 credibile
1257 759 1314 791 vix
1329 756 1407 804 effet,
1425 768 1493 792 cum
1516 759 1550 791 in
1569 758 1769 805 Philosophia

1097 805 1194 840 multo
1208 806 1305 840 etiam
1323 808 1422 852 magis
1439 805 1550 850 offiano
1564 819 1655 853 quam
1673 817 1768 843 antea

1094 855 1303 901 versaretur,
1330 862 1361 889 et
1389 866 1457 889 cum
1477 854 1597 897 fidibus
1614 857 1768 904 Pythago-

1093 914 1214 937 reorum
1248 914 1329 937 more
1369 911 1536 938 uteretur:
1581 916 1703 952 cumque
1738 907 1769 940 ei

1093 951 1169 986 libri
1186 955 1286 986 noctes
1302 959 1333 986 et
1350 951 1413 986 dies
1439 951 1615 998 legerentur
1637 954 1767 1002 (quibus

1093 1002 1126 1034 in
1151 1000 1268 1042 studiis
1305 1001 1398 1036 oculis
1433 1013 1493 1035 non
1524 1002 1652 1047 egebat)
1685 1011 1766 1046 tum,

1092 1049 1175 1096 quod
1190 1049 1262 1092 sine
1287 1049 1380 1084 oculis
1393 1048 1472 1092 fieri
1496 1050 1576 1096 pcffe
1602 1054 1661 1086 vix
1677 1053 1766 1087 vide-

1092 1107 1160 1139 tur,
1187 1099 1369 1133 Geometriae
1385 1110 1494 1133 munus
1511 1100 1673 1142 tuebatur,
1691 1113 1766 1136 ver-

1093 1146 1140 1182 bis
1161 1148 1344 1192 praeczpiens
1373 1145 1567 1193 discentibus,
1593 1149 1680 1192 unde,
1707 1161 1766 1198 quo

1094 1207 1243 1243 quamque
1259 1195 1370 1230 lineam
1387 1196 1539 1232 ducerent.

1144 1245 1311 1279 Mortuus
1336 1243 1405 1279 fuit
1435 1244 1568 1279 Caesare
1584 1255 1617 1280 et
1636 1246 1765 1283 Bibulo

1094 1293 1173 1327 coss.
1192 1305 1282 1328 anno
1299 1293 1343 1327 ab
1359 1294 1409 1328 U.
1429 1294 1473 1328 C.
1492 1305 1640 1330 nexem.
1676 1296 1764 1331 Cor'-

1094 1341 1204 1376 nelius
1222 1341 1369 1376 Tacitus
1389 1342 1421 1376 in
1441 1343 1575 1389 Dialogo
1591 1343 1627 1377 de
1645 1345 1763 1379 Orato-

1092 1390 1192 1432 ribus,
1240 1400 1307 1436 cap.
1355 1402 1414 1436 30.
1459 1390 1518 1432 ait,
1561 1392 1764 1428 Ciceronem

1092 1439 1187 1486 apud
1253 1439 1434 1474 Philonem
1486 1440 1765 1485 Academicum,

1094 1488 1189 1534 apud
1218 1487 1416 1523 Diodotum
1442 1487 1613 1532 Stoicum,
1643 1502 1762 1526 omnes

1093 1536 1323 1584 philosophiae
1355 1548 1466 1584 partes
1500 1538 1637 1584 penitus
1677 1539 1762 1575 hau-

1093 1585 1175 1620 fiffe.
1218 1585 1332 1620 Addit
1350 1586 1474 1621 Cicero
1491 1586 1524 1621 in
1543 1587 1665 1630 Bruto,
1684 1600 1763 1636 cap.

1093 1646 1141 1683 90
1157 1648 1165 1669 :
1194 1635 1281 1669 Huic
1307 1646 1362 1681 ego
1377 1634 1496 1670 dottori
1512 1644 1541 1671 et
1556 1636 1622 1682 ejus
1638 1637 1763 1673 artibus

1090 1685 1194 1719 variis
1211 1691 1305 1731 atque
1332 1684 1439 1718 multis
1462 1687 1511 1718 ita
1540 1697 1626 1719 eram
1656 1693 1762 1722 tamen

1088 1732 1221 1775 deditus,
1247 1740 1282 1767 ut
1310 1733 1351 1766 ab
1371 1734 1642 1770 exercitationibus
1653 1742 1760 1770 oratos

1088 1783 1147 1816 m'is
1168 1781 1273 1815 nullus
1298 1781 1362 1815 dies
1389 1793 1509 1816 vacuus
1537 1782 1617 1828 estet.
1668 1784 1760 1818 Com-

1088 1830 1255 1864 mentabar
1283 1829 1486 1864 declamitans
1503 1831 1588 1876 saepe
1610 1843 1677 1866 cum
1701 1833 1758 1869 M

1089 1879 1199 1925 Pisone
1213 1887 1243 1913 et
1269 1891 1338 1913 cum
1364 1879 1407 1924 Q
1428 1879 1582 1925 Pompeio,
1608 1890 1667 1916 aut
1692 1893 1760 1917 cum

1088 1928 1191 1975 aliquo
1215 1927 1358 1974 quotidie,
1385 1928 1474 1975 idque
1492 1928 1657 1972 faciebam
1683 1931 1759 1966 mul-

1089 1985 1155 2012 tum
1171 1979 1266 2011 etiam
1284 1977 1412 2018 Latine,
1429 1976 1490 2022 sed
1502 1979 1610 2013 Graece
1618 1979 1732 2025 saepitts
1746 1992 1758 2013 .·

1089 2026 1147 2060 vel
1171 2025 1252 2074 quod
1277 2026 1390 2061 Graeca
1418 2028 1520 2061 oratio
1543 2026 1640 2072 plara
1664 2040 1759 2063 orna-

1089 2084 1192 2110 menta
1201 2075 1410 2120 suppeditans
1427 2076 1667 2120 consuetudinem
1665 2077 1759 2122 ‚limi-

1088 2124 1164 2158 liter
1193 2125 1314 2159 Latine
1341 2123 1464 2159 dicendi
1491 2123 1668 2169 offerebat:
1705 2125 1762 2160 vel

1085 2173 1167 2220 quod
1183 2186 1204 2208 a
1222 2173 1343 2208 Graecis
1360 2175 1489 2219 summis
1506 2173 1687 2217 doctoribus,
1701 2174 1761 2218 nfi

1087 2225 1196 2259 Graece
1222 2222 1361 2265 dicerem,
1388 2233 1482 2269 neque
1503 2224 1619 2267 corrigi
1639 2223 1757 2269 poffim,

1086 2283 1181 2318 neque
1203 2271 1314 2307 doceri.
1366 2271 1568 2305 Ciceronem
1591 2271 1633 2305 ad
1660 2273 1756 2307 Prae-

1085 2329 1202 2356 turam
1241 2319 1350 2366 usque
1392 2319 1517 2354 Graece
1557 2320 1760 2357 declamasse

1085 2369 1209 2404 auctor
1224 2368 1273 2403 est
1291 2369 1477 2403 Suetonius
1494 2367 1531 2401 de
1547 2368 1652 2404 Claris
1668 2370 1756 2404 Rhe-

1087 2418 1208 2453 toribus
1224 2426 1293 2463 cap.
1319 2428 1348 2451 1.

1137 2466 1241 2506 Circa
1264 2465 1331 2501 hoc
1357 2473 1495 2512 tempus
1512 2464 1646 2509 cicero,
1674 2477 1755 2503 cum
