2241 2994
810 204 881 246 M.

499 301 660 349 gistratus
690 311 804 348 gerere
830 299 965 348 possent
995 297 1172 346 permitte-

503 352 610 386 bant:
639 350 695 384 alii
714 361 820 384 novas
838 349 974 383 tabulas
1000 359 1172 395 propone-

502 399 599 441 bant,
626 398 683 434 alii
712 399 822 445 legem
852 395 1008 432 ferebant
1023 395 1066 430 de
1083 395 1174 443 agris

503 447 699 483 dividendis
715 458 776 493 per
794 445 943 487 Italiam,
962 454 996 481 et
1013 444 1174 486 ditiones,

503 507 586 543 quae
604 507 689 544 pop.
708 495 816 531 Rom.
835 493 980 542 imperio
997 494 1173 541 parebant.

504 545 689 581 Hactenus
706 543 789 579 Dio.

555 593 677 629 Multa
705 591 896 633 Antonius,
922 590 1056 637 collega
1077 589 1176 625 Cice-

506 642 610 684 ronis,
629 642 663 677 in
680 641 822 688 Repub.
841 640 1061 679 moliebatur,
1082 637 1176 673 fave-

507 691 568 726 bat
593 690 660 739 legi
683 689 850 737 agrariae;
876 698 912 723 et
938 687 1099 723 Catilinae
1125 685 1176 721 fa-

506 740 648 775 miliaris
677 739 721 773 ab
743 737 816 785 ejus
845 735 994 772 consiliis
1019 747 1089 771 non
1106 744 1178 770 erat

506 787 648 824 alienus.
700 787 810 834 Qod
838 785 961 821 Cicero
973 793 1034 830 pro
1060 785 1178 825 Sextio,

504 846 575 882 cap.
597 849 629 884 3.
657 838 738 871 etin
756 835 910 880 Pisonem,
937 842 1007 879 cap.
1028 845 1061 869 2.
1103 832 1177 868 Sal·

506 885 642 927 Iustius,
668 883 889 924 Plutarchus,
914 891 950 917 et
974 881 1047 917 Dio
1076 881 1179 929 signi-

507 934 624 970 ficant.
661 932 748 969 Erat
763 932 856 967 enim
874 931 1013 967 inflatus
1030 930 1181 965 Catilina

507 981 657 1019 Antonii
699 981 882 1029 pmmiffis,
917 989 980 1026 pro
1021 981 1178 1021 Murena,

506 1040 575 1078 cap.
597 1043 654 1075 24.
706 1029 819 1065 Hunc
850 1028 957 1076 igitur
979 1026 1102 1063 Cicero
1119 1039 1178 1074 pa-

507 1079 627 1116 tientia
657 1089 691 1116 et
727 1077 896 1125 obsequio
929 1077 990 1113 suo
1023 1075 1178 1124 primum

507 1127 694 1175 mitigavit,
713 1137 819 1174 atque
835 1127 883 1161 ita
898 1125 942 1160 de
957 1125 1033 1172 lege
1049 1123 1181 1172 agraria

507 1178 620 1225 coepit
659 1187 770 1223 agere.
821 1173 989 1210 Kalendis
1023 1171 1180 1219 Januarii

508 1226 595 1261 inito
611 1225 806 1268 consulatu,
831 1223 984 1259 senatum
1013 1231 1048 1257 et
1072 1221 1182 1257 bonos

508 1286 627 1311 omnes
655 1273 740 1320 legis
767 1272 909 1320 agrariae
935 1271 1180 1307 maximarum-

509 1335 578 1371 que
616 1323 839 1370 largitionum
878 1330 972 1356 metu
1008 1319 1180 1362 liberavit,

509 1383 550 1407 ut
569 1371 686 1419 ipsein
712 1371 850 1416 Pisonem
875 1369 933 1405 ait.
984 1368 1084 1403 Tum
1110 1367 1179 1415 pri-

511 1433 602 1456 mam
619 1419 809 1455 orationem
827 1417 1040 1454 consularem
1059 1416 1181 1451 habuit

511 1470 546 1505 in
575 1468 703 1512 senatu,
729 1468 811 1514 epist.
837 1480 865 1502 ι.
892 1466 947 1502 lib.
979 1465 1026 1500 11.
1050 1465 1094 1499 ad
1109 1466 1179 1501 Au.

511 1528 614 1566 atque
640 1517 714 1552 haec
741 1516 788 1551 est
806 1515 916 1551 oratio
934 1514 1044 1562 prima
1061 1523 1181 1549 contra

511 1567 674 1609 Rullum,
699 1563 800 1612 cujus
818 1576 896 1612 pars
917 1573 1022 1605 extat,
1051 1563 1083 1597 in
1111 1575 1182 1609 qua

509 1615 661 1663 disputat
677 1625 798 1650 contra
815 1611 1047 1648 venditionem
1068 1623 1181 1646 rerum

512 1664 745 1712 publicarum,
772 1661 983 1709 emptionem
1006 1671 1181 1708 agrorum,

510 1723 544 1749 et
560 1712 803 1748 deductionem
820 1709 1048 1746 coloniarum.

559 1762 641 1797 Hac
659 1760 826 1803 oratione,
853 1758 1073 1800 Plutarchus,
1100 1769 1180 1793 auc-

512 1821 601 1846 tores
641 1809 726 1857 legis
765 1809 812 1843 ita
841 1807 1038 1856 perterritos
1069 1805 1181 1848 fuisse,

511 1860 570 1901 ait,
597 1868 637 1894 ut
655 1857 739 1894 nihil
758 1867 878 1893 contra
894 1855 1056 1892 dixerint.
1087 1856 1182 1890 Cum

511 1908 633 1943 deinde
661 1907 764 1942 iidem
793 1905 948 1941 consules
978 1904 1013 1940 in
1043 1905 1181 1939 concio·

512 1968 589 1991 nem
640 1964 823 1996 vocarent,
873 1953 997 1989 Cicero
1097 1953 1183 1999 pulo

511 2007 616 2040 Rom.
636 2004 859 2050 disceptatore
881 2003 932 2037 uti
952 2014 1019 2037 non
1070 2001 1181 2036 ubita-

513 2055 586 2089 vit:
627 2053 694 2094 sed,
730 2064 811 2086 cum
847 2050 998 2086 senatum
1030 2050 1060 2085 se
1089 2049 1181 2097 sequi

507 2102 659 2150 jussisset,
679 2100 884 2147 progressus,
908 2099 1089 2134 secundam
1107 2111 1181 2134 ora-

512 2153 639 2187 tionem
659 2150 869 2184 consularem
887 2149 928 2182 ad
949 2148 1121 2195 populum
1141 2148 1182 2184 de

514 2202 586 2247 lege
605 2199 751 2245 Agraria
778 2197 878 2238 dixit,
907 2197 939 2231 in
971 2209 1040 2243 qua
1072 2197 1181 2243 legem

511 2248 692 2284 Serviliam
711 2246 956 2294 antiquandam
971 2245 1034 2279 else
1055 2246 1181 2287 suadet,

511 2298 609 2345 quod
627 2309 686 2343 per
711 2308 786 2330 cam
814 2296 941 2329 Rullus
966 2294 1180 2329 simulatione

513 2346 700 2394 largitionis
731 2343 945 2391 tyrannidem
970 2342 1176 2377 constituat:

511 2407 593 2429 cum
611 2404 643 2428 et
670 2393 873 2428 decemviris
899 2392 1052 2427 creandis
1080 2392 1179 2426 librt-

510 2454 614 2480 tatem
645 2443 778 2489 populo
802 2441 994 2489 eri1›i;1t,·et
1022 2441 1056 2475 in
1082 2453 1179 2487 agro-

498 207 576 251 282

937 205 996 246 T.
1054 200 1586 245 CICERONIS

1222 309 1300 334 rum
1335 295 1535 332 venditione
1569 306 1674 343 atque
1705 295 1897 343 emptione,

1222 346 1510 392 coloniarumque
1542 345 1749 381 deductione
1778 354 1896 391 tyran-

1224 396 1336 431 nicam
1364 394 1566 442 potestatem
1596 394 1674 442 ipsis
1705 393 1895 441 permittat.

1223 444 1306 480 Hac
1335 443 1490 479 oratione
1517 442 1726 478 Plutarchus
1752 442 1812 484 ait,
1837 441 1897 476 ei·

1225 504 1383 528 ceronem
1400 503 1469 527 non
1494 491 1602 527 modo
1628 492 1738 538 legem
1753 490 1897 538 ejecisse,

1226 553 1345 576 verum
1371 539 1473 575 etiam
1499 540 1658 576 tribunos
1683 540 1718 575 in
1744 539 1898 587 despera-

1226 590 1356 625 tionem
1391 588 1618 635 reliquorum,
1659 599 1742 635 quae
1778 587 1897 623 molie-

1227 638 1366 680 bantur,
1393 636 1583 684 conjeciffe.

1277 687 1365 721 Huc
1390 686 1597 721 access‘erunt
1621 685 1703 720 duae
1729 684 1900 720 orationes

1228 735 1371 778 breves,
1420 734 1516 782 quasi
1563 737 1775 778 &umida-m
1814 733 1899 781 legis

1228 784 1401 832 Agrariae‚
1427 793 1468 818 ut
1497 783 1613 818 scribit
1642 782 1688 817 ad
1710 783 1783 818 Att.
1814 783 1897 829 epist.

1233 844 1262 868 1.
1289 832 1342 868 tib.
1364 833 1409 868 11.
1434 832 1556 867 harum
1574 843 1655 874 una,
1679 843 1763 879 quae
1780 841 1900 866 contra

1229 881 1381 916 Rullum
1410 881 1453 915 ad
1483 880 1659 929 populum
1687 880 1788 915 tertia
1815 879 1900 927 legi-

1229 938 1299 972 tur,
1344 929 1536 965 breviffima
1583 938 1690 964 extat.
1742 929 1828 976 Qa
1867 927 1900 964 se

1229 977 1383 1014 defendit
1411 987 1532 1013 contra
1560 976 1809 1012 accusationem
1839 976 1899 1012 tri·

1230 1026 1420 1066 hunorum,
1446 1025 1509 1073 qui
1538 1025 1744 1061 Ciceronem
1771 1025 1902 1080 gratifi-

1227 1085 1362 1110 cantem
1394 1074 1612 1121 Syllanarum
1639 1075 1904 1121 affignationum

1228 1123 1484 1171 possessoribus,
1509 1122 1668 1170 Agrariae
1702 1122 1770 1170 legi
1798 1122 1901 1159 obfis-

1229 1182 1299 1208 tere
1316 1182 1488 1207 criminati
1505 1181 1612 1207 erant.

1280 1221 1335 1256 Ita
1350 1220 1482 1256 fastum
1509 1220 1569 1263 est,
1597 1229 1637 1256 ut
1665 1220 1832 1257 Cicerone
1848 1220 1902 1256 di-

1230 1279 1328 1305 cente
1361 1270 1473 1317 legem
1506 1269 1706 1317 Agrariam,
1740 1269 1807 1305 hoc
1839 1269 1902 1314 est,

1231 1318 1393 1354 alimenta
1419 1317 1478 1354 sua
1510 1318 1747 1354 abdicaverint
1774 1318 1901 1363 tribus,

1230 1376 1270 1402 ut
1297 1367 1432 1403 Plinius
1460 1366 1515 1402 lib.
1534 1367 1618 1402 V11.
1656 1377 1727 1414 cap.
1755 1379 1813 1414 30.
1842 1368 1900 1403 ait.

1232 1416 1378 1464 Qanta
1399 1416 1451 1451 vis
1477 1415 1615 1451 dicendi
1640 1426 1677 1451 et
1702 1416 1903 1464 eloquentia

1233 1465 1266 1499 in
1294 1464 1461 1500 Cicerone
1490 1463 1606 1506 fuerit,
1639 1465 1848 1500 Plutarchus
1867 1465 1902 1501 in

1229 1525 1270 1548 eo
1299 1525 1444 1561 quoque
1474 1513 1685 1548 declaratum
1715 1512 1815 1549 fuiffe
1843 1514 1903 1556 ait,

1229 1564 1327 1610 quod
1345 1563 1377 1598 in
1398 1562 1490 1597 illius
1507 1561 1686 1597 consulatu
1704 1561 1795 1598 circa
1810 1561 1903 1611 spec·

1230 1611 1345 1646 tacula
1372 1611 1497 1646 evenit.
1549 1610 1595 1646 L.
1629 1609 1774 1647 Roscius
1802 1610 1904 1648 Otho

1231 1660 1342 1707 legem
1360 1659 1581 1694 Theatralem
1609 1659 1732 1695 Pisone
1755 1669 1790 1695 et
1814 1660 1901 1696 Gla·

1232 1708 1352 1744 brione
1381 1708 1460 1744 cofl‘.
1482 1708 1619 1751 tulerat,
1645 1718 1686 1743 ut
1711 1708 1813 1756 supra
1841 1708 1901 1744 de-

1232 1757 1509 1793 monstravimus.
1562 1758 1683 1804 Qam
1717 1757 1816 1805 plebs
1857 1758 1902 1793 ad

1233 1806 1458 1854 ignominiam
1492 1805 1588 1841 suam
1621 1805 1788 1860 pertinere
1822 1817 1902 1841 cen·

1233 1855 1321 1890 suit:
1351 1855 1405 1890 ide
1456 1866 1499 1889 ue
1526 1854 1692 1890 Roscium
1718 1855 1753 1890 in
1768 1855 1902 1890 theatro

1233 1903 1339 1939 sibilis
1364 1867 1554 1939 coxsectata
1573 1903 1634 1946 est,
1660 1915 1742 1939 cum
1769 1904 1902 1951 equites

1233 1963 1352 1988 contra
1386 1952 1483 1988 illum
1523 1952 1644 2000 plausu
1680 1962 1901 1999 exceperunt.

1232 2001 1378 2036 Sublato
1391 2001 1515 2052 deinde
1531 2000 1659 2049 majore
1684 2000 1762 2036 hinc
1790 2001 1902 2044 sibilo,

1233 2050 1310 2085 inde
1329 2050 1462 2097 plausu,
1490 2049 1648 2085 convicia
1664 2059 1698 2085 et
1728 2051 1902 2086 tumultus

1233 2108 1306 2134 tota
1335 2111 1439 2134 cavea
1467 2099 1668 2134 consecutus
1701 2099 1760 2133 est.
1814 2102 1903 2148 Qo

1234 2148 1364 2190 audito,
1405 2148 1459 2183 M.
1485 2147 1629 2182 Tullius
1665 2148 1697 2181 in
1729 2148 1902 2183 theatrum

1233 2196 1338 2238 venit,
1364 2207 1398 2231 et
1426 2197 1599 2244 populum
1625 2196 1658 2231 in
1686 2196 1796 2231 aedem
1826 2197 1901 2232 Bel-

1233 2245 1323 2280 lonae
1350 2256 1533 2280 evocatum
1562 2244 1839 2292 reprehendendo
1867 2256 1903 2282 et

1230 2294 1447 2328 admonendo
1463 2294 1652 2340 calligavit.

1282 2343 1384 2377 Hanc
1399 2343 1588 2377 orationem
1605 2342 1816 2378 consularem
1835 2352 1900 2378 tcr·

1232 2391 1313 2425 tium
1349 2392 1391 2426 de
1424 2392 1565 2426 Othone
1598 2392 1748 2439 appellat
1777 2404 1833 2438 cp.
1870 2405 1899 2427 ι.

1231 2441 1284 2475 ish.
1315 2440 1357 2475 ll.
1389 2440 1434 2475 ad
1451 2445 1521 2477 Au.
1552 2453 1622 2488 qua
1650 2440 1812 2477 erik-&um
1842 2440 1900 2479 est,
