2335 3009
708 213 1414 254 CONSULATUS.

373 323 454 347 eum
479 311 542 347 tibi
572 310 640 347 hoc
668 310 762 346 casus
792 310 922 353 afferat,
949 319 989 345 ut
1014 309 1036 345 ii

373 371 489 396 tecum
527 369 657 408 petant,
699 371 849 406 quorum
889 359 1038 394 amicitia

373 419 433 444 aut
451 408 697 444 contemnenda
715 418 773 443 aut
789 407 954 455 fugienda
971 408 1035 448 fit,

371 468 406 493 et
434 458 496 505 qui
524 457 601 499 hoc,
627 457 724 504 quod
753 469 818 503 ego
845 467 878 491 te
906 456 1035 511 hortor,

373 518 441 541 non
459 506 565 541 modo
582 518 650 540 non
668 505 808 552 assequi,
835 504 889 540 sed
918 517 960 540 ne
986 504 1037 539 in-

371 555 484 609 cipere
499 554 654 602 quidem,
673 555 808 601 possint.
838 554 933 588 Nam
952 553 1038 600 quid

370 603 514 651 inciplat
541 603 714 638 Antonius
738 602 890 637 homines
919 601 1040 656 adjun-

369 664 449 699 gere
476 662 580 699 atque
609 651 752 686 invitare
769 651 812 685 ad
837 651 1037 692 amicitiam,

370 712 460 748 quos
476 713 539 748 per
564 699 595 735 se
623 699 685 734 suo
713 699 850 734 nomine
867 700 1038 746 appellare

371 762 440 784 non
470 750 571 796 poffit
587 749 598 783 ?
628 748 721 783 Mihi
739 748 880 795 quidem
899 748 1036 784 stultius

369 798 456 833 nihil
497 797 655 840 videtur,
703 809 809 844 quam
846 797 1036 832 existimare

368 858 448 882 eum
467 845 655 881 studiosum
674 847 737 888 tui,
764 858 868 892 quem
887 857 955 880 non
974 858 1034 880 no-

368 896 424 931 ris.
475 895 649 930 Eximiam
681 895 856 942 quandam
889 894 1034 941 gloriam

368 955 402 979 et
419 943 634 992 dignitatem,
661 956 700 978 ac
727 955 839 978 rerum
865 943 1035 990 gestarum

369 993 654 1040 magnitudinem,
679 993 743 1027 effe
768 1002 907 1039 oportet
932 992 967 1026 in
983 1004 1036 1033 eo,

369 1054 474 1088 quem
503 1042 655 1076 homines
684 1041 806 1088 ignoti,
832 1041 935 1075 nullis
965 1040 1034 1075 suf-

368 1091 597 1138 fragantibus,
623 1090 752 1125 honore
769 1088 929 1124 afficiant.
969 1091 1035 1124 Ita-

369 1152 437 1186 que
468 1150 508 1174 ut
537 1139 642 1174 homo
671 1138 771 1179 iners,
810 1138 877 1172 fine
906 1138 1034 1179 officio,

371 1188 438 1223 fine
469 1188 617 1234 ingenio,
644 1199 724 1221 cum
754 1186 909 1228 infamia,
932 1187 1035 1222 nullis

369 1218 698 1279 amicis,=’lio1ninem
716 1236 948 1283 plurimorum
967 1236 1034 1270 stu-

369 1285 427 1320 dio
463 1295 568 1332 atque
609 1284 768 1320 omnium
802 1285 893 1318 bona
923 1284 1035 1318 existi-

369 1333 518 1368 matione
547 1333 720 1368 munitum
739 1342 942 1380 praecurrat,
968 1333 1036 1367 fine

366 1394 494 1429 magna
509 1382 613 1430 culpa
631 1381 849 1429 negligentiae
866 1381 939 1416 fieri
965 1393 1036 1416 non

365 1431 487 1479 potest.

415 1480 516 1515 vm.
544 1479 786 1534 Qamobrern
815 1490 933 1514 omnes
956 1490 1034 1514 cen-

366 1528 472 1564 turias
514 1528 633 1564 multis
669 1538 704 1563 et
740 1527 842 1562 variis
876 1527 1034 1564 amicitiis

366 1589 451 1612 cura
479 1587 519 1612 ut
553 1577 772 1612 confirmatas
801 1576 935 1612 habeas.
986 1576 1035 1612 Et

366 1625 532 1672 primurn,
560 1626 595 1661 id
621 1626 716 1673 quod
740 1635 817 1660 ante
834 1626 954 1660 oculos
971 1625 1032 1669 est,

366 1673 530 1710 senatores
546 1674 745 1722 equitesque
761 1675 952 1714 Romanos,
965 1685 1032 1709 cae-

366 1733 518 1758 terorum
551 1723 713 1759 ordinum
744 1735 850 1758 navos
879 1722 1033 1758 homines

365 1783 400 1806 et
427 1772 604 1819 gratiosos,
633 1772 868 1818 comple&ere.
923 1771 1033 1806 Multi

368 1821 521 1856 homines
555 1821 677 1856 urbani
713 1820 892 1863 industrii,
931 1820 1034 1855 multi

368 1869 515 1905 libertini
549 1870 684 1917 gratiosi
715 1869 748 1904 in
777 1868 856 1904 foro
885 1869 1036 1915 navique

367 1919 563 1960 versantur,
590 1931 679 1966 quos
707 1931 768 1966 per
793 1927 839 1960 te,
866 1930 955 1965 quos
974 1930 1034 1965 per

366 1978 565 2003 communes
583 1968 711 2002 amicos
734 1967 873 2014 poteris,
901 1966 1034 2001 summa

365 2027 460 2059 cura,
486 2027 526 2052 ut
544 2017 593 2051 tui
614 2016 731 2064 cupidi
749 2016 826 2057 sint,
844 2015 1031 2058 elaborato,

366 2065 531 2118 appetito,
555 2066 727 2113 allegato,
755 2064 888 2099 summo
907 2064 1032 2098 benefi-

365 2124 419 2147 cio
453 2123 485 2148 te
519 2096 644 2157 affici?
664 2113 845 2149 ostendito.
894 2112 1032 2148 Deinde

366 2161 490 2198 habeto
519 2163 683 2198 rationem
701 2162 796 2198 urbis
814 2162 933 2205 totius,
959 2162 1030 2196 col-

364 2210 532 2257 legiorum
561 2212 731 2266 omnium,
768 2223 951 2265 pagorum,
975 2211 1030 2246 vi-

364 2259 555 2294 cinitatum.
607 2261 664 2296 Ex
700 2260 740 2295 iis
768 2272 944 2314 principes
987 2259 1030 2294 ad

366 2307 549 2342 :imicitiam
567 2317 662 2343 tuam
680 2309 704 2343 fi
722 2307 941 2356 adjunxeris3
970 2320 1032 2356 per

364 2368 421 2391 eos
447 2356 614 2404 reliquam
644 2357 904 2392 multitudinem
930 2356 1031 2392 facile

365 2405 508 2440 tenebis.
560 2405 679 2441 Postea
696 2415 804 2441 totam
822 2407 956 2442 Italiam
973 2405 1030 2440 fac

365 2464 405 2489 ut
434 2454 467 2489 in
497 2453 612 2491 animo
638 2464 674 2491 et
702 2454 737 2490 in
770 2457 945 2492 memoria.
966 2454 1031 2491 tibi

1675 229 1749 271 231

1086 309 1303 346 distributam
1320 311 1666 361 comprehensamque
1694 315 1754 350 ha·

1087 359 1189 393 beas:
1218 371 1259 393 ne
1284 361 1381 407 quod
1405 361 1658 409 Municipium,
1684 365 1754 400 Co—

1086 407 1227 448 Ioniam,
1254 407 1515 452 Praefedturam‚
1547 412 1664 446 locum
1693 413 1753 449 de-

1087 454 1192 502 nique
1209 456 1319 491 Italiae
1335 468 1378 491 ne
1394 469 1497 503 quem
1520 460 1584 494 esse
1613 461 1753 505 patiare,

1087 516 1122 538 in
1151 515 1241 551 quos
1279 516 1348 540 non
1386 505 1511 542 habeas
1547 508 1752 546 firmamenti

1087 552 1183 606 quod
1211 552 1288 588 satis
1316 554 1381 588 esse
1406 556 1517 601 possit.
1569 557 1753 604 Perquiras

1086 601 1189 636 etiam
1228 612 1262 637 et
1302 602 1480 649 investiges
1523 603 1678 641 homines
1710 619 1753 642 ex

1087 650 1181 684 omni
1211 649 1374 697 regione;
1402 651 1527 698 eosque
1557 654 1754 709 cognoscas,

1087 708 1240 745 appetas,
1279 678 1473 743 confirmes,
1508 713 1618 743 cures,
1651 713 1690 737 ut
1720 704 1753 738 in

1087 747 1152 782 suis
1186 747 1423 784 vicinitatibus
1454 748 1516 784 tibi
1548 751 1664 797 aliquo
1694 765 1752 798 pe-

1086 805 1172 839 tant,
1198 806 1232 831 et
1249 806 1308 831 tua
1331 797 1431 832 causa
1457 798 1552 844 quafi
1581 800 1752 836 candidati

1086 845 1163 881 fint.
1195 845 1227 878 W
1229 846 1323 880 olent
1341 855 1374 880 te
1390 846 1553 889 amicum,
1581 848 1604 882 fi
1624 848 1715 884 suam
1733 861 1752 883 a

1085 902 1118 927 te
1148 893 1331 928 amicitiam
1349 896 1462 942 expeti
1481 896 1660 932 videbunt.
1711 898 1753 934 ld

1087 951 1126 976 ut
1155 942 1358 989 intelligant,
1394 943 1559 987 oratione,
1598 957 1680 992 quae
1710 947 1754 981 ad

1085 1002 1159 1026 eam
1190 991 1354 1026 rationem
1384 994 1542 1039 pertinet,
1569 994 1754 1042 conseque-

1086 1051 1129 1074 re.
1172 1040 1343 1075 Homines
1360 1041 1585 1089 municipales
1603 1053 1637 1078 et
1654 1044 1753 1079 rusti·

1085 1087 1171 1128 cani,
1201 1089 1223 1124 fi
1252 1089 1390 1124 nomine
1411 1099 1546 1126 tantum
1570 1092 1643 1127 noti
1662 1092 1751 1135 sunt,

1085 1136 1119 1171 in
1138 1137 1286 1172 amicitia
1304 1137 1334 1173 se
1356 1138 1420 1174 esse
1445 1139 1663 1176 arbitrantur.
1714 1142 1752 1176 Si

1085 1197 1168 1220 vero
1183 1186 1286 1221 etiam
1305 1187 1453 1233 praefidii
1480 1187 1511 1222 se
1535 1188 1667 1236 aliquid
1690 1189 1753 1225 fibi

1087 1234 1290 1269 constituere
1317 1245 1454 1282 putant,
1491 1249 1558 1271 non
1589 1239 1755 1274 amittunt

1085 1283 1295 1318 Occaslonem
1315 1286 1541 1339 promerendi.
1587 1287 1668 1321 Hos
1686 1299 1752 1322 cae-

1086 1330 1159 1373 teri,
1185 1341 1218 1366 et
1240 1333 1389 1367 maxime
1418 1333 1468 1368 tui
1496 1335 1750 1382 competitores,

1085 1391 1127 1414 ne
1144 1391 1272 1415 norunt
1289 1381 1454 1428 quidem:
1483 1391 1522 1416 tu
1543 1392 1576 1417 et
1594 1384 1693 1438 nosti,
1718 1395 1753 1420 et

1083 1428 1183 1463 facile
1200 1430 1407 1477 cognosces·,
1430 1430 1497 1465 fine
1513 1443 1585 1478 quo
1603 1432 1753 1468 amicitia

1083 1478 1147 1512 effe
1163 1489 1233 1512 non
1251 1479 1372 1525 potest.
1423 1480 1550 1526 Neque
1576 1480 1609 1515 id
1637 1491 1752 1517 tamen

1083 1526 1160 1562 satis
1188 1526 1248 1568 est,
1274 1527 1404 1563 tametfi
1435 1540 1601 1575 magnum
1629 1531 1688 1572 est,
1726 1531 1752 1567 fi

1084 1588 1152 1611 non
1171 1576 1399 1631 consequatur
1421 1577 1494 1624 spes
1520 1577 1677 1614 utilitatis
1701 1590 1751 1615 at-

1082 1635 1153 1673 que
1169 1624 1355 1666 amicitiae·,
1382 1638 1425 1661 ne
1447 1627 1682 1663 nomenclator
1698 1628 1753 1664 so-

1084 1675 1172 1717 lum,
1198 1673 1253 1708 sed
1268 1674 1401 1709 amicus
1421 1675 1524 1710 etiam
1544 1675 1668 1719 bonus,
1686 1678 1751 1713 ess‘e

1081 1723 1226 1758 videare.
1279 1723 1344 1765 Ita,
1383 1735 1464 1758 cum
1492 1733 1527 1759 et
1555 1724 1617 1760 hos
1648 1725 1751 1773 ipsos,

1083 1781 1224 1819 propter
1266 1770 1359 1806 suam
1403 1771 1653 1816 ambitionem,
1688 1787 1750 1822 qui

1083 1820 1176 1867 apud
1194 1819 1336 1856 tribules
1354 1820 1431 1856 suos
1456 1821 1649 1867 plurimum
1674 1835 1752 1870 gra-

1083 1870 1131 1903 tia
1148 1869 1298 1916 poffunt,
1325 1870 1376 1904 tui
1394 1870 1585 1905 studiosos
1577 1883 1611 1905 in
1629 1882 1750 1907 centu-

1084 1918 1140 1952 riis
1158 1917 1292 1959 habeas,
1319 1929 1352 1953 et
1381 1929 1536 1961 caeterOS,
1564 1919 1625 1966 qui
1655 1921 1750 1968 apud

1082 1967 1234 2013 aliquam
1263 1976 1394 2013 partem
1422 1967 1621 2023 tribulium,
1643 1981 1750 2017 prop-

1082 2025 1133 2050 ter
1170 2015 1364 2070 municipii,
1403 2025 1463 2051 aut
1491 2016 1652 2058 civitatis,
1691 2028 1750 2054 aut

1081 2063 1230 2111 collegii,
1258 2065 1423 2100 rationem
1449 2065 1576 2120 valent,
1603 2067 1751 2113 cupidos

1081 2114 1130 2148 tui
1149 2112 1376 2157 constitueris,
1403 2114 1436 2148 in
1463 2114 1598 2168 optima
1614 2115 1670 2162 spe
1686 2116 1753 2151 esse

1080 2162 1232 2197 debebis.
1284 2163 1385 2207 Jam
1395 2163 1553 2209 equitum
1583 2164 1749 2200 centuriae

1080 2211 1193 2246 multo
1208 2209 1344 2246 facilius
1363 2211 1446 2246 mihi
1463 2211 1639 2258 diligentia
1655 2213 1750 2259 posse

1080 2260 1185 2295 teneri
1202 2260 1372 2295 videntur.
1424 2260 1581 2295 Primum
1604 2261 1746 2307 coguos-

1079 2309 1177 2343 cendi
1209 2308 1286 2343 sunt
1319 2308 1475 2356 equites;
1515 2308 1616 2355 pauci
1655 2309 1748 2346 enim

1079 2357 1178 2392 sunt:
1207 2357 1329 2392 deinde
1355 2356 1572 2403 adipiscendi.
1624 2357 1748 2394 Multo

1079 2415 1195 2441 autem
1227 2405 1363 2440 facilius
1395 2406 1452 2439 illa
1480 2404 1747 2442 adolescentulo.

1080 2466 1159 2491 rum
1189 2454 1234 2490 ad
1262 2453 1448 2490 amicitiam
1476 2464 1559 2491 aetas
1589 2453 1745 2503 adjungi-
