<?xml version="1.0" encoding="UTF-8"?>
<!DOCTYPE html PUBLIC "-//W3C//DTD XHTML 1.0 Transitional//EN"
    "http://www.w3.org/TR/xhtml1/DTD/xhtml1-transitional.dtd">
<html xmlns="http://www.w3.org/1999/xhtml" xml:lang="en" lang="en">
 <head>
  <title>
</title>
<meta http-equiv="Content-Type" content="text/html;charset=utf-8" />
  <meta name='ocr-system' content='tesseract 3.04.00' />
  <meta name='ocr-capabilities' content='ocr_page ocr_carea ocr_par ocr_line ocrx_word'/>
</head>
<body>
  <div class='ocr_page' id='page_1' title='image "./operacumindicibu09ciceuoft_0353.png"; bbox 0 0 2241 2994; ppageno 0'>
   <div class='ocr_carea' id='block_1_1' title="bbox 396 238 1018 370">
    <p class='ocr_par' dir='ltr' id='par_1_1' title="bbox 396 238 1018 370">
     <span class='ocr_line' id='line_1_1' title="bbox 741 238 1014 279; baseline -0.004 0"><span class='ocrx_word' id='word_1_1' title='bbox 741 239 786 279; x_wconf 93' lang='lat' dir='ltr'>H</span> <span class='ocrx_word' id='word_1_2' title='bbox 835 239 855 279; x_wconf 90' lang='lat' dir='ltr'>I</span> <span class='ocrx_word' id='word_1_3' title='bbox 903 239 926 278; x_wconf 91' lang='lat' dir='ltr'>S</span> <span class='ocrx_word' id='word_1_4' title='bbox 973 238 1014 278; x_wconf 93' lang='lat' dir='ltr'>T</span> 
     </span>
     <span class='ocr_line' id='line_1_2' title="bbox 396 332 1018 370; baseline 0.002 -2"><span class='ocrx_word' id='word_1_5' title='bbox 396 332 470 369; x_wconf 89' lang='lat' dir='ltr'>Dio</span> <span class='ocrx_word' id='word_1_6' title='bbox 487 333 547 369; x_wconf 90' lang='lat' dir='ltr'>lib.</span> <span class='ocrx_word' id='word_1_7' title='bbox 561 333 714 370; x_wconf 82' lang='lat' dir='ltr'>XLVII.</span> <span class='ocrx_word' id='word_1_8' title='bbox 742 337 766 354; x_wconf 92' lang='lat'><strong>“</strong></span> <span class='ocrx_word' id='word_1_9' title='bbox 785 333 862 369; x_wconf 92' lang='lat' dir='ltr'>Ubi</span> <span class='ocrx_word' id='word_1_10' title='bbox 880 333 1018 369; x_wconf 89' lang='lat' dir='ltr'>Cicero-</span> 
     </span>
    </p>
   </div>
   <div class='ocr_carea' id='block_1_2' title="bbox 330 380 1018 2522">
    <p class='ocr_par' dir='ltr' id='par_1_2' title="bbox 342 380 1018 1193">
     <span class='ocr_line' id='line_1_3' title="bbox 348 380 1018 430; baseline 0.001 -14"><span class='ocrx_word' id='word_1_11' title='bbox 348 383 374 401; x_wconf 89' lang='lat'><strong><em>“</em></strong></span> <span class='ocrx_word' id='word_1_12' title='bbox 394 382 446 416; x_wconf 90' lang='lat' dir='ltr'>nis</span> <span class='ocrx_word' id='word_1_13' title='bbox 464 392 570 430; x_wconf 87' lang='lat' dir='ltr'>caput</span> <span class='ocrx_word' id='word_1_14' title='bbox 587 383 728 417; x_wconf 83' lang='lat' dir='ltr'>allatum</span> <span class='ocrx_word' id='word_1_15' title='bbox 747 380 827 424; x_wconf 91' lang='lat' dir='ltr'>fuit,</span> <span class='ocrx_word' id='word_1_16' title='bbox 840 381 1018 417; x_wconf 88' lang='lat' dir='ltr'>Antonius</span> 
     </span>
     <span class='ocr_line' id='line_1_4' title="bbox 347 430 1017 478; baseline -0.001 -13"><span class='ocrx_word' id='word_1_17' title='bbox 347 432 373 450; x_wconf 86' lang='lat'><strong>“</strong></span> <span class='ocrx_word' id='word_1_18' title='bbox 393 431 512 465; x_wconf 89' lang='lat' dir='ltr'>multis</span> <span class='ocrx_word' id='word_1_19' title='bbox 539 440 573 465; x_wconf 90' lang='lat' dir='ltr'>et</span> <span class='ocrx_word' id='word_1_20' title='bbox 599 431 766 477; x_wconf 85' lang='lat' dir='ltr'>gravibus</span> <span class='ocrx_word' id='word_1_21' title='bbox 789 430 924 478; x_wconf 87' lang='lat' dir='ltr'>probris</span> <span class='ocrx_word' id='word_1_22' title='bbox 944 430 1017 464; x_wconf 79' lang='lat' dir='ltr'>illa-</span> 
     </span>
     <span class='ocr_line' id='line_1_5' title="bbox 348 478 1016 526; baseline 0.001 -14"><span class='ocrx_word' id='word_1_23' title='bbox 348 481 374 498; x_wconf 88' lang='lat'><strong>“</strong></span> <span class='ocrx_word' id='word_1_24' title='bbox 391 478 447 519; x_wconf 89' lang='lat' dir='ltr'>tis,</span> <span class='ocrx_word' id='word_1_25' title='bbox 478 478 566 513; x_wconf 88' lang='lat' dir='ltr'>illud</span> <span class='ocrx_word' id='word_1_26' title='bbox 591 478 819 526; x_wconf 82' lang='lat' dir='ltr'>proRostris,</span> <span class='ocrx_word' id='word_1_27' title='bbox 845 479 924 513; x_wconf 89' lang='lat' dir='ltr'>loco</span> <span class='ocrx_word' id='word_1_28' title='bbox 943 491 1016 526; x_wconf 83' lang='lat' dir='ltr'>prae</span> 
     </span>
     <span class='ocr_line' id='line_1_6' title="bbox 347 526 1016 574; baseline 0.001 -14"><span class='ocrx_word' id='word_1_29' title='bbox 347 526 464 561; x_wconf 88' lang='lat' dir='ltr'>“aliis</span> <span class='ocrx_word' id='word_1_30' title='bbox 495 526 694 574; x_wconf 87' lang='lat' dir='ltr'>conspicuo,</span> <span class='ocrx_word' id='word_1_31' title='bbox 731 528 814 574; x_wconf 88' lang='lat' dir='ltr'>poni</span> <span class='ocrx_word' id='word_1_32' title='bbox 839 526 948 574; x_wconf 85' lang='lat' dir='ltr'>juffit,</span> <span class='ocrx_word' id='word_1_33' title='bbox 977 536 1016 562; x_wconf 86' lang='lat' dir='ltr'>ut</span> 
     </span>
     <span class='ocr_line' id='line_1_7' title="bbox 347 575 1015 623; baseline 0.003 -14"><span class='ocrx_word' id='word_1_34' title='bbox 347 577 372 594; x_wconf 89' lang='lat'><strong><em>“</em></strong></span> <span class='ocrx_word' id='word_1_35' title='bbox 392 575 482 609; x_wconf 88' lang='lat' dir='ltr'>unde</span> <span class='ocrx_word' id='word_1_36' title='bbox 498 575 532 610; x_wconf 88' lang='lat' dir='ltr'>in</span> <span class='ocrx_word' id='word_1_37' title='bbox 552 575 661 623; x_wconf 85' lang='lat' dir='ltr'>ipsum</span> <span class='ocrx_word' id='word_1_38' title='bbox 681 576 786 611; x_wconf 90' lang='lat' dir='ltr'>verba</span> <span class='ocrx_word' id='word_1_39' title='bbox 810 575 937 610; x_wconf 83' lang='lat' dir='ltr'>faciens</span> <span class='ocrx_word' id='word_1_40' title='bbox 956 587 1015 611; x_wconf 88' lang='lat' dir='ltr'>au-</span> 
     </span>
     <span class='ocr_line' id='line_1_8' title="bbox 346 622 1016 671; baseline 0.003 -14"><span class='ocrx_word' id='word_1_41' title='bbox 346 625 372 643; x_wconf 89' lang='lat'><strong>“</strong></span> <span class='ocrx_word' id='word_1_42' title='bbox 390 623 483 658; x_wconf 90' lang='lat' dir='ltr'>ditus</span> <span class='ocrx_word' id='word_1_43' title='bbox 501 622 625 667; x_wconf 83' lang='lat' dir='ltr'>fuerat,</span> <span class='ocrx_word' id='word_1_44' title='bbox 653 624 699 659; x_wconf 88' lang='lat' dir='ltr'>ibi</span> <span class='ocrx_word' id='word_1_45' title='bbox 721 634 827 671; x_wconf 86' lang='lat' dir='ltr'>caput</span> <span class='ocrx_word' id='word_1_46' title='bbox 844 623 917 670; x_wconf 84' lang='lat' dir='ltr'>ejus</span> <span class='ocrx_word' id='word_1_47' title='bbox 935 636 1016 659; x_wconf 89' lang='lat' dir='ltr'>cum</span> 
     </span>
     <span class='ocr_line' id='line_1_9' title="bbox 347 672 1018 720; baseline 0.001 -14"><span class='ocrx_word' id='word_1_48' title='bbox 347 675 371 692; x_wconf 92' lang='lat'><strong>“</strong></span> <span class='ocrx_word' id='word_1_49' title='bbox 390 684 494 707; x_wconf 91' lang='lat' dir='ltr'>manu</span> <span class='ocrx_word' id='word_1_50' title='bbox 511 672 642 716; x_wconf 82' lang='lat' dir='ltr'>dextra,</span> <span class='ocrx_word' id='word_1_51' title='bbox 660 685 741 720; x_wconf 89' lang='lat' dir='ltr'>quae</span> <span class='ocrx_word' id='word_1_52' title='bbox 760 673 859 708; x_wconf 78' lang='lat' dir='ltr'>simul</span> <span class='ocrx_word' id='word_1_53' title='bbox 877 673 1018 720; x_wconf 85' lang='lat' dir='ltr'>praecisa</span> 
     </span>
     <span class='ocr_line' id='line_1_10' title="bbox 345 719 1017 768; baseline 0.003 -14"><span class='ocrx_word' id='word_1_54' title='bbox 345 723 372 740; x_wconf 87' lang='lat'><strong><em>“</em></strong></span> <span class='ocrx_word' id='word_1_55' title='bbox 389 719 513 763; x_wconf 87' lang='lat' dir='ltr'>fuerat,</span> <span class='ocrx_word' id='word_1_56' title='bbox 564 722 824 768; x_wconf 83' lang='lat' dir='ltr'>conspiceretur.</span> <span class='ocrx_word' id='word_1_57' title='bbox 890 722 1017 756; x_wconf 82' lang='lat' dir='ltr'>Fulvia</span> 
     </span>
     <span class='ocr_line' id='line_1_11' title="bbox 346 769 1015 817; baseline 0.003 -14"><span class='ocrx_word' id='word_1_58' title='bbox 346 773 472 804; x_wconf 91' lang='lat' dir='ltr'>“vero</span> <span class='ocrx_word' id='word_1_59' title='bbox 502 780 621 817; x_wconf 88' lang='lat' dir='ltr'>caput,</span> <span class='ocrx_word' id='word_1_60' title='bbox 652 780 836 817; x_wconf 88' lang='lat' dir='ltr'>antequam</span> <span class='ocrx_word' id='word_1_61' title='bbox 869 769 1015 805; x_wconf 86' lang='lat' dir='ltr'>auferre-</span> 
     </span>
     <span class='ocr_line' id='line_1_12' title="bbox 345 818 1016 865; baseline 0.003 -13"><span class='ocrx_word' id='word_1_62' title='bbox 345 820 370 837; x_wconf 92' lang='lat'><strong>“</strong></span> <span class='ocrx_word' id='word_1_63' title='bbox 389 828 459 860; x_wconf 90' lang='lat' dir='ltr'>tur,</span> <span class='ocrx_word' id='word_1_64' title='bbox 498 818 532 852; x_wconf 88' lang='lat' dir='ltr'>in</span> <span class='ocrx_word' id='word_1_65' title='bbox 563 830 684 853; x_wconf 86' lang='lat' dir='ltr'>manus</span> <span class='ocrx_word' id='word_1_66' title='bbox 717 818 871 865; x_wconf 78' lang='lat' dir='ltr'><strong>sumpsit,</strong></span> <span class='ocrx_word' id='word_1_67' title='bbox 911 828 1016 865; x_wconf 88' lang='lat' dir='ltr'>atque</span> 
     </span>
     <span class='ocr_line' id='line_1_13' title="bbox 344 866 1014 902; baseline 0.003 -2"><span class='ocrx_word' id='word_1_68' title='bbox 344 869 370 886; x_wconf 90' lang='lat'><strong>“</strong></span> <span class='ocrx_word' id='word_1_69' title='bbox 388 866 563 902; x_wconf 87' lang='lat' dir='ltr'>atrocibus</span> <span class='ocrx_word' id='word_1_70' title='bbox 581 867 695 902; x_wconf 90' lang='lat' dir='ltr'>verbis</span> <span class='ocrx_word' id='word_1_71' title='bbox 714 866 861 902; x_wconf 86' lang='lat' dir='ltr'>illudens</span> <span class='ocrx_word' id='word_1_72' title='bbox 881 876 915 902; x_wconf 89' lang='lat' dir='ltr'>et</span> <span class='ocrx_word' id='word_1_73' title='bbox 932 879 1014 902; x_wconf 86' lang='lat' dir='ltr'>con-</span> 
     </span>
     <span class='ocr_line' id='line_1_14' title="bbox 343 915 1014 962; baseline 0.001 -13"><span class='ocrx_word' id='word_1_74' title='bbox 343 918 369 934; x_wconf 90' lang='lat'><strong>“</strong></span> <span class='ocrx_word' id='word_1_75' title='bbox 387 915 509 961; x_wconf 88' lang='lat' dir='ltr'>spuens</span> <span class='ocrx_word' id='word_1_76' title='bbox 526 915 673 962; x_wconf 88' lang='lat' dir='ltr'>genibus</span> <span class='ocrx_word' id='word_1_77' title='bbox 692 915 759 950; x_wconf 86' lang='lat' dir='ltr'>suis</span> <span class='ocrx_word' id='word_1_78' title='bbox 779 915 953 962; x_wconf 85' lang='lat' dir='ltr'>imposuit,</span> <span class='ocrx_word' id='word_1_79' title='bbox 979 925 1014 950; x_wconf 91' lang='lat' dir='ltr'>et</span> 
     </span>
     <span class='ocr_line' id='line_1_15' title="bbox 343 962 1012 1010; baseline 0 -12"><span class='ocrx_word' id='word_1_80' title='bbox 343 962 543 1010; x_wconf 87' lang='lat' dir='ltr'>“linguam</span> <span class='ocrx_word' id='word_1_81' title='bbox 572 963 616 999; x_wconf 64' lang='lat' dir='ltr'>eit</span> <span class='ocrx_word' id='word_1_82' title='bbox 645 977 704 1000; x_wconf 90' lang='lat' dir='ltr'>ore</span> <span class='ocrx_word' id='word_1_83' title='bbox 727 965 913 999; x_wconf 71' lang='lat' dir='ltr'>extractam</span> <span class='ocrx_word' id='word_1_84' title='bbox 932 976 1012 999; x_wconf 91' lang='lat' dir='ltr'>acu-</span> 
     </span>
     <span class='ocr_line' id='line_1_16' title="bbox 344 1011 1011 1060; baseline 0.003 -15"><span class='ocrx_word' id='word_1_85' title='bbox 344 1015 369 1032; x_wconf 89' lang='lat'><strong>“</strong></span> <span class='ocrx_word' id='word_1_86' title='bbox 389 1011 465 1046; x_wconf 83' lang='lat' dir='ltr'>bus.</span> <span class='ocrx_word' id='word_1_87' title='bbox 493 1013 624 1060; x_wconf 88' lang='lat' dir='ltr'>quibus</span> <span class='ocrx_word' id='word_1_88' title='bbox 651 1013 693 1047; x_wconf 86' lang='lat' dir='ltr'>ad</span> <span class='ocrx_word' id='word_1_89' title='bbox 711 1013 832 1060; x_wconf 86' lang='lat' dir='ltr'>capitis</span> <span class='ocrx_word' id='word_1_90' title='bbox 851 1023 1011 1048; x_wconf 88' lang='lat' dir='ltr'>ornatum</span> 
     </span>
     <span class='ocr_line' id='line_1_17' title="bbox 343 1061 1012 1109; baseline 0.003 -15"><span class='ocrx_word' id='word_1_91' title='bbox 343 1064 368 1080; x_wconf 92' lang='lat'><strong><em>“</em></strong></span> <span class='ocrx_word' id='word_1_92' title='bbox 388 1061 560 1102; x_wconf 87' lang='lat' dir='ltr'>utebatur,</span> <span class='ocrx_word' id='word_1_93' title='bbox 611 1062 836 1109; x_wconf 87' lang='lat' dir='ltr'>compunxit,</span> <span class='ocrx_word' id='word_1_94' title='bbox 889 1061 1012 1096; x_wconf 84' lang='lat' dir='ltr'>additis</span> 
     </span>
     <span class='ocr_line' id='line_1_18' title="bbox 343 1109 1012 1158; baseline 0.004 -15"><span class='ocrx_word' id='word_1_95' title='bbox 343 1112 368 1129; x_wconf 88' lang='lat'><strong>“</strong></span> <span class='ocrx_word' id='word_1_96' title='bbox 387 1110 505 1144; x_wconf 83' lang='lat' dir='ltr'>multis</span> <span class='ocrx_word' id='word_1_97' title='bbox 536 1109 642 1158; x_wconf 86' lang='lat' dir='ltr'>iisque</span> <span class='ocrx_word' id='word_1_98' title='bbox 669 1111 866 1146; x_wconf 84' lang='lat' dir='ltr'>execrandis</span> <span class='ocrx_word' id='word_1_99' title='bbox 883 1121 1012 1158; x_wconf 87' lang='lat' dir='ltr'>oppro-</span> 
     </span>
     <span class='ocr_line' id='line_1_19' title="bbox 342 1158 506 1193; baseline 0.012 -2"><span class='ocrx_word' id='word_1_100' title='bbox 342 1161 368 1177; x_wconf 89' lang='lat'><strong>“</strong></span> <span class='ocrx_word' id='word_1_101' title='bbox 388 1158 506 1193; x_wconf 88' lang='lat' dir='ltr'>briis.&#39;’</span> 
     </span>
    </p>

    <p class='ocr_par' dir='ltr' id='par_1_3' title="bbox 338 1207 1014 1680">
     <span class='ocr_line' id='line_1_20' title="bbox 391 1207 1014 1254; baseline 0.002 -13"><span class='ocrx_word' id='word_1_102' title='bbox 391 1207 541 1243; x_wconf 88' lang='lat' dir='ltr'>Livius:</span> <span class='ocrx_word' id='word_1_103' title='bbox 582 1208 637 1242; x_wconf 87' lang='lat' dir='ltr'>Ita</span> <span class='ocrx_word' id='word_1_104' title='bbox 670 1208 804 1242; x_wconf 85' lang='lat' dir='ltr'>relatum</span> <span class='ocrx_word' id='word_1_105' title='bbox 837 1214 931 1254; x_wconf 87' lang='lat' dir='ltr'>caput</span> <span class='ocrx_word' id='word_1_106' title='bbox 969 1207 1014 1242; x_wconf 88' lang='lat' dir='ltr'>ad</span> 
     </span>
     <span class='ocr_line' id='line_1_21' title="bbox 340 1255 1013 1303; baseline -0.001 -12"><span class='ocrx_word' id='word_1_107' title='bbox 340 1256 523 1299; x_wconf 84' lang='lat' dir='ltr'>Antonium,</span> <span class='ocrx_word' id='word_1_108' title='bbox 556 1255 691 1303; x_wconf 75' lang='lat' dir='ltr'>juffieque</span> <span class='ocrx_word' id='word_1_109' title='bbox 723 1258 788 1302; x_wconf 88' lang='lat' dir='ltr'>ejus</span> <span class='ocrx_word' id='word_1_110' title='bbox 820 1259 903 1292; x_wconf 86' lang='lat' dir='ltr'>inter</span> <span class='ocrx_word' id='word_1_111' title='bbox 934 1255 1013 1291; x_wconf 90' lang='lat' dir='ltr'>duas</span> 
     </span>
     <span class='ocr_line' id='line_1_22' title="bbox 342 1305 1014 1350; baseline 0.001 -12"><span class='ocrx_word' id='word_1_112' title='bbox 342 1316 452 1339; x_wconf 87' lang='lat' dir='ltr'>manus</span> <span class='ocrx_word' id='word_1_113' title='bbox 480 1307 513 1339; x_wconf 88' lang='lat' dir='ltr'>in</span> <span class='ocrx_word' id='word_1_114' title='bbox 543 1306 664 1349; x_wconf 80' lang='lat' dir='ltr'>Rostris</span> <span class='ocrx_word' id='word_1_115' title='bbox 689 1305 836 1350; x_wconf 85' lang='lat' dir='ltr'>pofitum,</span> <span class='ocrx_word' id='word_1_116' title='bbox 876 1305 931 1339; x_wconf 82' lang='lat' dir='ltr'>ubi</span> <span class='ocrx_word' id='word_1_117' title='bbox 962 1305 1014 1339; x_wconf 90' lang='lat' dir='ltr'>ille</span> 
     </span>
     <span class='ocr_line' id='line_1_23' title="bbox 341 1353 1014 1400; baseline 0 -12"><span class='ocrx_word' id='word_1_118' title='bbox 341 1353 466 1398; x_wconf 84' lang='lat' dir='ltr'>Consul,</span> <span class='ocrx_word' id='word_1_119' title='bbox 500 1353 554 1388; x_wconf 83' lang='lat' dir='ltr'>ubi</span> <span class='ocrx_word' id='word_1_120' title='bbox 572 1353 656 1400; x_wconf 76' lang='lat' dir='ltr'>saepe</span> <span class='ocrx_word' id='word_1_121' title='bbox 686 1354 866 1399; x_wconf 87' lang='lat' dir='ltr'>consularis,</span> <span class='ocrx_word' id='word_1_122' title='bbox 903 1353 958 1388; x_wconf 87' lang='lat' dir='ltr'>ubi</span> <span class='ocrx_word' id='word_1_123' title='bbox 982 1366 1014 1388; x_wconf 90' lang='lat' dir='ltr'>eo</span> 
     </span>
     <span class='ocr_line' id='line_1_24' title="bbox 340 1402 1013 1449; baseline 0 -14"><span class='ocrx_word' id='word_1_124' title='bbox 340 1402 403 1446; x_wconf 84' lang='lat' dir='ltr'>ipso</span> <span class='ocrx_word' id='word_1_125' title='bbox 420 1414 502 1436; x_wconf 85' lang='lat' dir='ltr'>anno</span> <span class='ocrx_word' id='word_1_126' title='bbox 519 1402 668 1448; x_wconf 83' lang='lat' dir='ltr'>adversus</span> <span class='ocrx_word' id='word_1_127' title='bbox 686 1403 868 1444; x_wconf 87' lang='lat' dir='ltr'>Antonium,</span> <span class='ocrx_word' id='word_1_128' title='bbox 894 1409 1013 1449; x_wconf 88' lang='lat' dir='ltr'>quanta</span> 
     </span>
     <span class='ocr_line' id='line_1_25' title="bbox 340 1450 1011 1498; baseline 0.003 -15"><span class='ocrx_word' id='word_1_129' title='bbox 340 1450 425 1484; x_wconf 86' lang='lat' dir='ltr'>nulla</span> <span class='ocrx_word' id='word_1_130' title='bbox 443 1463 577 1498; x_wconf 83' lang='lat' dir='ltr'>unquam</span> <span class='ocrx_word' id='word_1_131' title='bbox 602 1452 742 1485; x_wconf 77' lang='lat' dir='ltr'>humana</span> <span class='ocrx_word' id='word_1_132' title='bbox 767 1463 842 1492; x_wconf 86' lang='lat' dir='ltr'>vox,</span> <span class='ocrx_word' id='word_1_133' title='bbox 870 1463 936 1485; x_wconf 85' lang='lat' dir='ltr'>cum</span> <span class='ocrx_word' id='word_1_134' title='bbox 954 1451 1011 1485; x_wconf 83' lang='lat' dir='ltr'>ad-</span> 
     </span>
     <span class='ocr_line' id='line_1_26' title="bbox 338 1499 1010 1548; baseline 0 -15"><span class='ocrx_word' id='word_1_135' title='bbox 338 1501 504 1534; x_wconf 79' lang='lat' dir='ltr'>miratione</span> <span class='ocrx_word' id='word_1_136' title='bbox 528 1500 703 1548; x_wconf 85' lang='lat' dir='ltr'>eloquentiae</span> <span class='ocrx_word' id='word_1_137' title='bbox 728 1499 855 1534; x_wconf 77' lang='lat' dir='ltr'>auditus</span> <span class='ocrx_word' id='word_1_138' title='bbox 868 1499 984 1544; x_wconf 85' lang='lat' dir='ltr'>suerat</span> <span class='ocrx_word' id='word_1_139' title='bbox 998 1513 1010 1534; x_wconf 79' lang='lat'>.-</span> 
     </span>
     <span class='ocr_line' id='line_1_27' title="bbox 339 1548 1012 1594; baseline 0.001 -12"><span class='ocrx_word' id='word_1_140' title='bbox 339 1549 399 1582; x_wconf 83' lang='lat' dir='ltr'>vix</span> <span class='ocrx_word' id='word_1_141' title='bbox 410 1549 585 1583; x_wconf 82' lang='lat' dir='ltr'>attollentes</span> <span class='ocrx_word' id='word_1_142' title='bbox 602 1550 745 1594; x_wconf 81' lang='lat' dir='ltr'>lacrymis</span> <span class='ocrx_word' id='word_1_143' title='bbox 762 1549 859 1583; x_wconf 85' lang='lat' dir='ltr'>oculos</span> <span class='ocrx_word' id='word_1_144' title='bbox 875 1548 1012 1583; x_wconf 88' lang='lat' dir='ltr'>homines</span> 
     </span>
     <span class='ocr_line' id='line_1_28' title="bbox 338 1597 1011 1644; baseline 0.003 -14"><span class='ocrx_word' id='word_1_145' title='bbox 338 1598 453 1632; x_wconf 81' lang='lat' dir='ltr'>intueri</span> <span class='ocrx_word' id='word_1_146' title='bbox 475 1597 637 1632; x_wconf 88' lang='lat' dir='ltr'>trucidata</span> <span class='ocrx_word' id='word_1_147' title='bbox 664 1597 802 1632; x_wconf 84' lang='lat' dir='ltr'>membra</span> <span class='ocrx_word' id='word_1_148' title='bbox 831 1598 894 1644; x_wconf 69' lang='lat' dir='ltr'>ejus</span> <span class='ocrx_word' id='word_1_149' title='bbox 919 1605 1011 1643; x_wconf 85' lang='lat' dir='ltr'>pote-</span> 
     </span>
     <span class='ocr_line' id='line_1_29' title="bbox 339 1653 429 1680; baseline 0.011 -1"><span class='ocrx_word' id='word_1_150' title='bbox 339 1653 429 1680; x_wconf 87' lang='lat' dir='ltr'>rant.</span> 
     </span>
    </p>

    <p class='ocr_par' dir='ltr' id='par_1_4' title="bbox 330 1694 1011 2023">
     <span class='ocr_line' id='line_1_30' title="bbox 388 1694 1010 1741; baseline -0.002 -12"><span class='ocrx_word' id='word_1_151' title='bbox 388 1694 588 1730; x_wconf 86' lang='lat' dir='ltr'>Cremutius</span> <span class='ocrx_word' id='word_1_152' title='bbox 635 1695 772 1730; x_wconf 89' lang='lat' dir='ltr'>Cordus</span> <span class='ocrx_word' id='word_1_153' title='bbox 793 1707 800 1730; x_wconf 89' lang='lat'>:</span> <span class='ocrx_word' id='word_1_154' title='bbox 844 1694 1010 1741; x_wconf 73' lang='lat' dir='ltr'>Praecijme</span> 
     </span>
     <span class='ocr_line' id='line_1_31' title="bbox 337 1743 1007 1790; baseline -0.001 -12"><span class='ocrx_word' id='word_1_155' title='bbox 337 1751 442 1779; x_wconf 82' lang='lat' dir='ltr'>tamen</span> <span class='ocrx_word' id='word_1_156' title='bbox 455 1744 558 1788; x_wconf 80' lang='lat' dir='ltr'>solvit</span> <span class='ocrx_word' id='word_1_157' title='bbox 584 1748 712 1790; x_wconf 76' lang='lat' dir='ltr'>pec‘iora</span> <span class='ocrx_word' id='word_1_158' title='bbox 741 1745 874 1779; x_wconf 85' lang='lat' dir='ltr'>omnium</span> <span class='ocrx_word' id='word_1_159' title='bbox 900 1745 933 1778; x_wconf 85' lang='lat' dir='ltr'>in</span> <span class='ocrx_word' id='word_1_160' title='bbox 959 1743 1007 1777; x_wconf 92' lang='lat' dir='ltr'>la-</span> 
     </span>
     <span class='ocr_line' id='line_1_32' title="bbox 335 1792 1009 1839; baseline -0.001 -12"><span class='ocrx_word' id='word_1_161' title='bbox 335 1805 454 1838; x_wconf 71' lang='lat' dir='ltr'>crymas</span> <span class='ocrx_word' id='word_1_162' title='bbox 465 1795 654 1839; x_wconf 78' lang='lat' dir='ltr'>gemitusque</span> <span class='ocrx_word' id='word_1_163' title='bbox 669 1792 739 1838; x_wconf 67' lang='lat' dir='ltr'>visa</span> <span class='ocrx_word' id='word_1_164' title='bbox 767 1793 810 1827; x_wconf 87' lang='lat' dir='ltr'>ad</span> <span class='ocrx_word' id='word_1_165' title='bbox 825 1799 919 1838; x_wconf 82' lang='lat' dir='ltr'>caput</span> <span class='ocrx_word' id='word_1_166' title='bbox 944 1793 1009 1838; x_wconf 82' lang='lat' dir='ltr'>ejus</span> 
     </span>
     <span class='ocr_line' id='line_1_33' title="bbox 334 1841 1007 1888; baseline -0.003 -12"><span class='ocrx_word' id='word_1_167' title='bbox 334 1841 474 1888; x_wconf 67' lang='lat' dir='ltr'>deligata</span> <span class='ocrx_word' id='word_1_168' title='bbox 504 1854 611 1876; x_wconf 84' lang='lat' dir='ltr'>manus</span> <span class='ocrx_word' id='word_1_169' title='bbox 636 1845 760 1883; x_wconf 80' lang='lat' dir='ltr'>dextra,</span> <span class='ocrx_word' id='word_1_170' title='bbox 795 1841 914 1875; x_wconf 76' lang='lat' dir='ltr'>divinae</span> <span class='ocrx_word' id='word_1_171' title='bbox 947 1841 1007 1874; x_wconf 87' lang='lat' dir='ltr'>elo-</span> 
     </span>
     <span class='ocr_line' id='line_1_34' title="bbox 336 1889 1011 1938; baseline -0.003 -13"><span class='ocrx_word' id='word_1_172' title='bbox 336 1893 468 1938; x_wconf 78' lang='lat' dir='ltr'>quentiae</span> <span class='ocrx_word' id='word_1_173' title='bbox 485 1891 623 1935; x_wconf 84' lang='lat' dir='ltr'>ministra</span> <span class='ocrx_word' id='word_1_174' title='bbox 638 1904 649 1924; x_wconf 92' lang='lat'><em>:</em></span> <span class='ocrx_word' id='word_1_175' title='bbox 668 1898 901 1936; x_wconf 72' lang='lat' dir='ltr'>caterorumque</span> <span class='ocrx_word' id='word_1_176' title='bbox 916 1889 1011 1924; x_wconf 75' lang='lat' dir='ltr'>caedes</span> 
     </span>
     <span class='ocr_line' id='line_1_35' title="bbox 330 1937 1008 1986; baseline 0 -14"><span class='ocrx_word' id='word_1_177' title='bbox 330 1942 478 1986; x_wconf 83' lang='lat' dir='ltr'>privatos</span> <span class='ocrx_word' id='word_1_178' title='bbox 496 1939 595 1974; x_wconf 64' lang='lat' dir='ltr'>laetus</span> <span class='ocrx_word' id='word_1_179' title='bbox 613 1940 845 1981; x_wconf 81' lang='lat' dir='ltr'>excitaverunt,</span> <span class='ocrx_word' id='word_1_180' title='bbox 867 1937 924 1973; x_wconf 87' lang='lat' dir='ltr'>illa</span> <span class='ocrx_word' id='word_1_181' title='bbox 943 1949 1008 1972; x_wconf 88' lang='lat' dir='ltr'>una</span> 
     </span>
     <span class='ocr_line' id='line_1_36' title="bbox 333 2000 530 2023; baseline -0.005 0"><span class='ocrx_word' id='word_1_182' title='bbox 333 2000 530 2023; x_wconf 85' lang='lat' dir='ltr'>communem.</span> 
     </span>
    </p>

    <p class='ocr_par' dir='ltr' id='par_1_5' title="bbox 337 2035 1007 2231">
     <span class='ocr_line' id='line_1_37' title="bbox 384 2035 1006 2072; baseline -0.003 0"><span class='ocrx_word' id='word_1_183' title='bbox 384 2037 540 2072; x_wconf 87' lang='lat' dir='ltr'>Mortem</span> <span class='ocrx_word' id='word_1_184' title='bbox 567 2035 744 2072; x_wconf 85' lang='lat' dir='ltr'>Ciceronis</span> <span class='ocrx_word' id='word_1_185' title='bbox 760 2035 913 2071; x_wconf 70' lang='lat' dir='ltr'>versibus</span> <span class='ocrx_word' id='word_1_186' title='bbox 939 2035 1006 2070; x_wconf 91' lang='lat' dir='ltr'>ele·</span> 
     </span>
     <span class='ocr_line' id='line_1_38' title="bbox 337 2083 1007 2134; baseline -0.003 -14"><span class='ocrx_word' id='word_1_187' title='bbox 337 2085 537 2134; x_wconf 82' lang='lat' dir='ltr'>gantiffimis</span> <span class='ocrx_word' id='word_1_188' title='bbox 578 2084 776 2133; x_wconf 89' lang='lat' dir='ltr'>deploravit</span> <span class='ocrx_word' id='word_1_189' title='bbox 825 2083 1007 2120; x_wconf 88' lang='lat' dir='ltr'>Cornelius</span> 
     </span>
     <span class='ocr_line' id='line_1_39' title="bbox 338 2132 1004 2182; baseline -0.002 -13"><span class='ocrx_word' id='word_1_190' title='bbox 338 2138 508 2176; x_wconf 74' lang='lat' dir='ltr'>Severus3</span> <span class='ocrx_word' id='word_1_191' title='bbox 537 2134 571 2170; x_wconf 94' lang='lat' dir='ltr'>in</span> <span class='ocrx_word' id='word_1_192' title='bbox 590 2134 721 2182; x_wconf 89' lang='lat' dir='ltr'>quibus</span> <span class='ocrx_word' id='word_1_193' title='bbox 751 2133 841 2177; x_wconf 86' lang='lat' dir='ltr'>sunt,</span> <span class='ocrx_word' id='word_1_194' title='bbox 867 2133 929 2181; x_wconf 86' lang='lat' dir='ltr'>qui</span> <span class='ocrx_word' id='word_1_195' title='bbox 958 2132 1004 2168; x_wconf 89' lang='lat' dir='ltr'>se-</span> 
     </span>
     <span class='ocr_line' id='line_1_40' title="bbox 337 2192 519 2231; baseline 0 -14"><span class='ocrx_word' id='word_1_196' title='bbox 337 2192 519 2231; x_wconf 84' lang='lat' dir='ltr'>quuntur:</span> 
     </span>
    </p>

    <p class='ocr_par' dir='ltr' id='par_1_6' title="bbox 387 2230 1006 2277">
     <span class='ocr_line' id='line_1_41' title="bbox 387 2230 1006 2277; baseline -0.002 -11"><span class='ocrx_word' id='word_1_197' title='bbox 387 2231 522 2277; x_wconf 84' lang='lat' dir='ltr'>Abstulit</span> <span class='ocrx_word' id='word_1_198' title='bbox 547 2242 610 2266; x_wconf 89' lang='lat' dir='ltr'>una</span> <span class='ocrx_word' id='word_1_199' title='bbox 631 2230 692 2267; x_wconf 86' lang='lat' dir='ltr'>dies</span> <span class='ocrx_word' id='word_1_200' title='bbox 716 2233 781 2267; x_wconf 81' lang='lat' dir='ltr'>aevi</span> <span class='ocrx_word' id='word_1_201' title='bbox 798 2230 898 2274; x_wconf 84' lang='lat' dir='ltr'>decus,</span> <span class='ocrx_word' id='word_1_202' title='bbox 923 2233 1006 2265; x_wconf 64' lang='lat' dir='ltr'>itta—</span> 
     </span>
    </p>

    <p class='ocr_par' dir='ltr' id='par_1_7' title="bbox 435 2279 590 2327">
     <span class='ocr_line' id='line_1_42' title="bbox 435 2279 590 2327; baseline 0 -13"><span class='ocrx_word' id='word_1_203' title='bbox 435 2291 492 2327; x_wconf 85' lang='lat' dir='ltr'>que</span> <span class='ocrx_word' id='word_1_204' title='bbox 506 2279 590 2314; x_wconf 68' lang='lat' dir='ltr'>laetu</span> 
     </span>
    </p>

    <p class='ocr_par' dir='ltr' id='par_1_8' title="bbox 385 2327 1006 2375">
     <span class='ocr_line' id='line_1_43' title="bbox 385 2327 1006 2375; baseline 0 -12"><span class='ocrx_word' id='word_1_205' title='bbox 385 2329 539 2363; x_wconf 81' lang='lat' dir='ltr'>Conticuit</span> <span class='ocrx_word' id='word_1_206' title='bbox 576 2328 684 2364; x_wconf 82' lang='lat' dir='ltr'>Latiae</span> <span class='ocrx_word' id='word_1_207' title='bbox 716 2329 813 2374; x_wconf 84' lang='lat' dir='ltr'>tristis</span> <span class='ocrx_word' id='word_1_208' title='bbox 845 2327 1006 2375; x_wconf 86' lang='lat' dir='ltr'>facundia</span> 
     </span>
    </p>

    <p class='ocr_par' dir='ltr' id='par_1_9' title="bbox 435 2377 560 2423">
     <span class='ocr_line' id='line_1_44' title="bbox 435 2377 560 2423; baseline 0.016 -13"><span class='ocrx_word' id='word_1_209' title='bbox 435 2377 560 2423; x_wconf 84' lang='lat' dir='ltr'>linguae,</span> 
     </span>
    </p>

    <p class='ocr_par' dir='ltr' id='par_1_10' title="bbox 386 2425 1006 2473">
     <span class='ocr_line' id='line_1_45' title="bbox 386 2425 1006 2473; baseline 0 -12"><span class='ocrx_word' id='word_1_210' title='bbox 386 2428 484 2462; x_wconf 79' lang='lat' dir='ltr'>Unim</span> <span class='ocrx_word' id='word_1_211' title='bbox 493 2426 638 2471; x_wconf 80' lang='lat' dir='ltr'>sollicitis</span> <span class='ocrx_word' id='word_1_212' title='bbox 654 2426 803 2473; x_wconf 84' lang='lat' dir='ltr'>quondam</span> <span class='ocrx_word' id='word_1_213' title='bbox 819 2426 932 2469; x_wconf 84' lang='lat' dir='ltr'>tutela,</span> <span class='ocrx_word' id='word_1_214' title='bbox 950 2425 1006 2472; x_wconf 90' lang='lat' dir='ltr'>sa-</span> 
     </span>
    </p>

    <p class='ocr_par' dir='ltr' id='par_1_11' title="bbox 433 2475 545 2522">
     <span class='ocr_line' id='line_1_46' title="bbox 433 2475 545 2522; baseline -0.009 -13"><span class='ocrx_word' id='word_1_215' title='bbox 433 2475 545 2522; x_wconf 79' lang='lat' dir='ltr'>Iusque,</span> 
     </span>
    </p>
   </div>
   <div class='ocr_carea' id='block_1_3' title="bbox 415 2571 656 2612">
    <p class='ocr_par' dir='ltr' id='par_1_12' title="bbox 415 2571 656 2612">
     <span class='ocr_line' id='line_1_47' title="bbox 415 2571 656 2612; baseline 0 -1"><span class='ocrx_word' id='word_1_216' title='bbox 415 2572 483 2611; x_wconf 90' lang='lat' dir='ltr'>To</span> <span class='ocrx_word' id='word_1_217' title='bbox 495 2583 548 2612; x_wconf 85' lang='lat' dir='ltr'>M.</span> <span class='ocrx_word' id='word_1_218' title='bbox 579 2571 656 2611; x_wconf 89' lang='grc' dir='ltr'>ΙΧ.</span> 
     </span>
    </p>
   </div>
   <div class='ocr_carea' id='block_1_4' title="bbox 1063 238 1741 302">
    <p class='ocr_par' dir='ltr' id='par_1_13' title="bbox 1063 238 1741 302">
     <span class='ocr_line' id='line_1_48' title="bbox 1063 238 1741 302; baseline 0.007 -24"><span class='ocrx_word' id='word_1_219' title='bbox 1063 238 1357 282; x_wconf 83' lang='lat' dir='ltr'><strong>ORIA.</strong></span> <span class='ocrx_word' id='word_1_220' title='bbox 1664 259 1741 302; x_wconf 76' lang='lat'>343</span> 
     </span>
    </p>
   </div>
   <div class='ocr_carea' id='block_1_5' title="bbox 1049 335 1736 2523">
    <p class='ocr_par' dir='ltr' id='par_1_14' title="bbox 1118 335 1736 386">
     <span class='ocr_line' id='line_1_49' title="bbox 1118 335 1736 386; baseline 0.006 -16"><span class='ocrx_word' id='word_1_221' title='bbox 1118 335 1290 381; x_wconf 79' lang='lat' dir='ltr'>Egregium</span> <span class='ocrx_word' id='word_1_222' title='bbox 1317 337 1434 384; x_wconf 71' lang='lat' dir='ltr'>semper</span> <span class='ocrx_word' id='word_1_223' title='bbox 1461 339 1583 385; x_wconf 78' lang='lat' dir='ltr'>patriae</span> <span class='ocrx_word' id='word_1_224' title='bbox 1615 347 1708 386; x_wconf 83' lang='lat' dir='ltr'>caput</span> <span class='ocrx_word' id='word_1_225' title='bbox 1724 352 1736 374; x_wconf 83' lang='grc'>.-</span> 
     </span>
    </p>

    <p class='ocr_par' dir='ltr' id='par_1_15' title="bbox 1166 383 1367 420">
     <span class='ocr_line' id='line_1_50' title="bbox 1166 383 1367 420; baseline 0.02 -4"><span class='ocrx_word' id='word_1_226' title='bbox 1166 383 1218 418; x_wconf 86' lang='lat' dir='ltr'>ille</span> <span class='ocrx_word' id='word_1_227' title='bbox 1235 385 1367 420; x_wconf 87' lang='lat' dir='ltr'>Senatus</span> 
     </span>
    </p>

    <p class='ocr_par' dir='ltr' id='par_1_16' title="bbox 1116 431 1735 484">
     <span class='ocr_line' id='line_1_51' title="bbox 1116 431 1735 484; baseline 0.01 -19"><span class='ocrx_word' id='word_1_228' title='bbox 1116 431 1248 474; x_wconf 87' lang='lat' dir='ltr'>Vindex,</span> <span class='ocrx_word' id='word_1_229' title='bbox 1275 433 1327 468; x_wconf 90' lang='lat' dir='ltr'>ille</span> <span class='ocrx_word' id='word_1_230' title='bbox 1341 435 1425 480; x_wconf 89' lang='lat' dir='ltr'>sori,</span> <span class='ocrx_word' id='word_1_231' title='bbox 1452 435 1561 482; x_wconf 80' lang='lat' dir='ltr'>legum,</span> <span class='ocrx_word' id='word_1_232' title='bbox 1587 436 1735 484; x_wconf 81' lang='lat' dir='ltr'>ritusqtte‚</span> 
     </span>
    </p>

    <p class='ocr_par' dir='ltr' id='par_1_17' title="bbox 1165 488 1310 527">
     <span class='ocr_line' id='line_1_52' title="bbox 1165 488 1310 527; baseline 0 -13"><span class='ocrx_word' id='word_1_233' title='bbox 1165 488 1310 527; x_wconf 74' lang='lat' dir='ltr'>togaeque.</span> 
     </span>
    </p>

    <p class='ocr_par' dir='ltr' id='par_1_18' title="bbox 1115 528 1735 575">
     <span class='ocr_line' id='line_1_53' title="bbox 1115 528 1735 575; baseline 0.008 -13"><span class='ocrx_word' id='word_1_234' title='bbox 1115 528 1250 563; x_wconf 85' lang='lat' dir='ltr'>Publica</span> <span class='ocrx_word' id='word_1_235' title='bbox 1267 540 1330 564; x_wconf 84' lang='lat' dir='ltr'>vox</span> <span class='ocrx_word' id='word_1_236' title='bbox 1340 530 1438 575; x_wconf 76' lang='lat' dir='ltr'>saevis</span> <span class='ocrx_word' id='word_1_237' title='bbox 1454 539 1604 568; x_wconf 81' lang='lat' dir='ltr'>aeternum</span> <span class='ocrx_word' id='word_1_238' title='bbox 1630 532 1735 567; x_wconf 78' lang='lat' dir='ltr'>obmu-</span> 
     </span>
    </p>

    <p class='ocr_par' dir='ltr' id='par_1_19' title="bbox 1163 580 1349 613">
     <span class='ocr_line' id='line_1_54' title="bbox 1163 580 1349 613; baseline 0.016 -3"><span class='ocrx_word' id='word_1_239' title='bbox 1163 584 1225 611; x_wconf 79' lang='lat' dir='ltr'>tuit</span> <span class='ocrx_word' id='word_1_240' title='bbox 1242 580 1349 613; x_wconf 84' lang='lat' dir='ltr'>armis.</span> 
     </span>
    </p>

    <p class='ocr_par' dir='ltr' id='par_1_20' title="bbox 1116 625 1736 677">
     <span class='ocr_line' id='line_1_55' title="bbox 1116 625 1736 677; baseline 0.008 -18"><span class='ocrx_word' id='word_1_241' title='bbox 1116 625 1267 670; x_wconf 85' lang='lat' dir='ltr'>Informes</span> <span class='ocrx_word' id='word_1_242' title='bbox 1284 627 1404 669; x_wconf 86' lang='lat' dir='ltr'>vultus,</span> <span class='ocrx_word' id='word_1_243' title='bbox 1413 628 1613 677; x_wconf 77' lang='lat' dir='ltr'>sparsamque</span> <span class='ocrx_word' id='word_1_244' title='bbox 1629 641 1736 665; x_wconf 84' lang='lat' dir='ltr'>cruore</span> 
     </span>
    </p>

    <p class='ocr_par' dir='ltr' id='par_1_21' title="bbox 1165 673 1295 718">
     <span class='ocr_line' id='line_1_56' title="bbox 1165 673 1295 718; baseline 0.008 -10"><span class='ocrx_word' id='word_1_245' title='bbox 1165 673 1295 718; x_wconf 76' lang='lat' dir='ltr'>nefando</span> 
     </span>
    </p>

    <p class='ocr_par' dir='ltr' id='par_1_22' title="bbox 1114 722 1735 771">
     <span class='ocr_line' id='line_1_57' title="bbox 1114 722 1735 771; baseline 0.006 -14"><span class='ocrx_word' id='word_1_246' title='bbox 1114 722 1281 764; x_wconf 82' lang='lat' dir='ltr'>caniciem,</span> <span class='ocrx_word' id='word_1_247' title='bbox 1310 723 1475 771; x_wconf 83' lang='lat' dir='ltr'>sacrasque</span> <span class='ocrx_word' id='word_1_248' title='bbox 1507 736 1630 768; x_wconf 84' lang='lat' dir='ltr'>manus,</span> <span class='ocrx_word' id='word_1_249' title='bbox 1666 734 1735 771; x_wconf 84' lang='lat' dir='ltr'>ope·</span> 
     </span>
    </p>

    <p class='ocr_par' dir='ltr' id='par_1_23' title="bbox 1162 773 1456 818">
     <span class='ocr_line' id='line_1_58' title="bbox 1162 773 1456 818; baseline 0.003 -12"><span class='ocrx_word' id='word_1_250' title='bbox 1162 783 1286 818; x_wconf 88' lang='lat' dir='ltr'>rumque</span> <span class='ocrx_word' id='word_1_251' title='bbox 1302 773 1456 817; x_wconf 81' lang='lat' dir='ltr'>ministras</span> 
     </span>
    </p>

    <p class='ocr_par' dir='ltr' id='par_1_24' title="bbox 1114 819 1735 868">
     <span class='ocr_line' id='line_1_59' title="bbox 1114 819 1735 868; baseline 0.005 -14"><span class='ocrx_word' id='word_1_252' title='bbox 1114 819 1301 862; x_wconf 72' lang='lat' dir='ltr'>Tantorum,</span> <span class='ocrx_word' id='word_1_253' title='bbox 1329 820 1461 867; x_wconf 82' lang='lat' dir='ltr'>pedibus</span> <span class='ocrx_word' id='word_1_254' title='bbox 1490 823 1570 857; x_wconf 79' lang='lat' dir='ltr'>civis</span> <span class='ocrx_word' id='word_1_255' title='bbox 1592 822 1735 868; x_wconf 69' lang='lat' dir='ltr'>projecta</span> 
     </span>
    </p>

    <p class='ocr_par' dir='ltr' id='par_1_25' title="bbox 1154 869 1300 914">
     <span class='ocr_line' id='line_1_60' title="bbox 1154 869 1300 914; baseline 0.007 -12"><span class='ocrx_word' id='word_1_256' title='bbox 1154 869 1300 914; x_wconf 84' lang='lat' dir='ltr'>superbis</span> 
     </span>
    </p>

    <p class='ocr_par' dir='ltr' id='par_1_26' title="bbox 1113 917 1735 967">
     <span class='ocr_line' id='line_1_61' title="bbox 1113 917 1735 967; baseline 0.006 -16"><span class='ocrx_word' id='word_1_257' title='bbox 1113 917 1321 952; x_wconf 85' lang='lat' dir='ltr'>Proculcavit</span> <span class='ocrx_word' id='word_1_258' title='bbox 1340 929 1449 961; x_wconf 82' lang='lat' dir='ltr'>ovans,</span> <span class='ocrx_word' id='word_1_259' title='bbox 1475 930 1528 954; x_wconf 83' lang='lat' dir='ltr'>nec</span> <span class='ocrx_word' id='word_1_260' title='bbox 1544 919 1666 955; x_wconf 79' lang='lat' dir='ltr'>lubrica</span> <span class='ocrx_word' id='word_1_261' title='bbox 1673 920 1735 967; x_wconf 90' lang='lat' dir='ltr'>fa-</span> 
     </span>
    </p>

    <p class='ocr_par' dir='ltr' id='par_1_27' title="bbox 1162 967 1353 1013">
     <span class='ocr_line' id='line_1_62' title="bbox 1162 967 1353 1013; baseline 0 -13"><span class='ocrx_word' id='word_1_262' title='bbox 1162 973 1197 1001; x_wconf 83' lang='lat' dir='ltr'>ta</span> <span class='ocrx_word' id='word_1_263' title='bbox 1214 967 1353 1013; x_wconf 85' lang='lat' dir='ltr'>Deosque</span> 
     </span>
    </p>

    <p class='ocr_par' dir='ltr' id='par_1_28' title="bbox 1111 1014 1734 1061">
     <span class='ocr_line' id='line_1_63' title="bbox 1111 1014 1734 1061; baseline 0.002 -11"><span class='ocrx_word' id='word_1_264' title='bbox 1111 1015 1258 1061; x_wconf 71' lang='lat' dir='ltr'>Respexit</span> <span class='ocrx_word' id='word_1_265' title='bbox 1272 1028 1283 1050; x_wconf 92' lang='grc'>.·</span> <span class='ocrx_word' id='word_1_266' title='bbox 1311 1014 1392 1051; x_wconf 85' lang='lat' dir='ltr'>nullo</span> <span class='ocrx_word' id='word_1_267' title='bbox 1413 1015 1475 1050; x_wconf 86' lang='lat' dir='ltr'>luet</span> <span class='ocrx_word' id='word_1_268' title='bbox 1505 1015 1561 1051; x_wconf 86' lang='lat' dir='ltr'>hoc</span> <span class='ocrx_word' id='word_1_269' title='bbox 1578 1016 1734 1053; x_wconf 81' lang='lat' dir='ltr'>Antonius</span> 
     </span>
    </p>

    <p class='ocr_par' dir='ltr' id='par_1_29' title="bbox 1161 1076 1241 1099">
     <span class='ocr_line' id='line_1_64' title="bbox 1161 1076 1241 1099; baseline 0.025 -2"><span class='ocrx_word' id='word_1_270' title='bbox 1161 1076 1241 1099; x_wconf 82' lang='lat' dir='ltr'>aevo.</span> 
     </span>
    </p>

    <p class='ocr_par' dir='ltr' id='par_1_30' title="bbox 1049 1111 1736 2376">
     <span class='ocr_line' id='line_1_65' title="bbox 1113 1111 1733 1159; baseline 0.005 -13"><span class='ocrx_word' id='word_1_271' title='bbox 1113 1111 1315 1148; x_wconf 85' lang='lat' dir='ltr'>Paterculus</span> <span class='ocrx_word' id='word_1_272' title='bbox 1350 1112 1426 1159; x_wconf 86' lang='lat' dir='ltr'>post</span> <span class='ocrx_word' id='word_1_273' title='bbox 1460 1122 1628 1148; x_wconf 86' lang='lat' dir='ltr'>narratam</span> <span class='ocrx_word' id='word_1_274' title='bbox 1667 1126 1733 1149; x_wconf 87' lang='lat' dir='ltr'>cae-</span> 
     </span>
     <span class='ocr_line' id='line_1_66' title="bbox 1062 1159 1734 1198; baseline 0.004 -4"><span class='ocrx_word' id='word_1_275' title='bbox 1062 1159 1141 1194; x_wconf 87' lang='lat' dir='ltr'>dem</span> <span class='ocrx_word' id='word_1_276' title='bbox 1184 1161 1242 1196; x_wconf 90' lang='lat' dir='ltr'>M.</span> <span class='ocrx_word' id='word_1_277' title='bbox 1276 1161 1391 1196; x_wconf 83' lang='lat' dir='ltr'>Tullii</span> <span class='ocrx_word' id='word_1_278' title='bbox 1435 1161 1468 1196; x_wconf 87' lang='lat' dir='ltr'>in</span> <span class='ocrx_word' id='word_1_279' title='bbox 1511 1161 1586 1196; x_wconf 84' lang='lat' dir='ltr'>haec</span> <span class='ocrx_word' id='word_1_280' title='bbox 1630 1163 1734 1198; x_wconf 89' lang='lat' dir='ltr'>verba</span> 
     </span>
     <span class='ocr_line' id='line_1_67' title="bbox 1061 1209 1733 1256; baseline 0.006 -14"><span class='ocrx_word' id='word_1_281' title='bbox 1061 1209 1225 1255; x_wconf 82' lang='lat' dir='ltr'>erumpit,</span> <span class='ocrx_word' id='word_1_282' title='bbox 1267 1221 1343 1256; x_wconf 87' lang='lat' dir='ltr'>cap.</span> <span class='ocrx_word' id='word_1_283' title='bbox 1384 1209 1441 1244; x_wconf 87' lang='lat'>66.</span> <span class='ocrx_word' id='word_1_284' title='bbox 1494 1210 1593 1245; x_wconf 72' lang='lat' dir='ltr'>Nihil</span> <span class='ocrx_word' id='word_1_285' title='bbox 1630 1219 1733 1246; x_wconf 82' lang='lat' dir='ltr'>tamen</span> 
     </span>
     <span class='ocr_line' id='line_1_68' title="bbox 1063 1258 1733 1305; baseline 0.006 -15"><span class='ocrx_word' id='word_1_286' title='bbox 1063 1258 1156 1303; x_wconf 66' lang='lat' dir='ltr'>egisti,</span> <span class='ocrx_word' id='word_1_287' title='bbox 1187 1260 1242 1293; x_wconf 88' lang='lat' dir='ltr'>M.</span> <span class='ocrx_word' id='word_1_288' title='bbox 1269 1259 1403 1300; x_wconf 71' lang='lat' dir='ltr'>Antoni,</span> <span class='ocrx_word' id='word_1_289' title='bbox 1443 1260 1605 1294; x_wconf 79' lang='lat' dir='ltr'>mercedem</span> <span class='ocrx_word' id='word_1_290' title='bbox 1633 1260 1733 1305; x_wconf 81' lang='lat' dir='ltr'>caeles-</span> 
     </span>
     <span class='ocr_line' id='line_1_69' title="bbox 1064 1306 1736 1353; baseline 0.006 -14"><span class='ocrx_word' id='word_1_291' title='bbox 1064 1306 1165 1350; x_wconf 67' lang='lat' dir='ltr'>tgffimi</span> <span class='ocrx_word' id='word_1_292' title='bbox 1181 1309 1244 1341; x_wconf 90' lang='lat' dir='ltr'>oris</span> <span class='ocrx_word' id='word_1_293' title='bbox 1261 1314 1291 1341; x_wconf 87' lang='lat' dir='ltr'>et</span> <span class='ocrx_word' id='word_1_294' title='bbox 1317 1306 1468 1350; x_wconf 71' lang='lat' dir='ltr'>clariffimi</span> <span class='ocrx_word' id='word_1_295' title='bbox 1496 1310 1606 1352; x_wconf 82' lang='lat' dir='ltr'>capitis</span> <span class='ocrx_word' id='word_1_296' title='bbox 1627 1309 1736 1353; x_wconf 79' lang='lat' dir='ltr'>abscisi</span> 
     </span>
     <span class='ocr_line' id='line_1_70' title="bbox 1063 1355 1735 1403; baseline 0.006 -15"><span class='ocrx_word' id='word_1_297' title='bbox 1063 1355 1262 1397; x_wconf 84' lang='lat' dir='ltr'>numerando,</span> <span class='ocrx_word' id='word_1_298' title='bbox 1294 1360 1579 1403; x_wconf 70' lang='lat' dir='ltr'>auHoramentoque</span> <span class='ocrx_word' id='word_1_299' title='bbox 1600 1357 1735 1401; x_wconf 77' lang='lat' dir='ltr'>funebri</span> 
     </span>
     <span class='ocr_line' id='line_1_71' title="bbox 1063 1402 1733 1451; baseline 0.004 -14"><span class='ocrx_word' id='word_1_300' title='bbox 1063 1402 1108 1436; x_wconf 91' lang='lat' dir='ltr'>ad</span> <span class='ocrx_word' id='word_1_301' title='bbox 1123 1404 1344 1446; x_wconf 84' lang='lat' dir='ltr'>conservatoris</span> <span class='ocrx_word' id='word_1_302' title='bbox 1359 1404 1509 1451; x_wconf 87' lang='lat' dir='ltr'>quondam</span> <span class='ocrx_word' id='word_1_303' title='bbox 1534 1407 1610 1451; x_wconf 85' lang='lat' dir='ltr'>reip.</span> <span class='ocrx_word' id='word_1_304' title='bbox 1630 1408 1733 1440; x_wconf 85' lang='lat' dir='ltr'>tanti-</span> 
     </span>
     <span class='ocr_line' id='line_1_72' title="bbox 1060 1452 1733 1500; baseline 0.006 -15"><span class='ocrx_word' id='word_1_305' title='bbox 1060 1464 1115 1498; x_wconf 87' lang='lat' dir='ltr'>que</span> <span class='ocrx_word' id='word_1_306' title='bbox 1130 1453 1254 1499; x_wconf 81' lang='lat' dir='ltr'>consulis</span> <span class='ocrx_word' id='word_1_307' title='bbox 1271 1452 1427 1487; x_wconf 88' lang='lat' dir='ltr'>irritando</span> <span class='ocrx_word' id='word_1_308' title='bbox 1443 1464 1552 1487; x_wconf 83' lang='lat' dir='ltr'>necem.</span> <span class='ocrx_word' id='word_1_309' title='bbox 1589 1456 1733 1500; x_wconf 77' lang='lat' dir='ltr'>Rapmsti</span> 
     </span>
     <span class='ocr_line' id='line_1_73' title="bbox 1061 1501 1733 1546; baseline 0.004 -11"><span class='ocrx_word' id='word_1_310' title='bbox 1061 1508 1095 1535; x_wconf 85' lang='lat' dir='ltr'>tu</span> <span class='ocrx_word' id='word_1_311' title='bbox 1126 1502 1180 1536; x_wconf 88' lang='lat' dir='ltr'>M.</span> <span class='ocrx_word' id='word_1_312' title='bbox 1210 1502 1351 1536; x_wconf 82' lang='lat' dir='ltr'>Ciceroni</span> <span class='ocrx_word' id='word_1_313' title='bbox 1382 1501 1476 1536; x_wconf 85' lang='lat' dir='ltr'>lucem</span> <span class='ocrx_word' id='word_1_314' title='bbox 1496 1502 1675 1546; x_wconf 80' lang='lat' dir='ltr'>sollicitam,</span> <span class='ocrx_word' id='word_1_315' title='bbox 1702 1512 1733 1538; x_wconf 79' lang='lat' dir='ltr'>et</span> 
     </span>
     <span class='ocr_line' id='line_1_74' title="bbox 1060 1549 1731 1595; baseline 0.003 -11"><span class='ocrx_word' id='word_1_316' title='bbox 1060 1557 1183 1584; x_wconf 52' lang='lat' dir='ltr'>‘etatem</span> <span class='ocrx_word' id='word_1_317' title='bbox 1203 1549 1342 1595; x_wconf 87' lang='lat' dir='ltr'>senilem,</span> <span class='ocrx_word' id='word_1_318' title='bbox 1369 1557 1399 1583; x_wconf 88' lang='lat' dir='ltr'>et</span> <span class='ocrx_word' id='word_1_319' title='bbox 1419 1552 1521 1584; x_wconf 80' lang='lat' dir='ltr'>vitam</span> <span class='ocrx_word' id='word_1_320' title='bbox 1546 1553 1731 1595; x_wconf 71' lang='lat' dir='ltr'>miseriorem</span> 
     </span>
     <span class='ocr_line' id='line_1_75' title="bbox 1060 1599 1732 1646; baseline 0.004 -14"><span class='ocrx_word' id='word_1_321' title='bbox 1060 1605 1090 1632; x_wconf 88' lang='lat' dir='ltr'>te</span> <span class='ocrx_word' id='word_1_322' title='bbox 1115 1599 1266 1645; x_wconf 84' lang='lat' dir='ltr'>principe,</span> <span class='ocrx_word' id='word_1_323' title='bbox 1303 1611 1393 1646; x_wconf 87' lang='lat' dir='ltr'>quam</span> <span class='ocrx_word' id='word_1_324' title='bbox 1419 1599 1478 1645; x_wconf 88' lang='lat' dir='ltr'>sub</span> <span class='ocrx_word' id='word_1_325' title='bbox 1506 1607 1537 1633; x_wconf 85' lang='lat' dir='ltr'>te</span> <span class='ocrx_word' id='word_1_326' title='bbox 1564 1602 1732 1635; x_wconf 71' lang='lat' dir='ltr'>triumviro</span> 
     </span>
     <span class='ocr_line' id='line_1_76' title="bbox 1057 1647 1729 1696; baseline 0.003 -15"><span class='ocrx_word' id='word_1_327' title='bbox 1057 1654 1183 1682; x_wconf 87' lang='lat' dir='ltr'>mortem</span> <span class='ocrx_word' id='word_1_328' title='bbox 1198 1661 1209 1681; x_wconf 90' lang='lat'><em>:</em></span> <span class='ocrx_word' id='word_1_329' title='bbox 1243 1647 1372 1693; x_wconf 87' lang='lat' dir='ltr'>famam</span> <span class='ocrx_word' id='word_1_330' title='bbox 1412 1659 1499 1688; x_wconf 70' lang='lat' dir='ltr'>vera,</span> <span class='ocrx_word' id='word_1_331' title='bbox 1535 1648 1729 1696; x_wconf 72' lang='lat' dir='ltr'>gloriamque</span> 
     </span>
     <span class='ocr_line' id='line_1_77' title="bbox 1051 1695 1729 1744; baseline 0.003 -15"><span class='ocrx_word' id='word_1_332' title='bbox 1051 1696 1212 1740; x_wconf 65' lang='lat' dir='ltr'>fabiorum</span> <span class='ocrx_word' id='word_1_333' title='bbox 1227 1704 1316 1743; x_wconf 79' lang='lat' dir='ltr'>atque</span> <span class='ocrx_word' id='word_1_334' title='bbox 1328 1695 1478 1730; x_wconf 66' lang='lat' dir='ltr'>dierorum</span> <span class='ocrx_word' id='word_1_335' title='bbox 1495 1696 1568 1730; x_wconf 84' lang='lat' dir='ltr'>adeo</span> <span class='ocrx_word' id='word_1_336' title='bbox 1585 1709 1643 1731; x_wconf 83' lang='lat' dir='ltr'>non</span> <span class='ocrx_word' id='word_1_337' title='bbox 1659 1699 1729 1744; x_wconf 72' lang='lat' dir='ltr'>aos-</span> 
     </span>
     <span class='ocr_line' id='line_1_78' title="bbox 1057 1745 1729 1794; baseline 0.004 -16"><span class='ocrx_word' id='word_1_338' title='bbox 1057 1745 1163 1789; x_wconf 81' lang='lat' dir='ltr'>tulisti,</span> <span class='ocrx_word' id='word_1_339' title='bbox 1203 1752 1239 1779; x_wconf 79' lang='lat' dir='ltr'>ut</span> <span class='ocrx_word' id='word_1_340' title='bbox 1268 1747 1403 1779; x_wconf 79' lang='lat' dir='ltr'>auxeris.</span> <span class='ocrx_word' id='word_1_341' title='bbox 1451 1746 1555 1786; x_wconf 80' lang='lat' dir='ltr'>Vivit,</span> <span class='ocrx_word' id='word_1_342' title='bbox 1581 1749 1729 1794; x_wconf 78' lang='lat' dir='ltr'>vivetque</span> 
     </span>
     <span class='ocr_line' id='line_1_79' title="bbox 1052 1792 1729 1839; baseline 0.004 -12"><span class='ocrx_word' id='word_1_343' title='bbox 1052 1802 1111 1839; x_wconf 88' lang='lat' dir='ltr'>per</span> <span class='ocrx_word' id='word_1_344' title='bbox 1160 1805 1274 1827; x_wconf 84' lang='lat' dir='ltr'>omnem</span> <span class='ocrx_word' id='word_1_345' title='bbox 1306 1792 1494 1837; x_wconf 68' lang='lat' dir='ltr'>seculorum</span> <span class='ocrx_word' id='word_1_346' title='bbox 1542 1798 1729 1838; x_wconf 84' lang='lat' dir='ltr'>memoriam,</span> 
     </span>
     <span class='ocr_line' id='line_1_80' title="bbox 1058 1841 1727 1889; baseline 0.006 -14"><span class='ocrx_word' id='word_1_347' title='bbox 1058 1841 1187 1888; x_wconf 87' lang='lat' dir='ltr'>dumque</span> <span class='ocrx_word' id='word_1_348' title='bbox 1201 1842 1255 1876; x_wconf 81' lang='lat' dir='ltr'>hoc</span> <span class='ocrx_word' id='word_1_349' title='bbox 1281 1843 1336 1876; x_wconf 83' lang='lat' dir='ltr'>vet</span> <span class='ocrx_word' id='word_1_350' title='bbox 1350 1841 1452 1887; x_wconf 85' lang='lat' dir='ltr'>forte,</span> <span class='ocrx_word' id='word_1_351' title='bbox 1478 1841 1534 1875; x_wconf 86' lang='lat' dir='ltr'>vel</span> <span class='ocrx_word' id='word_1_352' title='bbox 1554 1844 1727 1889; x_wconf 85' lang='lat' dir='ltr'>providen-</span> 
     </span>
     <span class='ocr_line' id='line_1_81' title="bbox 1059 1890 1728 1937; baseline 0.004 -13"><span class='ocrx_word' id='word_1_353' title='bbox 1059 1891 1120 1931; x_wconf 87' lang='lat' dir='ltr'>tia,</span> <span class='ocrx_word' id='word_1_354' title='bbox 1147 1890 1201 1925; x_wconf 87' lang='lat' dir='ltr'>vel</span> <span class='ocrx_word' id='word_1_355' title='bbox 1225 1898 1375 1937; x_wconf 86' lang='lat' dir='ltr'>utcunque</span> <span class='ocrx_word' id='word_1_356' title='bbox 1400 1890 1595 1935; x_wconf 81' lang='lat' dir='ltr'>constitutum</span> <span class='ocrx_word' id='word_1_357' title='bbox 1623 1904 1728 1927; x_wconf 83' lang='lat' dir='ltr'>rerum</span> 
     </span>
     <span class='ocr_line' id='line_1_82' title="bbox 1057 1939 1728 1988; baseline 0.006 -16"><span class='ocrx_word' id='word_1_358' title='bbox 1057 1947 1180 1973; x_wconf 81' lang='lat' dir='ltr'>naturae</span> <span class='ocrx_word' id='word_1_359' title='bbox 1208 1949 1326 1985; x_wconf 87' lang='lat' dir='ltr'>corpus,</span> <span class='ocrx_word' id='word_1_360' title='bbox 1363 1939 1443 1986; x_wconf 80' lang='lat' dir='ltr'>quod</span> <span class='ocrx_word' id='word_1_361' title='bbox 1470 1939 1522 1973; x_wconf 78' lang='lat' dir='ltr'>ille</span> <span class='ocrx_word' id='word_1_362' title='bbox 1545 1950 1624 1986; x_wconf 86' lang='lat' dir='ltr'>pene</span> <span class='ocrx_word' id='word_1_363' title='bbox 1642 1942 1728 1988; x_wconf 79' lang='lat' dir='ltr'>solus</span> 
     </span>
     <span class='ocr_line' id='line_1_83' title="bbox 1056 1987 1728 2036; baseline 0.004 -14"><span class='ocrx_word' id='word_1_364' title='bbox 1056 1988 1269 2023; x_wconf 79' lang='lat' dir='ltr'>Romanorum</span> <span class='ocrx_word' id='word_1_365' title='bbox 1318 1991 1420 2022; x_wconf 84' lang='lat' dir='ltr'>animo</span> <span class='ocrx_word' id='word_1_366' title='bbox 1469 1987 1567 2030; x_wconf 78' lang='lat' dir='ltr'>vidit,</span> <span class='ocrx_word' id='word_1_367' title='bbox 1608 1992 1728 2036; x_wconf 77' lang='lat' dir='ltr'>ingenio</span> 
     </span>
     <span class='ocr_line' id='line_1_84' title="bbox 1055 2036 1726 2085; baseline 0.003 -13"><span class='ocrx_word' id='word_1_368' title='bbox 1055 2036 1220 2083; x_wconf 87' lang='lat' dir='ltr'>complexus</span> <span class='ocrx_word' id='word_1_369' title='bbox 1243 2037 1294 2085; x_wconf 83' lang='lat' dir='ltr'>est,</span> <span class='ocrx_word' id='word_1_370' title='bbox 1320 2037 1492 2085; x_wconf 84' lang='lat' dir='ltr'>eloquentia</span> <span class='ocrx_word' id='word_1_371' title='bbox 1518 2037 1726 2080; x_wconf 81' lang='lat' dir='ltr'>illuminavit,</span> 
     </span>
     <span class='ocr_line' id='line_1_85' title="bbox 1056 2084 1727 2129; baseline 0.003 -10"><span class='ocrx_word' id='word_1_372' title='bbox 1056 2085 1193 2120; x_wconf 84' lang='lat' dir='ltr'>manebit</span> <span class='ocrx_word' id='word_1_373' title='bbox 1219 2084 1379 2127; x_wconf 88' lang='lat' dir='ltr'>incolume,</span> <span class='ocrx_word' id='word_1_374' title='bbox 1419 2088 1557 2121; x_wconf 86' lang='lat' dir='ltr'>comitem</span> <span class='ocrx_word' id='word_1_375' title='bbox 1586 2089 1652 2122; x_wconf 82' lang='lat' dir='ltr'>aevi</span> <span class='ocrx_word' id='word_1_376' title='bbox 1678 2089 1727 2129; x_wconf 84' lang='lat' dir='ltr'>sui</span> 
     </span>
     <span class='ocr_line' id='line_1_86' title="bbox 1054 2133 1726 2182; baseline 0.001 -13"><span class='ocrx_word' id='word_1_377' title='bbox 1054 2133 1175 2169; x_wconf 77' lang='lat' dir='ltr'>laudem</span> <span class='ocrx_word' id='word_1_378' title='bbox 1208 2135 1358 2170; x_wconf 87' lang='lat' dir='ltr'>Ciceronis</span> <span class='ocrx_word' id='word_1_379' title='bbox 1399 2135 1506 2170; x_wconf 79' lang='lat' dir='ltr'>trahct</span> <span class='ocrx_word' id='word_1_380' title='bbox 1525 2149 1536 2170; x_wconf 93' lang='lat'>.·</span> <span class='ocrx_word' id='word_1_381' title='bbox 1577 2136 1726 2182; x_wconf 71' lang='lat' dir='ltr'>omnisqice</span> 
     </span>
     <span class='ocr_line' id='line_1_87' title="bbox 1049 2182 1724 2229; baseline 0.001 -12"><span class='ocrx_word' id='word_1_382' title='bbox 1049 2182 1215 2229; x_wconf 84' lang='lat' dir='ltr'>posteritas</span> <span class='ocrx_word' id='word_1_383' title='bbox 1231 2183 1315 2218; x_wconf 87' lang='lat' dir='ltr'>illius</span> <span class='ocrx_word' id='word_1_384' title='bbox 1332 2185 1366 2218; x_wconf 90' lang='lat' dir='ltr'>in</span> <span class='ocrx_word' id='word_1_385' title='bbox 1391 2191 1423 2217; x_wconf 90' lang='lat' dir='ltr'>te</span> <span class='ocrx_word' id='word_1_386' title='bbox 1441 2183 1566 2228; x_wconf 76' lang='lat' dir='ltr'>scripta</span> <span class='ocrx_word' id='word_1_387' title='bbox 1594 2184 1724 2218; x_wconf 83' lang='lat' dir='ltr'>mirabi-</span> 
     </span>
     <span class='ocr_line' id='line_1_88' title="bbox 1055 2231 1724 2276; baseline 0 -10"><span class='ocrx_word' id='word_1_388' title='bbox 1055 2239 1123 2273; x_wconf 85' lang='lat' dir='ltr'>tur,</span> <span class='ocrx_word' id='word_1_389' title='bbox 1149 2238 1238 2266; x_wconf 85' lang='lat' dir='ltr'>tuum</span> <span class='ocrx_word' id='word_1_390' title='bbox 1265 2234 1299 2266; x_wconf 91' lang='lat' dir='ltr'>in</span> <span class='ocrx_word' id='word_1_391' title='bbox 1328 2243 1394 2266; x_wconf 86' lang='lat' dir='ltr'>cum</span> <span class='ocrx_word' id='word_1_392' title='bbox 1415 2231 1543 2276; x_wconf 68' lang='lat' dir='ltr'>facium</span> <span class='ocrx_word' id='word_1_393' title='bbox 1569 2233 1724 2267; x_wconf 76' lang='lat' dir='ltr'>execrabi-</span> 
     </span>
     <span class='ocr_line' id='line_1_89' title="bbox 1055 2279 1724 2328; baseline 0.001 -13"><span class='ocrx_word' id='word_1_394' title='bbox 1055 2287 1111 2315; x_wconf 84' lang='lat' dir='ltr'>tur</span> <span class='ocrx_word' id='word_1_395' title='bbox 1124 2293 1135 2315; x_wconf 94' lang='grc'>.·</span> <span class='ocrx_word' id='word_1_396' title='bbox 1163 2279 1308 2328; x_wconf 86' lang='lat' dir='ltr'>citiusque</span> <span class='ocrx_word' id='word_1_397' title='bbox 1332 2283 1365 2314; x_wconf 89' lang='lat' dir='ltr'>in</span> <span class='ocrx_word' id='word_1_398' title='bbox 1386 2279 1496 2314; x_wconf 79' lang='lat' dir='ltr'>mundo</span> <span class='ocrx_word' id='word_1_399' title='bbox 1512 2293 1609 2326; x_wconf 79' lang='lat' dir='ltr'>genus</span> <span class='ocrx_word' id='word_1_400' title='bbox 1625 2281 1724 2316; x_wconf 87' lang='lat' dir='ltr'>homi-</span> 
     </span>
     <span class='ocr_line' id='line_1_90' title="bbox 1055 2328 1598 2376; baseline -0.002 -12"><span class='ocrx_word' id='word_1_401' title='bbox 1055 2341 1140 2371; x_wconf 90' lang='lat' dir='ltr'>num,</span> <span class='ocrx_word' id='word_1_402' title='bbox 1167 2341 1257 2376; x_wconf 89' lang='lat' dir='ltr'>quam</span> <span class='ocrx_word' id='word_1_403' title='bbox 1273 2329 1364 2375; x_wconf 83' lang='lat' dir='ltr'>hujus</span> <span class='ocrx_word' id='word_1_404' title='bbox 1381 2340 1483 2362; x_wconf 88' lang='lat' dir='ltr'>nomen</span> <span class='ocrx_word' id='word_1_405' title='bbox 1500 2328 1598 2364; x_wconf 73' lang='lat' dir='ltr'>cadet.</span> 
     </span>
    </p>

    <p class='ocr_par' dir='ltr' id='par_1_31' title="bbox 1055 2377 1724 2523">
     <span class='ocr_line' id='line_1_91' title="bbox 1105 2377 1723 2413; baseline 0.002 -1"><span class='ocrx_word' id='word_1_406' title='bbox 1105 2377 1308 2412; x_wconf 88' lang='lat' dir='ltr'>Ciceronem</span> <span class='ocrx_word' id='word_1_407' title='bbox 1339 2377 1403 2411; x_wconf 84' lang='lat' dir='ltr'>hoc</span> <span class='ocrx_word' id='word_1_408' title='bbox 1433 2388 1523 2412; x_wconf 87' lang='lat' dir='ltr'>anno</span> <span class='ocrx_word' id='word_1_409' title='bbox 1551 2390 1618 2412; x_wconf 78' lang='lat' dir='ltr'>vn.</span> <span class='ocrx_word' id='word_1_410' title='bbox 1639 2378 1723 2413; x_wconf 82' lang='lat' dir='ltr'>Idus</span> 
     </span>
     <span class='ocr_line' id='line_1_92' title="bbox 1055 2425 1724 2467; baseline 0.001 -7"><span class='ocrx_word' id='word_1_411' title='bbox 1055 2425 1206 2460; x_wconf 84' lang='lat' dir='ltr'>occisum</span> <span class='ocrx_word' id='word_1_412' title='bbox 1238 2426 1314 2467; x_wconf 82' lang='lat' dir='ltr'>effe,</span> <span class='ocrx_word' id='word_1_413' title='bbox 1356 2425 1548 2461; x_wconf 82' lang='lat' dir='ltr'>testimonio</span> <span class='ocrx_word' id='word_1_414' title='bbox 1581 2426 1724 2462; x_wconf 87' lang='lat' dir='ltr'>Tironis</span> 
     </span>
     <span class='ocr_line' id='line_1_93' title="bbox 1057 2473 1724 2523; baseline 0.004 -15"><span class='ocrx_word' id='word_1_415' title='bbox 1057 2473 1169 2509; x_wconf 87' lang='lat' dir='ltr'>liberti</span> <span class='ocrx_word' id='word_1_416' title='bbox 1187 2473 1302 2509; x_wconf 86' lang='lat' dir='ltr'>scribit</span> <span class='ocrx_word' id='word_1_417' title='bbox 1317 2473 1464 2510; x_wconf 86' lang='lat' dir='ltr'>Tacitus</span> <span class='ocrx_word' id='word_1_418' title='bbox 1482 2475 1516 2511; x_wconf 88' lang='lat' dir='ltr'>in</span> <span class='ocrx_word' id='word_1_419' title='bbox 1533 2475 1672 2523; x_wconf 75' lang='lat' dir='ltr'>diaiogo</span> <span class='ocrx_word' id='word_1_420' title='bbox 1686 2475 1724 2511; x_wconf 86' lang='lat' dir='ltr'>de</span> 
     </span>
    </p>
   </div>
   <div class='ocr_carea' id='block_1_6' title="bbox 1329 2569 1426 2610">
    <p class='ocr_par' dir='ltr' id='par_1_32' title="bbox 1329 2569 1426 2610">
     <span class='ocr_line' id='line_1_94' title="bbox 1329 2569 1426 2610; baseline 0 0"><span class='ocrx_word' id='word_1_421' title='bbox 1329 2569 1426 2610; x_wconf 83' lang='lat' dir='ltr'>Xx</span> 
     </span>
    </p>
   </div>
  </div>
 </body>
</html>
