2335 3009
516 234 573 274 94
968 215 1452 259 EPISTOLAE

516 330 554 360 et
574 319 709 359 radices
728 315 895 357 habituri
908 314 1064 358 altiores,
1069 314 1115 366 fi.
1120 314 1312 368 patiamur
1328 314 1348 353 ,ἕ
1368 323 1410 353 ut
1415 313 1498 365 jam
1516 312 1592 366 ssa,
1610 313 1815 367 quaefaosst,
1832 318 1914 355 non-

517 385 795 428 dominationem,
824 395 907 426 non,
922 379 995 433 sed
1008 379 1182 419 dominum
1201 379 1415 423 Antonium,
1445 379 1602 418 timentis
1606 379 1702 432 fint.
1734 382 1814 433 Ego
1831 394 1903 418 au-

519 461 588 490 tem
604 450 767 504 gratiam
785 460 853 486 non
881 446 1002 491 habeo,
1017 446 1060 498 st
1084 446 1174 499 quis,
1204 444 1286 483 dum
1315 459 1358 483 ne
1385 445 1483 484 irato
1498 445 1662 495 serviat,
1692 460 1768 484 rem
1795 447 1906 500 ipsam

518 531 586 556 non
605 516 831 569 deprecatur.
876 514 987 552 Immo
1013 511 1217 563 triumphus
1246 520 1283 548 et
1293 509 1509 563 stipendium
1527 509 1749 555 decernitur,
1773 522 1809 551 et
1827 525 1904 550 om,-

516 582 620 624 nibus
640 580 788 620 decretis
805 588 975 618 ornatur.
1020 575 1162 617 Pudeat
1188 575 1423 627 concupiscere
1426 575 1639 627 fortunam,
1668 576 1767 627 cujux
1783 590 1911 615 nomen·

504 646 702 702 susceperit
719 646 740 684 ἒ
771 643 988 698 Cotficlaris,
1019 642 1093 686 boc,
1124 656 1172 680 an
1203 640 1383 680 Ciceronis
1411 640 1456 691 est
1474 641 1495 679 ,ἕ
1524 641 1698 692 Qoniam
1721 642 1813 680 mihi
1841 651 1906 681 ta-

517 727 596 752 cere
614 725 682 750 non
700 710 814 753 licuit,
843 709 945 761 leges,
976 720 1056 760 quae
1074 705 1144 744 tibi
1169 703 1291 758 neccffi
1314 705 1359 759 est
1384 705 1518 758 molesta
1541 705 1613 759 effi.
1662 706 1809 746 Etenim
1836 707 1907 761 ipst

505 778 638 832 flutio,
668 784 801 831 quanto
819 788 897 813 cum
916 772 1030 812 dolore
1047 772 1126 811 haec
1142 771 1194 810 ad
1210 781 1246 810 te
1257 771 1524 824 perscripserim
1539 790 1552 817 5
1583 786 1648 811 nec
1663 772 1798 825 ignoro,
1820 773 1914 827 quid

506 844 648 898 sentias
677 843 714 881 in
743 840 937 894 republica,
967 847 1002 877 et
1021 852 1127 891 quam
1154 837 1372 891 desperatam
1391 838 1668 892 quoquestmari
1676 847 1784 891 putes
1794 837 1901 892 poste.

519 911 600 949 Nec
617 907 810 948 mehercule
835 915 884 951 te,
914 905 1056 949 Attice,
1086 903 1312 957 reprebendo.
1356 905 1469 943 AEtas
1500 905 1604 949 enim,
1634 918 1758 950 mores,
1785 905 1903 950 liberi,

504 977 651 1028 segnem
670 974 822 1027 efficiunt
836 988 850 1010 :
881 970 973 1025 quod
988 969 1121 1023 quidem
1139 970 1247 1008 etiam
1264 983 1308 1008 ex
1338 969 1473 1009 Flavio
1490 970 1603 1022 nostro
1613 971 1790 1022 perspexi.
1836 969 1915 1009 Sed·

519 1039 618 1079 redeo
636 1039 687 1078 ad
703 1039 916 1078 Ciceronem.
962 1035 1063 1087 Qid
1076 1035 1173 1073 inter
1192 1034 1421 1073 Salvidenum
1440 1044 1476 1072 et
1495 1049 1571 1073 eum
1601 1035 1743 1086 interest
1760 1035 1781 1073 ξ’
1810 1034 1911 1087 Qid

516 1114 638 1144 autem
668 1104 817 1156 amplius
851 1103 906 1140 ille
938 1101 1139 1139 decerneret
1156 1100 1176 1137 ἒ
1213 1097 1342 1143 Timet,
1372 1099 1520 1152 inquies,
1549 1100 1658 1138 etiam
1690 1114 1785 1139 nunc
1817 1101 1904 1139 reli-

519 1170 620 1224 quias
651 1169 734 1207 belli
758 1167 888 1206 civilis.
931 1166 1129 1218 rQisquam
1157 1178 1240 1218 ergo
1270 1165 1325 1203 ita
1345 1164 1447 1203 timet
1458 1165 1706 1219 profligatum,
1737 1174 1780 1204 ut
1798 1180 1907 1220 neque

511 1234 713 1289 potentiam
741 1233 827 1285 ejus,
858 1231 922 1285 qui
951 1231 1144 1270 exercitum
1177 1231 1350 1270 vitiorem
1369 1229 1513 1275 habeat,
1543 1245 1652 1285 neque
1671 1232 1909 1272 temeritatem

512 1301 635 1355 pueri,
657 1307 769 1353 putet
788 1296 1079 1349 extimescendam·
1100 1295 1160 1348 este
1174 1295 1195 1334 ἒ
1225 1297 1290 1335 Au
1320 1296 1386 1338 hoc
1413 1296 1524 1349 ipsum
1546 1311 1589 1335 ea
1615 1311 1656 1336 re
1666 1298 1788 1350 facit,
1818 1298 1916 1351 quod

519 1367 575 1406 illi
592 1373 747 1420 propter
775 1361 1043 1417 amplitudinem
1070 1362 1187 1401 omnia
1203 1361 1286 1414 jam
1305 1362 1470 1415 ultroque
1487 1361 1674 1415 deserenda
1684 1371 1802 1416 putat
1817 1364 1840 1406 ἓ
1869 1365 1906 1404 Ο

519 1445 685 1485 magnam
703 1429 907 1484 stultitiam
931 1427 1082 1473 timoris,
1122 1427 1164 1467 id
1188 1427 1313 1480 ipsum,
1344 1426 1438 1481 quod
1442 1443 1450 1455 ·=
1461 1428 1636 1474 verearis,
1674 1429 1731 1468 ita
1762 1442 1907 1474 cavere,

519 1507 576 1543 ut,
605 1511 684 1537 cum
715 1496 840 1535 vitare
849 1493 1008 1550 sortcff·
1019 1494 1196 1548 potueris,
1225 1494 1323 1532 ultro
1348 1492 1507 1547 arceffas.
1527 1503 1563 1533 et
1589 1494 1798 1534 attrahas!
1828 1496 1909 1535 Ni-

518 1563 626 1602 miam
644 1562 804 1602 timemus
824 1570 986 1606 mortem,
1015 1569 1055 1601 et*
1069 1560 1224 1604 exilium,
1253 1568 1289 1598 et
1301 1568 1571 1613 paupertatem.
1616 1561 1713 1600 Haec
1734 1559 1911 1600 videntur

519 1628 687 1669 Ciceroni
710 1627 839 1667 ultima
867 1625 928 1680 effi
951 1626 989 1665 in
1016 1626 1118 1665 malis
1134 1641 1149 1665 .·
1178 1634 1228 1670 et,
1256 1624 1340 1664 dum
1370 1625 1502 1665 habeat
1532 1640 1557 1665 a
1586 1625 1712 1680 quibus
1742 1626 1919 1680 impetret*

519 1709 600 1749 quae
633 1694 736 1740 velit,
766 1702 802 1732 et
831 1708 855 1731 a
887 1691 1014 1747 quibus
1040 1692 1181 1731 colatur
1207 1705 1253 1730 ac
1275 1690 1457 1737 laudetur,
1472 1690 1708 1745 servitutem,
1738 1692 1908 1745 honortfi-

517 1775 596 1800 cam
625 1759 733 1805 modo,
762 1773 831 1798 non
861 1759 1079 1812 aspernatur
1095 1773 1109 1796 :
1122 1757 1168 1810 ſs
1191 1757 1381 1811 quidquam
1410 1757 1448 1796 in
1471 1766 1634 1798 extrema
1649 1772 1695 1797 ac
1712 1757 1909 1812 auser-rima

517 1826 728 1867 contumelia
738 1824 852 1879 potest
869 1823 1097 1876 honorificum
1114 1822 1187 1875 eſje.
1233 1824 1342 1864 Licet
1361 1838 1444 1877 ergo
1455 1832 1604 1877 patrem
1621 1824 1773 1878 appellet
1793 1825 1907 1863 0270-

517 1891 602 1932 vius
622 1891 838 1935 Ciceronem,
867 1889 1006 1943 referat
1040 1889 1168 1934 omnia,
1199 1888 1332 1935 laudet,
1357 1889 1505 1943 gratias
1524 1898 1643 1942 agat,
1675 1898 1794 1929 tamen
1823 1889 1914 1929 illud

517 1957 722 2012 apparebit,
752 1955 866 1996 verba
894 1955 1000 1995 rebus
1029 1954 1089 2009 ff
1118 1956 1319 1995 contraria.
1364 1955 1467 2008 Qid
1478 1955 1570 1995 enim
1589 1965 1666 1995 tam
1683 1957 1836 1995 alienum
1863 1957 1910 1996 ab

518 2023 682 2064 humanis
686 2022 848 2074 setfibus
865 2021 923 2075 est,
955 2035 1060 2075 quam
1081 2036 1158 2061 eum
1172 2022 1297 2075 patris
1313 2021 1445 2061 habere
1462 2021 1546 2067 loco,
1566 2022 1632 2076 qui
1646 2036 1690 2061 ne
1706 2022 1814 2061 liberi
1827 2023 1910 2076 qui-

516 2091 594 2131 dem
612 2091 759 2130 hominis
789 2104 932 2129 numero
948 2090 1005 2141 stt
1024 2089 1044 2127 ἒ
1073 2089 1198 2142 Atqui
1223 2103 1260 2128 eo
1281 2090 1410 2136 tendit,
1440 2089 1481 2130 id
1493 2089 1589 2143 agit,
1616 2089 1669 2129 ad
1682 2104 1758 2129 eum
1776 2090 1912 2130 exitum

511 2166 689 2212 properat
709 2156 773 2196 vir
791 2156 956 2209 optimus,
972 2165 1014 2195 ut
1018 2157 1076 2208 fit
1096 2155 1150 2195 illi
1166 2155 1345 2195 OHavius
1354 2155 1550 2209 propitius.
1583 2157 1663 2209 Ego
1677 2155 1850 2208 verojam
1867 2157 1913 2195 iis

517 2224 661 2263 artibus
679 2223 774 2262 nihil
787 2221 921 2267 tribuo,
949 2221 1158 2276 quibusscio
1179 2222 1381 2261 Ciceronem
1400 2222 1691 2275 iessrquffimum
1711 2222 1782 2276 effe.
1813 2222 1916 2275 Quid

518 2291 608 2330 enim
628 2291 681 2329 illi
699 2290 868 2343 prosunt,
897 2303 978 2343 quae
997 2298 1067 2343 pro
1096 2288 1264 2328 libertate
1283 2289 1437 2343 patriae,
1468 2289 1509 2328 dc
1538 2288 1728 2342 dignitate,
1763 2304 1843 2343 quae
1870 2288 1912 2329 de

518 2366 644 2402 morte,
666 2356 778 2401 exilio,
803 2365 1036 2410 paupertate.
1053 2356 1203 2409 scripfit
1222 2356 1430 2409 copiqlgfflme
1447 2356 1466 2394 ἒ
1497 2356 1642 2409 Quanto
1660 2366 1780 2395 autem
1799 2356 1914 2410 magis

518 2423 580 2462 illa
611 2422 738 2462 callere
767 2421 915 2462 videtur
945 2422 1150 2476 Philippus,
1182 2422 1246 2476 qui
1262 2423 1436 2475 priw'gno
1454 2422 1569 2460 minus
1589 2422 1773 2466 tribuerit,
1804 2435 1911 2476 quam

519 2489 644 2530 Cicero
676 2488 789 2529 alieno
825 2488 968 2529 tribuat
987 2489 1008 2529 ἓ
1047 2489 1203 2542 Desinat
1240 2487 1358 2542 agitur
1385 2487 1571 2542 gloriando
1603 2489 1711 2528 etiem
1745 2486 1914 2542 itfitiari
