2241 2994
539 221 619 263 310

535 314 667 349 movet‚
693 307 790 354 quod
808 307 864 343 M.
883 308 1021 343 Crassus
1039 319 1109 344 una
1124 314 1206 344 cum

536 355 663 390 Tullio
697 356 848 391 Caelium
879 355 1042 392 defendit.
1095 358 1204 403 (Nam

535 402 761 450 interpretum
793 404 932 448 inscitia,
959 405 1021 452 qui
1050 406 1204 441 Crassum

534 452 638 487 Caelii
666 453 895 489 accusatorem
920 453 1065 496 faciunt,
1093 456 1203 490 riden-

531 501 592 542 da,
619 500 673 536 seu
692 501 879 537 miseranda
894 503 1011 550 potius
1029 515 1134 550 quam
1156 516 1203 539 re·

532 548 708 592 futanda.)
759 551 894 585 Crassus
918 564 997 586 vero
1015 564 1095 587 cum
1115 564 1204 587 arno

533 597 722 653 insequenti
752 599 869 634 consul
903 601 1084 646 paludatus
1112 601 1202 636 exie-

532 647 590 688 rit,
627 648 749 695 Appio
784 659 819 683 et
856 649 1013 683 Domitio
1052 650 1131 684 coss.
1163 661 1203 684 ne

531 695 660 732 Romae
677 697 818 744 quidem
837 696 916 739 fuit,
944 698 1071 731 nedum
1089 697 1202 732 causas

500 743 582 779 'ibi
621 757 717 780 orare
750 746 877 793 potuit.
930 745 1016 780 Huc
1056 747 1201 788 accedit,

529 794 629 841 quod
648 794 894 829 Alexandrinae
912 794 1091 840 legationis
1101 795 1201 849 ‘prin-

530 853 612 890 ceps
629 842 701 878 Dio
720 842 962 883 Academicus,
981 841 1081 890 cujus
1101 843 1201 878 inter-

529 891 667 926 ficiendi
709 891 808 926 causa
837 891 990 926 Caelium
1019 903 1142 927 aurum
1182 904 1201 927 a

527 939 656 975 Clodia
673 939 845 988 sumpfisse
875 939 1052 975 adversarii
1079 953 1199 988 argue-

529 988 626 1032 bant,
654 1001 745 1024 anno
775 989 946 1036 superiore
975 987 1080 1024 fuerit
1106 990 1198 1024 occi-

527 1037 596 1079 sus,
623 1038 761 1072 auzstore
790 1038 916 1079 Dione,
943 1037 998 1072 lib.
1018 1038 1196 1073 XXXIX.

527 1095 562 1120 et
577 1087 774 1121 Strabone
760 1099 794 1121 tn
805 1087 921 1121 XV11.
939 1098 1001 1121 nec
1021 1086 1199 1121 verisimile

527 1134 581 1177 sit,
608 1135 836 1170 accusatorem
865 1133 966 1182 hujus
997 1135 1101 1170 caedis
1131 1135 1195 1170 cri-

527 1195 605 1218 men
622 1193 656 1218 et
674 1183 922 1219 accusationem
940 1184 974 1218 in
994 1195 1099 1219 annos
1117 1184 1196 1232 plu-

526 1243 579 1267 res
596 1232 770 1268 distulifl‘e.

576 1281 611 1316 Si
629 1281 708 1328 quis
726 1280 877 1328 objiciet,
896 1282 962 1316 Cn.
982 1281 1195 1324 Domitium,

523 1328 630 1376 hujus
660 1330 738 1365 anni
766 1341 963 1378 praetorem,
991 1331 1033 1365 de
1060 1331 1195 1366 ambitu

523 1379 740 1426 quaefiviffe;
767 1380 918 1414 Caelium
947 1380 989 1414 de
1008 1379 1040 1414 vi
1059 1379 1193 1415 accusa-

523 1436 602 1462 tum
629 1427 751 1463 fuiffe:
778 1428 806 1463 is
837 1429 862 1463 si
892 1429 1103 1476 probaverit,
1130 1429 1192 1464 fin·

524 1477 628 1523 gulos
657 1487 822 1524 praetores
852 1478 1096 1512 tantummodo
1134 1478 1194 1512 uni

522 1525 707 1572 quaestioni
735 1524 919 1573 praefuiffe,
947 1538 1112 1573 magnum
1143 1525 1193 1561 se-

522 1575 617 1610 cerit.
669 1575 746 1610 Nec
773 1586 828 1610 me
845 1585 974 1618 movet,
990 1576 1097 1622 quod
1115 1577 1193 1610 Cae-

522 1623 590 1658 lius
608 1624 730 1671 Appio
758 1633 792 1658 et
822 1623 981 1659 Domitio
1005 1624 1085 1659 coff.
1117 1637 1192 1660 reus

522 1672 707 1708 invenitur.
769 1672 871 1720 Qid
919 1673 1010 1708 enim
1061 1672 1190 1714 obstat,

521 1721 653 1768 quaeso,
695 1733 768 1769 quo
798 1733 912 1756 minus
943 1721 1009 1756 hoc
1039 1731 1193 1775 tempore

520 1769 710 1812 absolutus,
738 1783 757 1805 a
784 1779 884 1818 gente
907 1770 1058 1805 Clodia
1051 1783 1084 1805 in
1096 1769 1191 1818 judi-

520 1818 614 1854 cium
633 1819 755 1855 retrahi
775 1819 927 1867 potuerit
943 1820 956 1854 ?

570 1869 682 1917 Qod
730 1869 904 1903 Latomus
946 1877 1058 1915 putat,
1103 1867 1190 1903 hanc

519 1917 708 1952 orationem
734 1917 858 1965 Appio
881 1927 916 1952 et
933 1917 1092 1952 Domitio
1109 1917 1190 1953 coss.

519 1965 597 2001 ideo
632 1965 797 2008 habitam,
836 1966 934 2013 quod
968 1967 1033 2001 Cn.
1065 1966 1190 2001 Domi-

518 2014 602 2058 tius,
628 2014 690 2062 qui
722 2015 797 2062 post
817 2015 893 2049 illos
911 2014 1029 2049 consul
1047 2013 1128 2056 fuit,
1157 2015 1189 2049 in

516 2075 638 2100 eorum
655 2063 833 2099 consulatu
858 2073 1046 2110 praeturam
1064 2064 1190 2110 geffiffe

517 2113 687 2155 videatur,
715 2112 875 2160 tempori,
902 2124 976 2159 quo
1003 2111 1063 2147 ista
1086 2111 1189 2161 scrip-

516 2162 571 2206 sit,
599 2161 792 2197 attribuito.

565 2212 651 2247 Hoc
668 2222 752 2258 ergo
770 2219 916 2253 maneat,
943 2209 1096 2245 Caelium
1115 2209 1188 2257 lege

516 2260 662 2297 Lutatia
696 2261 739 2295 de
768 2259 804 2294 vi
834 2269 976 2307 propter
1010 2259 1187 2294 seditiones

516 2309 763 2357 Neapolitanas
779 2318 814 2344 et
843 2308 909 2343 alia
925 2307 1068 2343 crimina
1086 2319 1186 2343 accu-

516 2359 648 2395 satum:
675 2358 719 2393 de
745 2357 966 2393 seditionibus
985 2357 1185 2404 Neapolita-

517 2407 569 2443 nis
594 2416 628 2442 et
657 2407 973 2442 Alexandrinorum
998 2405 1189 2454 pulsatione

516 2456 707 2493 Puteolana
729 2468 748 2491 a
777 2456 833 2492 M.
852 2455 995 2499 Craffo3
1021 2455 1064 2492 de
1091 2466 1188 2499 auro,

853 209 918 250 M.
979 211 1034 251 T.
1094 211 1624 253 CICERONIS

1256 309 1353 356 quod
1372 321 1391 343 a
1408 309 1534 345 Clodia
1564 306 1748 355 sumpsisse,
1773 315 1808 342 et
1825 311 1928 345 venei

1256 370 1313 398 no,
1356 359 1453 405 quod
1495 356 1644 404 ejusdem
1690 356 1827 392 Clodiae
1866 369 1926 393 ne-

1255 407 1376 442 candae
1405 408 1504 441 causa
1534 405 1661 454 pai-affe
1688 405 1879 448 dicebatur,
1905 418 1926 441 a

1256 457 1309 491 Μ.
1330 456 1496 490 Cicerone
1514 455 1580 490 hoc
1606 464 1760 501 tempore
1783 455 1848 489 esse
1865 455 1925 490 de-

1253 503 1397 539 sensum.

1304 554 1356 599 Q
1375 552 1538 587 Metellus
1568 552 1704 598 Nepos,
1729 564 1773 587 ex
1802 551 1924 587 consu-

1253 600 1324 635 latu
1355 601 1387 634 in
1415 599 1621 647 Hispaniam
1644 599 1820 646 profectus
1848 612 1925 635 eam

1254 649 1468 694 provinciam
1496 648 1562 684 hoc
1590 659 1743 695 tempore
1759 661 1824 696 pro
1841 661 1924 684 con-

1252 697 1322 732 sule
1339 697 1530 738 obtinebat,
1558 698 1648 731 unde
1665 702 1686 733 ὁ
1704 698 1821 735 'lc-elas
1837 700 1923 733 αἰθό-

1252 764 1339 782 mnf
1356 758 1376 780 a
1402 746 1591 781 Plutarcho
1608 747 1642 780 in
1660 745 1794 781 Caesare
1810 746 1923 781 nomi-

1252 806 1363 830 natur.
1398 795 1614 841 Videturque
1631 807 1674 830 ex
1691 794 1860 842 Hispania
1879 795 1922 830 ad

1252 843 1455 878 Ciceronem
1473 843 1593 878 misiffe
1620 843 1773 889 epzstolam
1804 855 1836 889 3.
1863 843 1919 878 lib.

1251 892 1295 927 V.
1322 892 1438 927 Famil.
1466 892 1500 927 in
1518 904 1589 939 qua
1604 893 1648 927 de
1664 892 1921 928 contumeliosis

1249 941 1476 976 concionibus
1494 940 1607 975 Clodii
1633 941 1744 975 aedilis
1767 952 1920 988 conque-

1251 989 1348 1024 ritur.
1401 988 1548 1024 Clodius
1567 988 1673 1024 frater
1691 989 1841 1036 Nepotis
1858 1001 1919 1037 ap-

1248 1038 1398 1085 pellatur
1414 1037 1516 1072 etiam
1532 1040 1567 1072 in
1583 1044 1664 1072 orat.
1690 1037 1758 1083 post
1781 1038 1863 1073 Red.
1884 1040 1920 1073 in

1248 1088 1377 1127 Senatu
1403 1096 1471 1132 cap.
1498 1097 1551 1122 ιο.
1576 1096 1612 1120 et
1633 1095 1696 1131 pro
1714 1087 1827 1129 Domo,
1850 1097 1923 1137 cap.

1249 1146 1306 1179 27.
1348 1147 1417 1170 non
1458 1144 1599 1182 propter
1627 1134 1840 1176 affinitatem,
1879 1145 1921 1171 ut

1249 1184 1357 1231 vulgo
1375 1183 1574 1231 interpretes
1589 1183 1652 1218 fibi
1656 1183 1917 1246 persuaserunt,

1247 1245 1368 1268 verum
1386 1245 1470 1279 quia
1486 1240 1513 1269 {r
1537 1233 1602 1278 725²*
1627 1235 1734 1274 αὐτῷ.
1721 1242 1761 1274 ’,ι
1789 1243 1829 1268 ut
1846 1233 1918 1269 Dio

1245 1282 1288 1317 de
1306 1281 1454 1317 Metello
1472 1282 1589 1316 Celere
1606 1281 1665 1323 ait,
1690 1293 1796 1329 quem
1812 1281 1916 1319 etiam

1246 1331 1370 1366 Cicero
1395 1330 1432 1365 de
1454 1331 1593 1377 Harusp.
1611 1331 1688 1377 resp.
1707 1341 1766 1376 cap
1799 1343 1856 1366 ει.
1881 1341 1918 1366 et

1239 1389 1299 1426 pro
1316 1379 1424 1421 Caelio,
1451 1389 1518 1425 cap.
1540 1391 1596 1423 ²4·
1640 1379 1757 1414 Clodii
1774 1378 1916 1415 fratrem

1247 1429 1414 1464 nominat.
1469 1429 1624 1463 Fuerunt
1650 1439 1764 1463 autem
1796 1429 1916 1465 fratres

1245 1478 1427 1525 patrueles,
1454 1478 1522 1519 seu,
1550 1489 1589 1512 ut
1599 1476 1832 1524 jurisconsulti
1854 1489 1916 1513 vo·

1244 1537 1334 1566 cant,
1361 1526 1522 1571 amitini„
1539 1526 1683 1561 Caecilia
1697 1527 1790 1561 enim
1808 1536 1916 1562 mater

1245 1575 1361 1610 Clodii
1382 1575 1605 1610 Metellorum
1625 1575 1729 1609 amita
1744 1573 1824 1610 fuit.

1292 1625 1478 1659 Metellum
1498 1624 1672 1671 Nepotem
1692 1624 1756 1658 hoc
1779 1634 1911 1671 tempo-

1242 1684 1276 1708 re
1305 1673 1337 1707 in
1365 1673 1534 1720 Hispania
1557 1673 1734 1714 deceffiffe,
1759 1685 1914 1719 eumque

1243 1734 1263 1756 a
1289 1721 1456 1757 Cicerone
1484 1721 1642 1768 intelligi,
1678 1721 1761 1767 epist.
1793 1733 1827 1768 9.
1855 1721 1911 1757 lib.

1244 1771 1304 1806 lV.
1345 1770 1389 1805 ad
1421 1778 1493 1807 sm.
1539 1770 1603 1804 viri
1637 1769 1729 1804 doffi
1774 1780 1910 1816 putant.

1243 1819 1354 1866 Qiod
1374 1820 1398 1854 si
1416 1831 1536 1855 verum
1551 1819 1642 1860 esset,
1671 1819 1835 1861 Dionem,
1852 1819 1909 1855 lib.

1241 1868 1420 1904 XXXIX.
1450 1868 1508 1903 ubi
1528 1881 1578 1903 res
1596 1868 1640 1903 ab
1656 1879 1698 1902 eo
1715 1867 1750 1902 in
1767 1867 1910 1915 provin-

1241 1917 1293 1952 cia
1310 1917 1418 1964 gestas
1434 1916 1589 1963 exponit,
1604 1917 1910 1969 praetermissurum

1240 1965 1339 2002 fuisse
1357 1979 1425 2002 non
1444 1966 1600 2002 arbitror.
1654 1966 1767 2000 Immo
1792 1965 1814 2000 si
1835 1977 1909 2012 jam

1241 2015 1275 2051 in
1293 2015 1463 2063 Hispania
1479 2015 1592 2063 periit,
1607 2013 1655 2049 est
1672 2014 1770 2061 quod
1787 2014 1909 2049 Pedia-

1240 2076 1285 2100 no
1303 2064 1448 2111 gratiam
1467 2063 1598 2104 referat,
1616 2027 1695 2110 quiq
1699 2063 1797 2098 illum
1816 2075 1908 2099 mor·

1240 2122 1341 2148 tuum
1373 2112 1406 2148 in
1432 2112 1536 2148 vitam
1568 2112 1715 2153 reduxit,
1741 2122 1845 2159 atque
1873 2112 1907 2148 in

1238 2162 1345 2197 choro
1387 2173 1512 2197 novem
1555 2160 1798 2203 consularium,
1844 2161 1906 2208 qui

1239 2209 1377 2246 biennio
1403 2210 1479 2258 post
1506 2210 1674 2244 Scaurum
1707 2222 1802 2245 rcum
1833 2210 1907 2245 lau-

1237 2259 1418 2300 daverunt,
1452 2258 1648 2294 collocavit.
1702 2259 1755 2294 Ut
1784 2268 1822 2293 ut
1855 2258 1906 2302 lit,

1239 2309 1293 2343 M.
1314 2308 1459 2343 Tullius
1478 2308 1634 2355 quinque
1660 2307 1756 2355 epist.
1784 2307 1839 2343 lah.
1860 2307 1905 2343 ll.

1238 2357 1276 2404 [l.
1297 2357 1375 2403 lv.]
1393 2357 1437 2392 ad
1452 2359 1522 2393 Au.
1551 2368 1672 2404 nempe
1690 2370 1724 2399 4.
1744 2367 1776 2401 5.
1809 2357 1842 2391 6.
1873 2367 1905 2401 7.

1236 2416 1270 2441 et
1298 2408 1330 2442 8.
1359 2405 1410 2441 his
1439 2405 1638 2441 consulibus
1675 2404 1813 2452 scripsit.
1866 2405 1905 2440 ln

1239 2455 1328 2491 sexta
1365 2454 1521 2491 meminit
1549 2454 1703 2504 epistola:
1732 2454 1775 2490 ad
1809 2454 1906 2490 Luc-
