2241 2994
660 236 1508 280 PHILOSOPHORUM.

446 334 481 370 Si
517 333 558 369 ad
593 334 688 370 illam
713 334 834 377 vitam,
864 346 946 381 quae
980 346 1062 370 cum

395 383 524 418 virtute
545 383 700 429 degatur,
727 383 882 430 ampulla
908 393 967 417 aut
988 383 1061 418 stri·

395 432 474 478 gilis
501 432 650 473 accedat,
686 430 904 478 sumpturum
933 431 1060 478 sapien-

395 489 464 514 tem
491 491 566 514 eam
595 479 703 514 vitam
734 480 860 527 potius,
899 479 955 513 cui
985 480 1059 514 haec

395 526 523 574 adjecta
547 528 622 570 fint,
649 540 709 562 nec
740 529 923 562 beatiorem
947 537 1059 563 tamen

395 575 479 611 fore.
506 576 543 610 de
563 577 662 612 Finib.
685 577 743 611 lV.
763 588 811 611 iz.

443 625 611 660 Dolorem
629 637 697 660 non
721 625 786 659 effe
805 625 944 660 malum.
969 624 1017 659 Tu
1032 637 1056 660 c.

394 673 439 708 II.
457 686 508 708 η.
527 677 574 709 18.
616 674 743 708 Abesse
757 686 776 708 a
793 673 941 721 sapiente
959 674 1057 720 aegri-

393 722 559 757 tudinem.
578 721 664 768 Tusc.
680 723 729 757 ΙΙΙ
744 725 790 758 .8.

440 771 666 806 Voluntatem
690 774 788 817 (quae
809 770 934 805 Graece
951 775 1059 810 βέλκφκ

391 818 531 860 dicitur,
551 819 584 853 id
599 819 658 862 est,
677 819 844 867 appetitio
857 818 942 865 ejus,
961 820 1057 866 quod

392 867 524 902 bonum
542 868 711 909 videatur,
739 868 782 903 ad
808 868 904 915 quod
937 868 1059 916 adipis-

391 916 538 951 cendum
569 917 715 964 impellit
740 917 810 964 ipsa
827 917 964 959 natura)
982 918 1057 959 esse,

389 976 472 1011 quae
497 965 583 1012 quid
614 977 694 1000 cum
725 966 854 1000 ratione
882 965 1057 1001 desiderat.

387 1013 554 1060 Tusculun.
575 1014 638 1049 ΙΙΙ.
658 1014 745 1049 Vide
762 1014 928 1059 Tusculan.
949 1015 1010 1050 1V.
1024 1015 1056 1050 6.

438 1063 486 1097 Et
503 1075 585 1109 quae
604 1065 719 1110 turpia
737 1075 770 1098 re
793 1075 860 1098 non
880 1063 967 1105 sunt,
995 1075 1056 1098 nec

386 1111 503 1146 verbis
521 1112 586 1146 esse
604 1111 779 1158 flagitiosa.
807 1110 896 1156 Offic.
915 1113 941 1147 Ι.
963 1123 1022 1157 35.

438 1160 647 1195 Modestiam
666 1160 836 1195 scientiam
855 1161 919 1195 esse
937 1172 1054 1195 earum

388 1220 516 1250 rerum,
531 1221 612 1256 quae
631 1219 786 1256 agentur,
806 1219 865 1243 aut
883 1209 1053 1252 dicentur,

387 1257 448 1292 suo
463 1257 541 1293 loco
553 1258 844 1293 collocandarum.
884 1257 1054 1293 Ordinem

387 1317 482 1348 vero,
514 1306 796 1389 compgfitiorliem
827 1318 950 1400 ῑῧὲηπΙ
969 1309 1056 1352 aptis

387 1364 420 1389 et
438 1366 616 1390 accommo
644 1364 706 1389 atis
741 1367 823 1390 ocis.
911 1382 918 1390 .
955 1367 1036 1397 .4o.

436 1403 681 1438 Urbanitatem
691 1404 754 1438 esse
762 1406 935 1439 virtutem.
954 1404 1053 1450 Epist.

386 1452 502 1487 Famil.
530 1452 590 1488 lib.
610 1452 673 1487 ΙΙΙ.
695 1467 728 1499 7.

435 1502 566 1536 Omnes
583 1502 647 1536 effe
663 1501 800 1544 divites,
826 1501 888 1548 qui
906 1501 999 1536 coelo
1020 1511 1055 1537 et

385 1558 474 1584 terra
485 1549 554 1584 frui
572 1550 722 1597 possunt.
764 1551 862 1597 Epist.
877 1551 1052 1586 Familiar.

383 1597 486 1633 libro.
504 1599 584 1634 VII.
607 1601 656 1635 16.

433 1647 534 1682 Nihil
550 1648 614 1682 effe
632 1647 788 1695 sapientis
803 1648 973 1695 praestare,
991 1648 1052 1683 nifi

383 1696 534 1743 culpam.
553 1697 653 1741 Epist.
667 1697 831 1732 Familiar.
851 1696 911 1731 lib.
932 1697 1052 1732 124.16.

436 1745 536 1779 Nihil
553 1746 616 1780 esse
632 1745 850 1788 obscoenum,
878 1745 965 1780 nihil
981 1755 1052 1780 tur-

383 1805 428 1841 pe
445 1793 553 1829 dictu.
596 1795 690 1829 Nam
708 1795 731 1829 fi
750 1795 847 1841 quod
869 1794 909 1829 fit
935 1794 969 1828 in
987 1795 1050 1829 ob-

383 1842 559 1878 scoenitate
590 1843 773 1889 flagitium,
805 1844 840 1878 id
865 1853 925 1877 aut
952 1843 986 1877 in
1015 1855 1051 1878 re

383 1891 459 1933 esse,
487 1901 546 1926 aut
565 1891 598 1926 in
617 1893 742 1927 verbo:
772 1891 856 1927 nihil
875 1892 938 1926 esse
956 1892 1048 1927 terti-

383 1951 454 1975 um.
491 1942 589 1986 Epist.
609 1941 725 1976 Fama.
752 1941 812 1976 lib.
833 1940 898 1974 IX.
921 1951 978 1975 22.

432 1989 593 2036 Crepitus
613 2001 713 2036 aeque
738 1990 878 2031 liberos,
904 2000 942 2023 ac
969 2001 1050 2024 ruc-

383 2047 452 2080 ωε,
478 2039 542 2072 esse
559 2048 728 2086 oportere.
766 2037 863 2086 Eptst.
883 2038 1049 2074 Familiar.

381 2086 442 2121 lib.
460 2082 526 2123 IX.
550 2099 606 2123 22.

432 2135 565 2182 Fugere
583 2147 650 2170 non
669 2135 732 2171 esse
751 2135 919 2184 sapientis.
948 2135 1046 2181 Epist.

381 2183 425 2218 ad
441 2183 577 2218 Brutum
590 2196 640 2229 1-5.

432 2232 626 2279 Sapientem
646 2245 714 2268 non
734 2233 838 2269 irasci.
856 2232 894 2268 de
911 2235 1045 2270 Orator.

382 2280 445 2315 Ill.
474 2283 525 2316 18.

430 2329 690 2376 Eloquentiam,
717 2330 881 2366 virtutem
903 2343 940 2367 ac
960 2331 1045 2380 sapi-

381 2378 506 2414 entiam
524 2379 597 2414 ess‘e.
625 2382 660 2414 de
677 2380 773 2415 Orat.
793 2380 855 2415 111.
881 2383 934 2416 18.

1725 246 1798 299 381

1233 333 1656 376 EPICUREI.

1109 429 1372 521 EPICUR
1386 433 1452 468 US
1473 438 1508 479 (a
1526 448 1598 482 quo
1614 438 1773 483 Epicurei,

1217 489 1236 530 a
1259 478 1456 516 doftissimis
1478 484 1675 532 quibusque
1692 500 1775 522 con-

1111 533 1245 572 tempti,
1274 528 1440 564 nominati
1466 530 1558 574 sunt)
1584 534 1689 570 homo
1707 535 1776 571 fuit

1109 573 1235 615 mollis,
1262 584 1296 609 et
1314 577 1542 624 voluptarius,
1566 584 1658 628 quasi
1679 585 1775 629 pueri

1109 621 1257 665 delicati,
1286 624 1369 659 nihil
1388 627 1566 663 cessatione
1584 631 1776 667 melius-ex-

1110 669 1273 714 istimans,
1298 672 1367 708 fine
1385 684 1467 718 arte,
1490 676 1557 711 fine
1575 678 1693 722 literis,
1723 681 1775 715 in-

1109 717 1235 754 sultans
1275 719 1308 755 in
1343 734 1474 767 omnes,
1516 726 1584 761 fine
1619 728 1778 765 acumine

1109 767 1194 809 ullo,
1222 768 1290 804 fine
1313 772 1525 817 audieritate,
1553 775 1620 810 fine
1646 776 1774 824 lepore,

1108 825 1244 859 cautus,
1270 817 1383 854 secum
1413 833 1585 868 pugnans,
1612 837 1678 860 non
1705 836 1774 861 tarn

1108 862 1253 908 facetus,
1281 879 1386 914 quam
1411 871 1453 905 ad
1465 870 1656 917 jocandum
1676 874 1774 911 liber.

1109 913 1335 961 Pamphilum
1378 920 1574 964 quendam,
1619 922 1776 959 Platonis

1109 961 1314 1007 auditorem,
1337 965 1383 1000 ait
1401 978 1419 1001 a
1436 967 1466 1002 se
1483 970 1574 1004 Sami
1594 971 1773 1014 auditum;

1108 1009 1156 1044 ibi
1174 1011 1265 1047 enim
1289 1013 1479 1051 adolescens
1497 1018 1675 1054 habitabat
1692 1033 1773 1056 cum

1107 1068 1204 1105 patre
1220 1071 1254 1096 et
1271 1060 1448 1106 fratribus,
1463 1067 1560 1112 quod
1578 1067 1612 1102 in
1623 1080 1700 1104 eam>
1715 1070 1772 1105 In-

1106 1107 1214 1142 sulam
1239 1120 1336 1157 pater
1356 1111 1429 1159 ejus
1446 1115 1596 1151 NeoEIes
1620 1117 1774 1166 agripeta

1106 1167 1258 1192 venerat:
1280 1159 1346 1201 sed,
1362 1173 1442 1196 cum
1461 1164 1590 1210 agellus
1603 1177 1683 1201 eum
1701 1180 1771 1203 non

1104 1204 1180 1240 satis
1199 1206 1312 1251 aleret,
1333 1209 1566 1258 ludimagister
1581 1213 1660 1249 fuit.
1705 1216 1770 1251 Ni-

1105 1253 1153 1288 hil
1166 1255 1236 1290 olet
1251 1268 1292 1291 ex
1308 1259 1507 1302 Academia,
1534 1262 1618 1298 nihil
1635 1275 1677 1299 ex
1696 1265 1769 1311 Ly-

1106 1314 1178 1345 ceo,
1205 1304 1290 1339 nihil
1313 1318 1353 1341 ne
1376 1320 1395 1342 e
1416 1309 1607 1355 puerilibus
1628 1313 1770 1359 quidem

1105 1351 1303 1398 disciplinis.
1348 1356 1387 1390 In
1410 1357 1562 1404 Physicis
1587 1361 1769 1397 Democri-

1105 1409 1195 1442 tum,
1218 1400 1251 1435 in
1265 1415 1370 1450 quem
1388 1414 1499 1441 tamen
1516 1406 1584 1443 fuit
1602 1409 1770 1456 ingratus,

1105 1448 1238 1484 secutus
1267 1452 1338 1488 est:
1375 1455 1431 1488 cui
1459 1455 1582 1502 adjecit
1598 1470 1775 1506 perpauca

1103 1507 1255 1542 mutans,
1273 1501 1329 1536 sed
1346 1501 1404 1543 ita,
1433 1513 1472 1538 ut
1488 1516 1538 1547 ea,
1565 1518 1646 1553 quae
1664 1509 1768 1543 corri-

1103 1559 1181 1593 gere
1193 1549 1285 1592 vult,
1298 1550 1484 1598 depravare
1496 1553 1661 1590 videatur.
1690 1558 1767 1592 Ple-

1103 1608 1209 1643 raque
1235 1597 1321 1634 dicit
1344 1601 1483 1643 eadem;
1520 1612 1664 1646 atomos,
1695 1606 1767 1641 ina-

1103 1657 1156 1685 ne,
1174 1647 1353 1692 imagines,
1376 1649 1577 1686 infinitatem
1596 1653 1766 1698 locorum,

1103 1694 1520 1745 innumerabilitatemque
1542 1702 1765 1747 mundorum,

1101 1753 1221 1777 eorum
1237 1755 1345 1787 ortus,
1364 1746 1534 1790 interitus,
1553 1752 1667 1785 omnia
1683 1750 1766 1795 fere,

1100 1791 1230 1838 quibus
1274 1805 1406 1830 naturae
1440 1797 1526 1832 ratio
1559 1800 1770 1837 continetur.>

1099 1840 1241 1876 Habuit
1276 1853 1310 1877 et
1348 1845 1606 1892 Nausiphanem
1645 1849 1768 1896 magis-

1099 1899 1204 1931 trum,
1235 1893 1332 1938 quod
1360 1905 1429 1928 non
1460 1906 1573 1942 negat,
1602 1898 1765 1933 omnibus

1100 1948 1214 1973 tamen
1233 1941 1450 1978 contumeliis
1468 1955 1584 1987 vexat,
1610 1956 1764 1982 metuens

1100 1999 1142 2022 ne
1158 1987 1246 2034 quid
1269 2001 1424 2037 unquam
1449 1992 1492 2027 ab
1519 1993 1593 2028 aliis
1614 1994 1766 2030 didicisse

1099 2036 1269 2073 videatur.
1319 2040 1414 2074 Nam
1443 2051 1477 2075 et
1508 2043 1695 2085 Aristoteli,
1731 2055 1766 2080 et

1101 2085 1270 2122 Phaedoni
1292 2088 1468 2124 Socratico
1490 2091 1677 2138 turpiffime
1692 2105 1765 2127 ma-

1098 2134 1244 2178 ledixit3
1273 2146 1308 2171 et
1324 2138 1531 2182 Metrodori,
1557 2139 1678 2175 sodalis
1700 2141 1762 2183 sui,

1097 2182 1250 2226 fratrem,
1277 2185 1526 2229 Timocratem,
1553 2189 1635 2234 quia
1653 2189 1763 2225 nescio

1096 2233 1184 2280 quid
1220 2234 1253 2267 in
1288 2234 1509 2281 Philosophia
1537 2236 1761 2281 dissentiebat,

1097 2282 1178 2316 totis
1194 2283 1434 2318 voluminibus
1448 2284 1612 2326 concidit,
1624 2295 1658 2320 et
1675 2287 1762 2332 saepe

1095 2330 1130 2364 in
1149 2330 1281 2378 scriptis
1307 2331 1474 2378 gloriatus
1495 2332 1554 2374 est,
1582 2333 1613 2368 se
1639 2335 1760 2382 magis-

1095 2388 1187 2415 trum
1198 2380 1349 2416 habuilse
1359 2381 1507 2417 nullum.
1520 2382 1589 2417 Sua
1597 2384 1771 2431 quaedam,
