2335 3009
592 218 687 256 AD
745 217 814 267 Q
861 214 1227 254 FRATREM
1300 216 1433 255 ΜΒ.
1485 219 1561 257 111.
1725 233 1774 273 55

374 315 489 355 bonis
511 313 869 367 subscriptoribus:
903 313 952 351 C.
976 313 1198 351 Memmius
1231 314 1415 354 tribunus
1446 315 1574 368 plebis
1601 329 1694 354 cum
1716 319 1766 357 L.

375 382 584 434 Capitone.
631 379 695 417 Ad
726 379 865 417 urbem
892 379 1045 417 acceffit
1076 392 1110 417 a.
1143 379 1182 417 d.
1216 392 1285 418 xi1
1319 379 1397 419 kal.
1433 381 1598 420 octobr.
1647 381 1767 421 Nihil

373 447 543 499 turpius,
575 458 647 484 nec
667 444 870 483 desertius.
917 444 990 482 Sed
1019 444 1082 483 his
1097 445 1262 497 judiciis
1285 445 1387 483 nihil
1408 447 1530 485 audeo
1552 447 1764 489 confidere.

373 511 494 562 Qod
516 512 617 550 Cato
637 524 717 549 non
737 510 903 556 valebat,
921 509 1049 548 adhuc
1069 510 1117 548 de
1137 511 1316 563 pecuniis
1339 513 1564 563 repetundis
1586 527 1665 552 non
1686 524 1766 553 erat

371 576 603 629 postulatus.
651 576 864 628 Pompeius
891 588 913 613 a
941 589 1004 614 me
1031 576 1141 614 valde
1168 576 1374 615 contendit
1394 577 1441 615 de
1463 578 1590 616 reditu
1611 579 1652 617 in
1673 593 1763 632 gra-

370 643 483 687 tiam,
514 641 578 680 sed
598 640 727 680 adhuc
747 640 849 679 nihil
871 640 1065 694 profecit;
1097 655 1184 686 nec,
1208 642 1235 680 fi
1256 642 1378 680 ullam
1399 653 1550 695 partem
1571 643 1763 683 libertatis

371 706 529 752 tenebo,
551 705 747 759 proficiet.
771 707 879 744 Tuas
901 706 1031 744 literas
1051 705 1305 746 vehementer
1324 709 1501 759 expec‘to.
1525 709 1646 761 Qod
1667 709 1763 748 scri-

371 773 432 811 bis
452 782 491 812 te
511 773 654 811 audiffe
684 773 726 811 in
755 772 1055 811 candidatorum
1075 773 1340 811 consularium
1360 774 1534 813 coitione
1555 788 1618 814 me
1638 776 1762 815 inter-

371 838 498 885 fuiss‘e,
529 839 570 877 id
601 838 744 877 falsum
775 838 857 878 est:
889 838 1083 892 ejusmodi
1113 839 1221 878 enim
1248 840 1445 892 pactiones
1467 842 1508 879 in
1529 855 1572 880 ea
1590 842 1765 882 coitIOne

370 903 480 944 factae
500 905 603 951 sunt,
635 918 730 958 quas
762 905 891 958 postea
923 905 1144 944 Memmius
1176 904 1378 959 patefecit,
1410 916 1455 946 ut
1486 921 1604 946 nemo
1637 908 1763 949 bonus

371 971 548 1010 intereffe
567 971 746 1010 debuerit
765 987 774 1009 :
806 980 845 1010 et
866 971 981 1010 fimul
1001 971 1104 1010 mihi
1124 972 1461 1011 committendum
1481 986 1561 1012 non
1593 973 1688 1020 fuit,
1720 984 1764 1014 ut

316 1062 325 1066 -
371 1035 434 1075 his
465 1037 708 1075 coitionibus
741 1037 974 1082 intereffem,
1005 1037 1151 1090 quibus
1182 1037 1344 1076 Meffala
1362 1038 1665 1086 excluderetur;
1697 1041 1764 1080 cui

371 1101 535 1156 quidem
568 1102 821 1141 vehementer
854 1102 1049 1142 satisfacio
1083 1104 1198 1142 rebus
1232 1104 1420 1144 omnibus
1439 1119 1448 1143 τ
1495 1114 1541 1144 ut
1570 1106 1761 1152 arbitror,

370 1169 492 1208 etiam
521 1167 736 1206 Memmio.
782 1168 967 1206 Domitio
1001 1168 1071 1221 ipfi
1105 1169 1232 1207 multa
1259 1170 1344 1222 jam
1378 1169 1471 1215 fecI,
1501 1184 1588 1223 quae
1619 1172 1761 1218 voluit,

371 1247 538 1287 quaeque
557 1247 578 1271 a
597 1246 661 1272 me
680 1233 835 1286 petivit.
878 1234 1067 1272 Scaurum
1088 1234 1280 1273 beneficio
1300 1234 1534 1274 defenfionis
1555 1236 1666 1275 valde
1685 1237 1760 1276 ob-

371 1300 506 1353 ligavi.
551 1298 699 1337 Adhuc
725 1307 805 1337 erat
824 1298 936 1336 valde
960 1299 1157 1337 incertum
1177 1309 1216 1338 et
1236 1301 1394 1351 quando
1413 1302 1590 1347 comitia,
1621 1311 1660 1341 et
1692 1304 1764 1356 qui

370 1365 549 1404 consules
570 1364 696 1403 futuri
715 1363 849 1403 effent.
892 1365 1000 1403 Cum
1019 1363 1121 1403 hanc
1136 1366 1220 1418 jam
1240 1365 1443 1418 epistolam
1464 1367 1761 1420 complicarem,

370 1430 564 1470 tabellarii
586 1444 606 1468 a
625 1430 737 1469 vobis
758 1439 949 1468 venerunt
969 1444 1003 1469 a.
1027 1430 1066 1469 d.
1092 1443 1138 1469 XI
1162 1430 1241 1469 kal.
1265 1431 1372 1484 Sept.
1395 1431 1578 1471 vicesimo
1598 1432 1675 1473 die.
1722 1436 1761 1474 Ο

369 1511 434 1536 me
455 1497 672 1536 sollicitum
691 1496 699 1534 !
732 1505 924 1549 quantum
946 1510 1020 1550 ego
1040 1496 1150 1536 dolui
1171 1497 1213 1535 in
1235 1497 1395 1536 Caesaris
1417 1497 1645 1538 suaviffimis
1668 1499 1761 1540 lite-

369 1563 449 1602 ris!
482 1562 560 1608 sed,
591 1575 672 1615 quo
701 1571 811 1600 erant
843 1562 1049 1609 suaviores,
1080 1576 1126 1601 eo
1155 1564 1345 1616 majorem
1365 1563 1542 1603 dolorem
1563 1565 1671 1604 illius
1693 1567 1763 1606 ille

368 1629 476 1668 casus
508 1628 706 1667 afferebat.
754 1628 827 1667 Sed
846 1628 892 1666 ad
914 1637 998 1667 tuas
1019 1629 1133 1668 venio
1152 1629 1299 1668 literas.
1345 1629 1527 1668 Primum
1559 1639 1667 1670 tuam
1697 1646 1760 1671 re—

368 1694 608 1734 manfionem
629 1695 749 1732 etiam
769 1704 886 1748 atque
906 1695 1024 1733 etiam
1045 1695 1185 1748 probo,
1217 1694 1429 1748 praesertim
1451 1708 1558 1741 curn,
1591 1706 1635 1735 ut
1664 1697 1760 1736 scri-

370 1761 455 1806 bis,
491 1774 585 1799 cum
620 1760 767 1799 Caesare
799 1761 1122 1801 communicaris.
1170 1761 1352 1814 Oppium
1386 1761 1509 1799 miror
1541 1761 1761 1814 quidquam

368 1839 464 1864 cum
485 1825 662 1864 Publilio
681 1840 689 1864 :
714 1824 817 1863 mihi
836 1825 943 1864 enim
964 1839 1044 1864 non
1065 1826 1277 1879 placuerat.
1311 1825 1431 1878 Qod
1451 1826 1636 1865 interiore
1656 1829 1759 1880 epis-

368 1892 449 1931 tola
469 1891 605 1930 scribis
626 1905 690 1930 me
711 1891 771 1930 Id.
795 1892 903 1945 Sept.
928 1891 1119 1945 Pompeio
1139 1892 1313 1945 legatum
1334 1892 1398 1936 iri,
1429 1891 1470 1929 id
1495 1905 1568 1944 ego
1588 1905 1667 1932 non
1689 1907 1759 1933 au-

369 1957 477 2003 divi;
509 1956 719 2010 scripsique
739 1956 786 1994 ad
815 1956 1019 2003 Caesarem,
1050 1957 1281 1996 Vibullium
1313 1956 1472 1995 Caesaris
1505 1957 1687 1997 mandata
1712 1960 1760 1999 de

369 2036 455 2061 mea
473 2022 671 2061 manfione
691 2021 737 2060 ad
759 2022 996 2075 Pompeium
1017 2022 1229 2075 pertulisse,
1262 2036 1332 2060 nec
1357 2021 1404 2059 ad
1426 2022 1622 2074 Oppium.
1667 2025 1761 2077 Qo

368 2087 562 2125 confilio?
594 2087 832 2139 Qanquam
866 2088 1048 2140 Oppium
1079 2101 1152 2140 ego
1181 2088 1307 2133 tenui,
1339 2086 1445 2140 quod
1465 2088 1613 2140 priores
1633 2100 1760 2141 partes

368 2153 542 2191 Vibullii
560 2162 668 2192 erant
687 2168 696 2191 :
729 2166 822 2192 cum
842 2166 888 2192 eo
907 2154 1014 2191 enim
1035 2167 1168 2192 coram
1189 2154 1314 2192 Caesar
1333 2162 1476 2205 egerat,
1508 2153 1555 2191 ad
1577 2155 1759 2207 Oppium

369 2217 581 2270 scripserat.
627 2219 716 2271 Ego
747 2231 838 2257 vero
870 2219 997 2257 nullas
1028 2211 1174 2269 δευτέρας
1193 2212 1359 2268 φροντίδας
1381 2217 1524 2256 habere
1542 2218 1696 2271 possum
1716 2221 1758 2260 in

371 2282 529 2322 Caesaris
550 2283 680 2322 rebus.
713 2283 786 2323 Ille
807 2283 910 2323 mihi
931 2283 1146 2323 secundum
1163 2292 1200 2322 te
1221 2293 1260 2321 et
1279 2283 1424 2321 liberos
1446 2283 1593 2321 nostros
1615 2284 1669 2322 ita
1688 2285 1757 2332 est,

370 2357 415 2387 ut
436 2347 480 2385 fit
500 2361 599 2400 pene
616 2361 698 2401 par.
728 2348 876 2388 Videor
895 2349 936 2387 id
951 2349 1106 2402 judicio
1125 2347 1275 2393 facere;
1293 2348 1376 2400 jam
1397 2347 1504 2385 enim
1526 2347 1670 2388 debeo:
1695 2350 1758 2389 sed

370 2423 501 2453 tamen
521 2425 651 2451 amore
670 2413 755 2452 sum
776 2415 972 2454 incensus.

426 2479 500 2519 VI.
524 2478 631 2518 Cum
651 2477 877 2532 scripfiffem
898 2480 981 2521 haec
1002 2480 1152 2527 infima,
1176 2493 1262 2534 quae
1283 2479 1372 2520 sunt
1393 2493 1479 2520 mea
1498 2493 1633 2527 manu,
1650 2482 1758 2521 venit
