2335 3009
1095 269 1327 328 [178]

639 541 1806 615 RHE'TORICORUM

541 790 763 866 AD.
819 791 913 865 C.
982 779 1906 862 HERENNIUM

941 1045 1334 1085 LIBER

530 1251 562 1286 1.
582 1249 703 1327 AD
729 1259 868 1284 ornnem
890 1247 1094 1295 judicialem
1123 1258 1203 1282 cau-

677 1298 745 1334 sam
764 1297 1061 1345 quemadmodum
1079 1308 1204 1332 conve·

531 1348 620 1384 niret
652 1348 886 1383 inventionem
920 1358 1034 1381 rerum
1068 1357 1204 1381 accom-

532 1396 679 1438 modari,
716 1395 792 1430 satis
821 1395 1048 1437 abundanter,
1081 1404 1122 1429 ut
1152 1405 1200 1428 ar-

533 1445 658 1487 bitror,
685 1443 916 1492 superioribus
940 1443 1037 1479 libris
1061 1443 1203 1478 demon-

533 1494 677 1529 stratum
694 1494 752 1528 est.
777 1493 886 1528 Nunc
903 1504 1020 1527 earum
1039 1492 1206 1526 rationem

535 1555 648 1578 rerum
673 1541 968 1583 inveniendarum,
994 1553 1076 1588 quae
1105 1539 1207 1587 perti-

536 1592 663 1627 nebant
690 1591 732 1626 ad
761 1590 877 1625 causas
906 1589 1144 1625 deliberativas
1174 1597 1209 1623 et

536 1639 832 1681 demonstrativas,
875 1639 909 1674 in
945 1639 1037 1673 hunc
1068 1637 1208 1672 'librum

537 1689 786 1730 transtulimus,
814 1697 853 1722 ut
875 1687 987 1722 omnis
1014 1686 1208 1721 inveniendi

538 1738 727 1785 praeceptio
753 1737 817 1772 tibi
845 1735 1106 1783 quamprimum
1133 1747 1208 1782 per-

539 1786 734 1822 solveretur.
782 1785 945 1832 Reliquae
963 1794 1115 1832 quatuor
1132 1795 1210 1831 par-

539 1845 588 1870 tes
606 1845 702 1870 erant
719 1834 864 1870 artificii.
905 1834 957 1869 De
976 1833 1087 1868 tribus
1105 1832 1210 1880 parti-

541 1885 606 1919 bus
635 1885 669 1919 in
687 1884 751 1919 hoc
771 1884 861 1918 libro
877 1883 1044 1923 dicemus,
1070 1881 1208 1929 disposi-

540 1933 658 1975 tione,
697 1932 996 1980 pronuntiatione,
1034 1930 1208 1965 memoria.

540 1982 596 2016 De
612 1983 818 2023 elocutione,
845 1981 928 2027 quia
951 1980 1051 2027 plura
1068 1979 1213 2014 dicenda

541 2030 760 2072 videbantur,
788 2030 821 2064 in
854 2039 980 2076 quarto
1011 2029 1100 2063 libro
1129 2039 1210 2062 con-

542 2079 683 2114 scribere
710 2078 918 2113 maluimus:
948 2089 1066 2125 quem,
1094 2087 1132 2110 ut
1161 2088 1211 2109 ar-

544 2129 664 2170 bitror,
679 2128 740 2162 tibi
761 2128 888 2162 librum
907 2126 1058 2161 celeriter
1075 2125 1210 2159 absulu-

544 2187 618 2212 tum
639 2177 827 2215 mittemus,
857 2188 896 2210 ne
914 2175 999 2221 quid
1020 2174 1081 2209 tibi
1103 2173 1211 2207 ilieto-

545 2227 625 2261 rica:
644 2226 722 2260 artis
741 2225 847 2260 deesse
865 2226 973 2272 poffit.
1003 2224 1130 2257 Interea
1145 2221 1212 2268 pri-

545 2287 599 2309 ma
640 2287 792 2322 qumque
826 2285 859 2308 ct
895 2273 1086 2311 nobiscum,
1131 2282 1212 2304 cum

545 2325 650 2364 voles,
678 2334 710 2357 et
740 2322 910 2358 interdum
936 2321 1002 2357 sine
1027 2319 1138 2360 nobis,
1167 2319 1211 2353 lc-

545 2374 657 2419 gcndo
687 2371 914 2418 couti-quere,
951 2370 1078 2416 nequid
1107 2368 1211 2415 impc-

545 2422 648 2461 «liarc,
675 2422 758 2465 quin
780 2420 819 2454 ml
841 2420 925 2455 hanc
952 2418 1135 2453 utilitatem
1155 2429 1211 2463 pa-

547 2471 625 2505 riter
672 2470 849 2503 nobiscum
899 2466 1058 2515 progredi
1100 2467 1212 2513 pollis.

546 2521 652 2555 Nunc
689 2529 726 2552 tu
767 2518 819 2552 sac
855 2527 1023 2552 attentum
1059 2525 1092 2551 te
1125 2526 1215 2562 pra:-

1412 1043 1510 1082 111.

1255 1246 1358 1281 beas:
1398 1256 1461 1280 nos
1490 1243 1661 1293 proficisci
1694 1243 1738 1279 ad
1772 1243 1927 1280 instituta

1254 1306 1448 1342 pergemus.

1303 1343 1349 1378 11.
1387 1341 1658 1378 Deliberationes
1688 1342 1814 1390 partim
1848 1341 1927 1377 sunt

1254 1390 1464 1439 hujusmodi,
1503 1400 1544 1426 ut
1575 1402 1766 1438 quaeratur,
1805 1400 1927 1426 utrum

1253 1440 1371 1493 potius
1389 1438 1586 1474 faciendum
1610 1439 1675 1475 fit:
1705 1439 1831 1487 partim
1860 1439 1927 1474 hu-

1250 1488 1416 1536 jusmodi,
1443 1488 1507 1530 uti,
1534 1487 1621 1535 quid
1646 1489 1857 1535 potissimum
1875 1487 1928 1523 fa-

1256 1537 1417 1572 ciendum
1437 1537 1490 1579 sit,
1517 1536 1757 1572 consideretur.
1792 1537 1928 1572 Utrum

1258 1586 1391 1634 potius,
1417 1586 1481 1621 hoc
1523 1585 1651 1620 modo:
1688 1585 1854 1632 Carthago
1880 1597 1930 1620 co-

1258 1634 1348 1670 lenda
1363 1661 1373 1676 ,
1416 1646 1459 1668 an
1501 1633 1701 1680 relinquenda
1715 1661 1726 1677 ,
1768 1633 1932 1670 videatur.

1260 1683 1360 1730 Quid
1378 1682 1604 1731 potissimum,
1632 1683 1696 1718 hoc
1723 1684 1849 1731 paeto:
1878 1692 1932 1725 ut,

1248 1737 1283 1778 fi
1311 1731 1451 1767 Annibal
1477 1732 1636 1777 consultet,
1673 1743 1741 1766 cum
1770 1743 1808 1766 ex
1837 1732 1932 1766 ltalia

1260 1781 1485 1827 Carthaginem
1515 1779 1683 1825 arceffitur,
1709 1783 1742 1815 in
1766 1780 1863 1816 ltalia
1881 1791 1933 1814 re-

1261 1837 1413 1871 maneat·‚
1439 1841 1482 1864 an
1511 1829 1632 1864 domum
1666 1829 1797 1869 redeat·,
1824 1841 1867 1862 an
1896 1830 1933 1863 in

1260 1884 1430 1926 AEgyptum
1453 1878 1613 1924 profeSus
1645 1885 1767 1924 occupet
1797 1878 1932 1912 Alexan.

1260 1928 1374 1963 driam.
1418 1927 1506 1962 Item
1527 1926 1786 1962 deliberationes
1806 1926 1931 1974 pirtim

1263 1977 1343 2024 ipsae
1365 1987 1504 2024 propter
1522 1975 1551 2011 se
1578 1975 1811 2011 consultanda»
1832 1976 1930 2010 sunt:

1262 2036 1314 2067 ut,
1335 2027 1364 2066 fi
1390 2025 1537 2060 deliberet
1556 2025 1696 2070 senatus,
1722 2027 1863 2069 capnt-<s
1892 2024 1934 2059 ab

1261 2074 1394 2118 hostibus
1425 2074 1569 2114 redimat,
1608 2085 1650 2107 an
1684 2084 1768 2112 now,
1809 2073 1934 2120 partim

1262 2133 1402 2170 propter
1437 2123 1588 2169 aliquam
1627 2132 1821 2156 extraneam
1852 2133 1934 2156 cau-

1264 2172 1330 2206 sam
1353 2171 1494 2206 veniunt
1529 2171 1561 2205 in
1592 2170 1869 2205 deliberationem
1899 2180 1936 2206 et

1263 2220 1572 2258 consultationem;
1601 2229 1650 2259 ut,
1667 2219 1702 2262 fi
1721 2220 1864 2254 daiberct
1881 2219 1934 2264 se·

1263 2277 1370 2310 natus,
1407 2269 1482 2302 bello
1517 2267 1625 2302 lmlico
1645 2268 1791 2312 solzstne
1819 2268 1937 2314 legibus

1264 2320 1442 2363 Scipionem,
1469 2325 1504 2350 ut
1531 2329 1598 2351 cum
1615 2317 1707 2351 liccat
1725 2325 1800 2351 ante
1817 2325 1934 2362 tempus

1263 2366 1410 2406 considcm
1420 2365 1521 2408 ficri·,
1552 2366 1674 2412 purtim
1693 2375 1726 2400 et
1746 2376 1884 2419 propter
1904 2365 1935 2400 se

1265 2415 1339 2449 sunt
1359 2415 1600 2453 deliberandae,
1614 2424 1647 2449 ct
1668 2426 1776 2459 magus
1795 2423 1937 2468 propter

1264 2475 1456 2498 extraneam
1476 2468 1610 2497 onnam
1629 2463 1772 2498 veniunt
1800 2474 1832 2497 m
1851 2474 1934 2497 con-

1266 2512 1480 2548 sultationem
1498 2529 1507 2553 ·‚
1528 2522 1578 2555 ut,
1592 2512 1627 2557 st
1641 2511 1782 2548 dcltberct
1794 2512 1937 2559 stactus,
