<?xml version="1.0" encoding="UTF-8"?>
<!DOCTYPE html PUBLIC "-//W3C//DTD XHTML 1.0 Transitional//EN"
    "http://www.w3.org/TR/xhtml1/DTD/xhtml1-transitional.dtd">
<html xmlns="http://www.w3.org/1999/xhtml" xml:lang="en" lang="en">
 <head>
  <title>
</title>
<meta http-equiv="Content-Type" content="text/html;charset=utf-8" />
  <meta name='ocr-system' content='tesseract 3.04.00' />
  <meta name='ocr-capabilities' content='ocr_page ocr_carea ocr_par ocr_line ocrx_word'/>
</head>
<body>
  <div class='ocr_page' id='page_1' title='image "./operacumindicibu09ciceuoft_0414.png"; bbox 0 0 2241 2994; ppageno 0'>
   <div class='ocr_carea' id='block_1_1' title="bbox 494 185 575 237">
    <p class='ocr_par' dir='ltr' id='par_1_1' title="bbox 494 185 575 237">
     <span class='ocr_line' id='line_1_1' title="bbox 494 185 575 237; baseline 0 -11"><span class='ocrx_word' id='word_1_1' title='bbox 494 185 575 237; x_wconf 84' lang='lat'>406</span> 
     </span>
    </p>
   </div>
   <div class='ocr_carea' id='block_1_2' title="bbox 494 281 1179 2492">
    <p class='ocr_par' dir='ltr' id='par_1_2' title="bbox 495 281 1166 382">
     <span class='ocr_line' id='line_1_2' title="bbox 495 281 1166 323; baseline 0.002 -3"><span class='ocrx_word' id='word_1_2' title='bbox 495 293 576 320; x_wconf 92' lang='lat' dir='ltr'>tone</span> <span class='ocrx_word' id='word_1_3' title='bbox 597 281 761 320; x_wconf 79' lang='lat' dir='ltr'>diximus,</span> <span class='ocrx_word' id='word_1_4' title='bbox 803 283 853 320; x_wconf 87' lang='lat' dir='ltr'>Et</span> <span class='ocrx_word' id='word_1_5' title='bbox 873 284 996 320; x_wconf 91' lang='lat' dir='ltr'>Cicero</span> <span class='ocrx_word' id='word_1_6' title='bbox 1017 284 1056 321; x_wconf 87' lang='lat' dir='ltr'>de</span> <span class='ocrx_word' id='word_1_7' title='bbox 1078 286 1166 323; x_wconf 86' lang='lat' dir='ltr'>Nat.</span> 
     </span>
     <span class='ocr_line' id='line_1_3' title="bbox 495 332 1167 382; baseline 0.005 -15"><span class='ocrx_word' id='word_1_8' title='bbox 495 334 595 369; x_wconf 85' lang='lat' dir='ltr'>Deor.</span> <span class='ocrx_word' id='word_1_9' title='bbox 613 333 660 368; x_wconf 92' lang='lat'>11.</span> <span class='ocrx_word' id='word_1_10' title='bbox 679 342 714 368; x_wconf 85' lang='lat' dir='ltr'>et</span> <span class='ocrx_word' id='word_1_11' title='bbox 731 332 796 368; x_wconf 84' lang='lat' dir='ltr'>Ill.</span> <span class='ocrx_word' id='word_1_12' title='bbox 829 333 972 381; x_wconf 76' lang='lat' dir='ltr'>Qiaerit</span> <span class='ocrx_word' id='word_1_13' title='bbox 985 334 1079 382; x_wconf 89' lang='lat' dir='ltr'>apud</span> <span class='ocrx_word' id='word_1_14' title='bbox 1095 336 1167 370; x_wconf 88' lang='lat' dir='ltr'>Xe-</span> 
     </span>
    </p>

    <p class='ocr_par' dir='ltr' id='par_1_3' title="bbox 494 381 1166 674">
     <span class='ocr_line' id='line_1_4' title="bbox 495 381 1166 437; baseline 0.004 -20"><span class='ocrx_word' id='word_1_15' title='bbox 495 382 710 437; x_wconf 82' lang='lat' dir='ltr'>nophontem</span> <span class='ocrx_word' id='word_1_16' title='bbox 725 381 894 425; x_wconf 84' lang='lat' dir='ltr'>Socrates,</span> <span class='ocrx_word' id='word_1_17' title='bbox 913 383 1005 418; x_wconf 89' lang='lat' dir='ltr'>unde</span> <span class='ocrx_word' id='word_1_18' title='bbox 1017 395 1166 420; x_wconf 83' lang='lat' dir='ltr'>ammam</span> 
     </span>
     <span class='ocr_line' id='line_1_5' title="bbox 494 430 1166 478; baseline 0.004 -13"><span class='ocrx_word' id='word_1_19' title='bbox 494 431 759 478; x_wconf 81' lang='lat' dir='ltr'>arripuerimus,</span> <span class='ocrx_word' id='word_1_20' title='bbox 802 430 827 466; x_wconf 88' lang='lat' dir='ltr'>fi</span> <span class='ocrx_word' id='word_1_21' title='bbox 863 432 960 466; x_wconf 87' lang='lat' dir='ltr'>nulla</span> <span class='ocrx_word' id='word_1_22' title='bbox 992 430 1098 468; x_wconf 86' lang='lat' dir='ltr'>fuerit</span> <span class='ocrx_word' id='word_1_23' title='bbox 1131 435 1166 468; x_wconf 90' lang='lat' dir='ltr'>in</span> 
     </span>
     <span class='ocr_line' id='line_1_6' title="bbox 496 479 1164 528; baseline 0.003 -13"><span class='ocrx_word' id='word_1_24' title='bbox 496 480 641 515; x_wconf 83' lang='lat' dir='ltr'>mundo.</span> <span class='ocrx_word' id='word_1_25' title='bbox 690 480 824 526; x_wconf 85' lang='lat' dir='ltr'>Cyrum</span> <span class='ocrx_word' id='word_1_26' title='bbox 850 479 993 528; x_wconf 77' lang='lat' dir='ltr'>scripsit,</span> <span class='ocrx_word' id='word_1_27' title='bbox 1024 493 1093 517; x_wconf 90' lang='lat' dir='ltr'>non</span> <span class='ocrx_word' id='word_1_28' title='bbox 1121 482 1164 517; x_wconf 91' lang='lat' dir='ltr'>ad</span> 
     </span>
     <span class='ocr_line' id='line_1_7' title="bbox 496 527 1164 584; baseline 0.004 -22"><span class='ocrx_word' id='word_1_29' title='bbox 496 527 646 563; x_wconf 78' lang='lat' dir='ltr'>historiae</span> <span class='ocrx_word' id='word_1_30' title='bbox 660 529 776 570; x_wconf 86' lang='lat' dir='ltr'>fidem,</span> <span class='ocrx_word' id='word_1_31' title='bbox 796 528 850 564; x_wconf 87' lang='lat' dir='ltr'>sed</span> <span class='ocrx_word' id='word_1_32' title='bbox 863 529 905 564; x_wconf 90' lang='lat' dir='ltr'>ad</span> <span class='ocrx_word' id='word_1_33' title='bbox 918 529 1068 584; x_wconf 82' lang='lat' dir='ltr'>effigiem</span> <span class='ocrx_word' id='word_1_34' title='bbox 1080 529 1164 577; x_wconf 89' lang='lat' dir='ltr'>justi</span> 
     </span>
     <span class='ocr_line' id='line_1_8' title="bbox 496 576 1164 626; baseline 0.003 -14"><span class='ocrx_word' id='word_1_35' title='bbox 496 576 653 624; x_wconf 88' lang='lat' dir='ltr'>imperii·,</span> <span class='ocrx_word' id='word_1_36' title='bbox 687 576 786 624; x_wconf 88' lang='lat' dir='ltr'>cujus</span> <span class='ocrx_word' id='word_1_37' title='bbox 805 577 937 613; x_wconf 86' lang='lat' dir='ltr'>summa</span> <span class='ocrx_word' id='word_1_38' title='bbox 953 579 1102 626; x_wconf 83' lang='lat' dir='ltr'>gravitas</span> <span class='ocrx_word' id='word_1_39' title='bbox 1121 580 1164 614; x_wconf 89' lang='lat' dir='ltr'>ab</span> 
     </span>
     <span class='ocr_line' id='line_1_9' title="bbox 495 625 1164 681; baseline 0 -19"><span class='ocrx_word' id='word_1_40' title='bbox 495 625 558 662; x_wconf 88' lang='lat' dir='ltr'>illo</span> <span class='ocrx_word' id='word_1_41' title='bbox 584 625 795 681; x_wconf 82' lang='lat' dir='ltr'>philosopho</span> <span class='ocrx_word' id='word_1_42' title='bbox 815 639 896 662; x_wconf 91' lang='lat' dir='ltr'>cum</span> <span class='ocrx_word' id='word_1_43' title='bbox 922 627 1084 674; x_wconf 81' lang='lat' dir='ltr'>fingulari</span> <span class='ocrx_word' id='word_1_44' title='bbox 1106 640 1164 662; x_wconf 91' lang='lat' dir='ltr'>co-</span> 
     </span>
    </p>

    <p class='ocr_par' dir='ltr' id='par_1_4' title="bbox 494 674 1169 821">
     <span class='ocr_line' id='line_1_10' title="bbox 495 674 1168 723; baseline 0.001 -13"><span class='ocrx_word' id='word_1_45' title='bbox 495 674 615 710; x_wconf 90' lang='lat' dir='ltr'>mitate</span> <span class='ocrx_word' id='word_1_46' title='bbox 631 675 866 723; x_wconf 84' lang='lat' dir='ltr'>conJungitur.</span> <span class='ocrx_word' id='word_1_47' title='bbox 903 677 1007 723; x_wconf 84' lang='lat' dir='ltr'>Qos</span> <span class='ocrx_word' id='word_1_48' title='bbox 1024 675 1168 723; x_wconf 90' lang='lat' dir='ltr'>quidem</span> 
     </span>
     <span class='ocr_line' id='line_1_11' title="bbox 494 723 1169 760; baseline 0.001 -1"><span class='ocrx_word' id='word_1_49' title='bbox 494 723 603 760; x_wconf 90' lang='lat' dir='ltr'>libros</span> <span class='ocrx_word' id='word_1_50' title='bbox 628 737 696 760; x_wconf 93' lang='lat' dir='ltr'>non</span> <span class='ocrx_word' id='word_1_51' title='bbox 716 725 782 759; x_wconf 80' lang='lat' dir='ltr'>sine</span> <span class='ocrx_word' id='word_1_52' title='bbox 804 724 902 760; x_wconf 89' lang='lat' dir='ltr'>causa</span> <span class='ocrx_word' id='word_1_53' title='bbox 919 723 1110 760; x_wconf 79' lang='lat' dir='ltr'>Africanus</span> <span class='ocrx_word' id='word_1_54' title='bbox 1125 725 1169 760; x_wconf 88' lang='lat' dir='ltr'>de</span> 
     </span>
     <span class='ocr_line' id='line_1_12' title="bbox 495 772 1166 828; baseline 0 -20"><span class='ocrx_word' id='word_1_55' title='bbox 495 773 657 809; x_wconf 89' lang='lat' dir='ltr'>manibus</span> <span class='ocrx_word' id='word_1_56' title='bbox 674 785 802 828; x_wconf 89' lang='lat' dir='ltr'>ponere</span> <span class='ocrx_word' id='word_1_57' title='bbox 820 785 889 808; x_wconf 93' lang='lat' dir='ltr'>non</span> <span class='ocrx_word' id='word_1_58' title='bbox 906 772 1057 808; x_wconf 85' lang='lat' dir='ltr'>solebat:</span> <span class='ocrx_word' id='word_1_59' title='bbox 1088 774 1166 810; x_wconf 90' lang='lat' dir='ltr'>nul-</span> 
     </span>
    </p>

    <p class='ocr_par' dir='ltr' id='par_1_5' title="bbox 495 821 1172 1556">
     <span class='ocr_line' id='line_1_13' title="bbox 496 821 1167 869; baseline 0.001 -12"><span class='ocrx_word' id='word_1_60' title='bbox 496 823 571 858; x_wconf 89' lang='lat' dir='ltr'>lum</span> <span class='ocrx_word' id='word_1_61' title='bbox 594 822 642 857; x_wconf 91' lang='lat' dir='ltr'>est</span> <span class='ocrx_word' id='word_1_62' title='bbox 663 835 755 857; x_wconf 79' lang='lat' dir='ltr'>enirn</span> <span class='ocrx_word' id='word_1_63' title='bbox 779 821 1074 869; x_wconf 71' lang='lat' dir='ltr'>praetermiss‘um</span> <span class='ocrx_word' id='word_1_64' title='bbox 1065 835 1099 858; x_wconf 79' lang='lat' dir='ltr'>in</span> <span class='ocrx_word' id='word_1_65' title='bbox 1127 822 1167 858; x_wconf 86' lang='lat' dir='ltr'>iis</span> 
     </span>
     <span class='ocr_line' id='line_1_14' title="bbox 495 871 1166 918; baseline 0 -12"><span class='ocrx_word' id='word_1_66' title='bbox 495 871 653 907; x_wconf 88' lang='lat' dir='ltr'>officium</span> <span class='ocrx_word' id='word_1_67' title='bbox 674 871 849 918; x_wconf 86' lang='lat' dir='ltr'>diligentis</span> <span class='ocrx_word' id='word_1_68' title='bbox 865 880 900 906; x_wconf 91' lang='lat' dir='ltr'>et</span> <span class='ocrx_word' id='word_1_69' title='bbox 917 871 1110 906; x_wconf 86' lang='lat' dir='ltr'>moderati</span> <span class='ocrx_word' id='word_1_70' title='bbox 1102 884 1166 907; x_wconf 82' lang='lat' dir='ltr'>im-</span> 
     </span>
     <span class='ocr_line' id='line_1_15' title="bbox 496 919 1166 975; baseline 0.001 -20"><span class='ocrx_word' id='word_1_71' title='bbox 496 920 674 975; x_wconf 89' lang='lat' dir='ltr'>peratoris.</span> <span class='ocrx_word' id='word_1_72' title='bbox 719 920 899 956; x_wconf 85' lang='lat' dir='ltr'>Persarum</span> <span class='ocrx_word' id='word_1_73' title='bbox 924 919 958 954; x_wconf 87' lang='lat' dir='ltr'>in</span> <span class='ocrx_word' id='word_1_74' title='bbox 988 919 1028 955; x_wconf 84' lang='lat' dir='ltr'>iis</span> <span class='ocrx_word' id='word_1_75' title='bbox 1052 920 1166 956; x_wconf 67' lang='lat' dir='ltr'>victus</span> 
     </span>
     <span class='ocr_line' id='line_1_16' title="bbox 495 969 1168 1018; baseline -0.003 -13"><span class='ocrx_word' id='word_1_76' title='bbox 495 969 711 1018; x_wconf 88' lang='lat' dir='ltr'>exponitur:</span> <span class='ocrx_word' id='word_1_77' title='bbox 747 982 837 1018; x_wconf 90' lang='lat' dir='ltr'>quos</span> <span class='ocrx_word' id='word_1_78' title='bbox 861 979 961 1017; x_wconf 88' lang='lat' dir='ltr'>negat</span> <span class='ocrx_word' id='word_1_79' title='bbox 981 969 1025 1004; x_wconf 90' lang='lat' dir='ltr'>ad</span> <span class='ocrx_word' id='word_1_80' title='bbox 1043 981 1168 1017; x_wconf 90' lang='lat' dir='ltr'>panem</span> 
     </span>
     <span class='ocr_line' id='line_1_17' title="bbox 496 1018 1168 1066; baseline -0.001 -12"><span class='ocrx_word' id='word_1_81' title='bbox 496 1018 659 1054; x_wconf 87' lang='lat' dir='ltr'>adbibere</span> <span class='ocrx_word' id='word_1_82' title='bbox 675 1019 870 1066; x_wconf 84' lang='lat' dir='ltr'>quidquam</span> <span class='ocrx_word' id='word_1_83' title='bbox 888 1027 1015 1066; x_wconf 83' lang='lat' dir='ltr'>praeter</span> <span class='ocrx_word' id='word_1_84' title='bbox 1037 1018 1168 1053; x_wconf 89' lang='lat' dir='ltr'>nastur-</span> 
     </span>
     <span class='ocr_line' id='line_1_18' title="bbox 496 1067 1169 1115; baseline 0 -11"><span class='ocrx_word' id='word_1_85' title='bbox 496 1068 598 1104; x_wconf 89' lang='lat' dir='ltr'>tium.</span> <span class='ocrx_word' id='word_1_86' title='bbox 630 1067 773 1103; x_wconf 90' lang='lat' dir='ltr'>Somnia</span> <span class='ocrx_word' id='word_1_87' title='bbox 788 1067 997 1109; x_wconf 73' lang='lat' dir='ltr'>scribuntur,</span> <span class='ocrx_word' id='word_1_88' title='bbox 1014 1079 1169 1115; x_wconf 88' lang='lat' dir='ltr'>quorum</span> 
     </span>
     <span class='ocr_line' id='line_1_19' title="bbox 496 1116 1168 1164; baseline -0.003 -12"><span class='ocrx_word' id='word_1_89' title='bbox 496 1116 610 1152; x_wconf 86' lang='lat' dir='ltr'>exitus</span> <span class='ocrx_word' id='word_1_90' title='bbox 637 1116 810 1152; x_wconf 87' lang='lat' dir='ltr'>mirabiles</span> <span class='ocrx_word' id='word_1_91' title='bbox 838 1116 1051 1152; x_wconf 85' lang='lat' dir='ltr'>exstiterunt.</span> <span class='ocrx_word' id='word_1_92' title='bbox 1095 1117 1168 1164; x_wconf 86' lang='lat' dir='ltr'>Cy·</span> 
     </span>
     <span class='ocr_line' id='line_1_20' title="bbox 498 1163 1170 1212; baseline 0.003 -12"><span class='ocrx_word' id='word_1_93' title='bbox 498 1178 577 1201; x_wconf 89' lang='lat' dir='ltr'>rum</span> <span class='ocrx_word' id='word_1_94' title='bbox 604 1177 688 1200; x_wconf 91' lang='lat' dir='ltr'>vero</span> <span class='ocrx_word' id='word_1_95' title='bbox 716 1165 951 1212; x_wconf 76' lang='lat' dir='ltr'>antiquissimo</span> <span class='ocrx_word' id='word_1_96' title='bbox 983 1163 1170 1212; x_wconf 85' lang='lat' dir='ltr'>sepulturae</span> 
     </span>
     <span class='ocr_line' id='line_1_21' title="bbox 497 1213 1170 1262; baseline 0.001 -13"><span class='ocrx_word' id='word_1_97' title='bbox 497 1226 621 1262; x_wconf 86' lang='lat' dir='ltr'>genere</span> <span class='ocrx_word' id='word_1_98' title='bbox 649 1214 700 1250; x_wconf 90' lang='lat' dir='ltr'>uti</span> <span class='ocrx_word' id='word_1_99' title='bbox 735 1213 847 1250; x_wconf 90' lang='lat' dir='ltr'>facit:</span> <span class='ocrx_word' id='word_1_100' title='bbox 890 1214 1045 1249; x_wconf 87' lang='lat' dir='ltr'>redditur</span> <span class='ocrx_word' id='word_1_101' title='bbox 1076 1215 1170 1250; x_wconf 86' lang='lat' dir='ltr'>enim</span> 
     </span>
     <span class='ocr_line' id='line_1_22' title="bbox 497 1263 1170 1312; baseline 0.001 -14"><span class='ocrx_word' id='word_1_102' title='bbox 497 1273 598 1299; x_wconf 86' lang='lat' dir='ltr'>terrae</span> <span class='ocrx_word' id='word_1_103' title='bbox 615 1275 758 1312; x_wconf 82' lang='lat' dir='ltr'>corpus,</span> <span class='ocrx_word' id='word_1_104' title='bbox 783 1273 818 1299; x_wconf 90' lang='lat' dir='ltr'>et</span> <span class='ocrx_word' id='word_1_105' title='bbox 837 1264 882 1299; x_wconf 92' lang='lat' dir='ltr'>ita</span> <span class='ocrx_word' id='word_1_106' title='bbox 899 1264 1052 1299; x_wconf 92' lang='lat' dir='ltr'>locatum</span> <span class='ocrx_word' id='word_1_107' title='bbox 1071 1275 1110 1299; x_wconf 89' lang='lat' dir='ltr'>ac</span> <span class='ocrx_word' id='word_1_108' title='bbox 1128 1263 1170 1299; x_wconf 88' lang='lat' dir='ltr'>fi-</span> 
     </span>
     <span class='ocr_line' id='line_1_23' title="bbox 497 1312 1168 1361; baseline -0.001 -13"><span class='ocrx_word' id='word_1_109' title='bbox 497 1322 588 1350; x_wconf 80' lang='lat' dir='ltr'>tum.</span> <span class='ocrx_word' id='word_1_110' title='bbox 615 1313 712 1361; x_wconf 75' lang='lat' dir='ltr'>quasi</span> <span class='ocrx_word' id='word_1_111' title='bbox 733 1313 948 1360; x_wconf 91' lang='lat' dir='ltr'>operimento</span> <span class='ocrx_word' id='word_1_112' title='bbox 970 1312 1088 1348; x_wconf 88' lang='lat' dir='ltr'>matris</span> <span class='ocrx_word' id='word_1_113' title='bbox 1105 1313 1168 1348; x_wconf 92' lang='lat' dir='ltr'>ob-</span> 
     </span>
     <span class='ocr_line' id='line_1_24' title="bbox 497 1362 1168 1405; baseline -0.001 -7"><span class='ocrx_word' id='word_1_114' title='bbox 497 1362 649 1398; x_wconf 84' lang='lat' dir='ltr'>ducitur.</span> <span class='ocrx_word' id='word_1_115' title='bbox 690 1363 854 1398; x_wconf 80' lang='lat' dir='ltr'>Ceterum</span> <span class='ocrx_word' id='word_1_116' title='bbox 881 1362 924 1398; x_wconf 92' lang='lat' dir='ltr'>de</span> <span class='ocrx_word' id='word_1_117' title='bbox 946 1374 987 1398; x_wconf 91' lang='lat' dir='ltr'>eo</span> <span class='ocrx_word' id='word_1_118' title='bbox 1005 1362 1168 1405; x_wconf 86' lang='lat' dir='ltr'>sermone,</span> 
     </span>
     <span class='ocr_line' id='line_1_25' title="bbox 498 1411 1172 1459; baseline 0 -13"><span class='ocrx_word' id='word_1_119' title='bbox 498 1423 605 1459; x_wconf 91' lang='lat' dir='ltr'>quern</span> <span class='ocrx_word' id='word_1_120' title='bbox 635 1411 749 1458; x_wconf 88' lang='lat' dir='ltr'>Cyrus</span> <span class='ocrx_word' id='word_1_121' title='bbox 781 1411 927 1447; x_wconf 88' lang='lat' dir='ltr'>moriens</span> <span class='ocrx_word' id='word_1_122' title='bbox 956 1411 1090 1454; x_wconf 89' lang='lat' dir='ltr'>habuit,</span> <span class='ocrx_word' id='word_1_123' title='bbox 1127 1411 1172 1446; x_wconf 90' lang='lat' dir='ltr'>de</span> 
     </span>
     <span class='ocr_line' id='line_1_26' title="bbox 498 1460 1172 1508; baseline 0 -13"><span class='ocrx_word' id='word_1_124' title='bbox 498 1460 738 1496; x_wconf 82' lang='lat' dir='ltr'>Oeconomico</span> <span class='ocrx_word' id='word_1_125' title='bbox 755 1460 858 1504; x_wconf 91' lang='lat' dir='ltr'>libro,</span> <span class='ocrx_word' id='word_1_126' title='bbox 876 1461 919 1496; x_wconf 87' lang='lat' dir='ltr'>de</span> <span class='ocrx_word' id='word_1_127' title='bbox 932 1460 1172 1508; x_wconf 85' lang='lat' dir='ltr'>Agriculturae</span> 
     </span>
     <span class='ocr_line' id='line_1_27' title="bbox 498 1508 1171 1556; baseline 0 -11"><span class='ocrx_word' id='word_1_128' title='bbox 498 1508 675 1550; x_wconf 84' lang='lat' dir='ltr'>laudibus,</span> <span class='ocrx_word' id='word_1_129' title='bbox 702 1509 777 1556; x_wconf 88' lang='lat' dir='ltr'>lege</span> <span class='ocrx_word' id='word_1_130' title='bbox 793 1510 996 1545; x_wconf 88' lang='lat' dir='ltr'>Ciceronem</span> <span class='ocrx_word' id='word_1_131' title='bbox 1013 1509 1051 1544; x_wconf 90' lang='lat' dir='ltr'>de</span> <span class='ocrx_word' id='word_1_132' title='bbox 1067 1510 1171 1545; x_wconf 80' lang='lat' dir='ltr'>Senec-</span> 
     </span>
    </p>

    <p class='ocr_par' dir='ltr' id='par_1_6' title="bbox 497 1557 1173 1704">
     <span class='ocr_line' id='line_1_28' title="bbox 497 1557 1173 1606; baseline 0 -12"><span class='ocrx_word' id='word_1_133' title='bbox 497 1566 578 1594; x_wconf 77' lang='lat' dir='ltr'>tute.</span> <span class='ocrx_word' id='word_1_134' title='bbox 634 1558 744 1606; x_wconf 76' lang='lat' dir='ltr'>Quali</span> <span class='ocrx_word' id='word_1_135' title='bbox 770 1568 886 1594; x_wconf 90' lang='lat' dir='ltr'>autem</span> <span class='ocrx_word' id='word_1_136' title='bbox 911 1557 1063 1594; x_wconf 85' lang='lat' dir='ltr'>sermone</span> <span class='ocrx_word' id='word_1_137' title='bbox 1093 1559 1173 1594; x_wconf 91' lang='lat' dir='ltr'>usus</span> 
     </span>
     <span class='ocr_line' id='line_1_29' title="bbox 500 1607 1172 1654; baseline 0 -11"><span class='ocrx_word' id='word_1_138' title='bbox 500 1608 554 1650; x_wconf 82' lang='lat' dir='ltr'>fit,</span> <span class='ocrx_word' id='word_1_139' title='bbox 573 1607 663 1643; x_wconf 91' lang='lat' dir='ltr'>idern</span> <span class='ocrx_word' id='word_1_140' title='bbox 680 1607 831 1654; x_wconf 87' lang='lat' dir='ltr'>explicat</span> <span class='ocrx_word' id='word_1_141' title='bbox 848 1608 882 1643; x_wconf 91' lang='lat' dir='ltr'>in</span> <span class='ocrx_word' id='word_1_142' title='bbox 897 1608 1046 1643; x_wconf 57' lang='lat' dir='ltr'>Oratore.</span> <span class='ocrx_word' id='word_1_143' title='bbox 1067 1620 1100 1654; x_wconf 92' lang='lat'>9.</span> <span class='ocrx_word' id='word_1_144' title='bbox 1120 1607 1172 1643; x_wconf 86' lang='lat' dir='ltr'>his</span> 
     </span>
     <span class='ocr_line' id='line_1_30' title="bbox 501 1656 1171 1704; baseline 0.003 -13"><span class='ocrx_word' id='word_1_145' title='bbox 501 1656 644 1692; x_wconf 90' lang='lat' dir='ltr'>verbis·</span> <span class='ocrx_word' id='word_1_146' title='bbox 688 1656 823 1691; x_wconf 62' lang='lat' dir='ltr'>Naetus</span> <span class='ocrx_word' id='word_1_147' title='bbox 854 1656 928 1692; x_wconf 90' lang='lat' dir='ltr'>sum</span> <span class='ocrx_word' id='word_1_148' title='bbox 957 1657 1019 1704; x_wconf 90' lang='lat' dir='ltr'>qui</span> <span class='ocrx_word' id='word_1_149' title='bbox 1052 1657 1171 1693; x_wconf 85' lang='lat' dir='ltr'>Xeno-</span> 
     </span>
    </p>

    <p class='ocr_par' dir='ltr' id='par_1_7' title="bbox 500 1705 1172 1760">
     <span class='ocr_line' id='line_1_31' title="bbox 500 1705 1172 1760; baseline 0.002 -20"><span class='ocrx_word' id='word_1_150' title='bbox 500 1705 644 1760; x_wconf 74' lang='lat' dir='ltr'>phontis</span> <span class='ocrx_word' id='word_1_151' title='bbox 656 1705 799 1740; x_wconf 73' lang='lat' dir='ltr'>similem</span> <span class='ocrx_word' id='word_1_152' title='bbox 812 1705 876 1740; x_wconf 82' lang='lat' dir='ltr'>effe</span> <span class='ocrx_word' id='word_1_153' title='bbox 888 1705 917 1740; x_wconf 89' lang='lat' dir='ltr'>se</span> <span class='ocrx_word' id='word_1_154' title='bbox 930 1716 1093 1752; x_wconf 82' lang='lat' dir='ltr'>cuperet-‚</span> <span class='ocrx_word' id='word_1_155' title='bbox 1112 1718 1172 1741; x_wconf 90' lang='lat' dir='ltr'>cu-</span> 
     </span>
    </p>

    <p class='ocr_par' dir='ltr' id='par_1_8' title="bbox 495 1754 1173 1803">
     <span class='ocr_line' id='line_1_32' title="bbox 495 1754 1173 1803; baseline 0 -13"><span class='ocrx_word' id='word_1_156' title='bbox 495 1767 556 1803; x_wconf 90' lang='lat' dir='ltr'>Jus</span> <span class='ocrx_word' id='word_1_157' title='bbox 570 1754 677 1790; x_wconf 90' lang='lat' dir='ltr'>sermo</span> <span class='ocrx_word' id='word_1_158' title='bbox 689 1754 737 1789; x_wconf 85' lang='lat' dir='ltr'>est</span> <span class='ocrx_word' id='word_1_159' title='bbox 756 1755 812 1789; x_wconf 92' lang='lat' dir='ltr'>ille</span> <span class='ocrx_word' id='word_1_160' title='bbox 825 1755 966 1801; x_wconf 90' lang='lat' dir='ltr'>quidem</span> <span class='ocrx_word' id='word_1_161' title='bbox 983 1755 1083 1790; x_wconf 91' lang='lat' dir='ltr'>melle</span> <span class='ocrx_word' id='word_1_162' title='bbox 1095 1755 1173 1790; x_wconf 92' lang='lat' dir='ltr'>dul-</span> 
     </span>
    </p>

    <p class='ocr_par' dir='ltr' id='par_1_9' title="bbox 502 1802 1178 2194">
     <span class='ocr_line' id='line_1_33' title="bbox 502 1802 1174 1851; baseline -0.003 -11"><span class='ocrx_word' id='word_1_163' title='bbox 502 1816 587 1846; x_wconf 85' lang='lat' dir='ltr'>cior,</span> <span class='ocrx_word' id='word_1_164' title='bbox 612 1803 666 1839; x_wconf 91' lang='lat' dir='ltr'>sed</span> <span class='ocrx_word' id='word_1_165' title='bbox 684 1815 704 1838; x_wconf 87' lang='lat' dir='ltr'>a</span> <span class='ocrx_word' id='word_1_166' title='bbox 719 1802 843 1838; x_wconf 86' lang='lat' dir='ltr'>forenfi</span> <span class='ocrx_word' id='word_1_167' title='bbox 862 1803 1004 1851; x_wconf 89' lang='lat' dir='ltr'>strepitu</span> <span class='ocrx_word' id='word_1_168' title='bbox 1023 1803 1174 1839; x_wconf 87' lang='lat' dir='ltr'>remotis-</span> 
     </span>
     <span class='ocr_line' id='line_1_34' title="bbox 502 1851 1173 1899; baseline -0.001 -10"><span class='ocrx_word' id='word_1_169' title='bbox 502 1853 620 1889; x_wconf 86' lang='lat' dir='ltr'>fimus.</span> <span class='ocrx_word' id='word_1_170' title='bbox 658 1852 707 1888; x_wconf 87' lang='lat' dir='ltr'>Et</span> <span class='ocrx_word' id='word_1_171' title='bbox 723 1851 870 1889; x_wconf 80' lang='lat' dir='ltr'>deOrat.</span> <span class='ocrx_word' id='word_1_172' title='bbox 891 1853 935 1888; x_wconf 82' lang='grc' dir='ltr'>ΙΙ.</span> <span class='ocrx_word' id='word_1_173' title='bbox 961 1865 1016 1897; x_wconf 83' lang='lat'>¹4·</span> <span class='ocrx_word' id='word_1_174' title='bbox 1042 1854 1078 1888; x_wconf 91' lang='lat' dir='ltr'>A</span> <span class='ocrx_word' id='word_1_175' title='bbox 1098 1853 1173 1899; x_wconf 90' lang='lat' dir='ltr'>phi-</span> 
     </span>
     <span class='ocr_line' id='line_1_35' title="bbox 502 1900 1175 1950; baseline -0.001 -12"><span class='ocrx_word' id='word_1_176' title='bbox 502 1901 657 1950; x_wconf 88' lang='lat' dir='ltr'>losophia</span> <span class='ocrx_word' id='word_1_177' title='bbox 679 1900 855 1950; x_wconf 67' lang='lat' dir='ltr'>profestos</span> <span class='ocrx_word' id='word_1_178' title='bbox 877 1901 1036 1950; x_wconf 89' lang='lat' dir='ltr'>princeps</span> <span class='ocrx_word' id='word_1_179' title='bbox 1054 1902 1175 1937; x_wconf 88' lang='lat' dir='ltr'>Xeno·</span> 
     </span>
     <span class='ocr_line' id='line_1_36' title="bbox 503 1950 1174 2000; baseline 0 -14"><span class='ocrx_word' id='word_1_180' title='bbox 503 1952 614 2000; x_wconf 84' lang='lat' dir='ltr'>phon,</span> <span class='ocrx_word' id='word_1_181' title='bbox 641 1950 837 1986; x_wconf 89' lang='lat' dir='ltr'>Socraticus</span> <span class='ocrx_word' id='word_1_182' title='bbox 862 1951 931 1993; x_wconf 91' lang='lat' dir='ltr'>ille,</span> <span class='ocrx_word' id='word_1_183' title='bbox 958 1951 1034 1998; x_wconf 89' lang='lat' dir='ltr'>post</span> <span class='ocrx_word' id='word_1_184' title='bbox 1057 1951 1102 1986; x_wconf 89' lang='lat' dir='ltr'>ab</span> <span class='ocrx_word' id='word_1_185' title='bbox 1123 1953 1174 1986; x_wconf 89' lang='lat' dir='ltr'>A-</span> 
     </span>
     <span class='ocr_line' id='line_1_37' title="bbox 504 1999 1175 2043; baseline -0.001 -7"><span class='ocrx_word' id='word_1_186' title='bbox 504 1999 652 2036; x_wconf 89' lang='lat' dir='ltr'>ristotele</span> <span class='ocrx_word' id='word_1_187' title='bbox 670 1999 905 2043; x_wconf 89' lang='lat' dir='ltr'>Callisthenes,</span> <span class='ocrx_word' id='word_1_188' title='bbox 932 2012 1047 2036; x_wconf 88' lang='lat' dir='ltr'>comes</span> <span class='ocrx_word' id='word_1_189' title='bbox 1066 2000 1175 2035; x_wconf 88' lang='lat' dir='ltr'>Alex-</span> 
     </span>
     <span class='ocr_line' id='line_1_38' title="bbox 504 2048 1174 2096; baseline -0.003 -11"><span class='ocrx_word' id='word_1_190' title='bbox 504 2049 616 2092; x_wconf 82' lang='lat' dir='ltr'>andri,</span> <span class='ocrx_word' id='word_1_191' title='bbox 656 2048 785 2096; x_wconf 79' lang='lat' dir='ltr'>scripsit</span> <span class='ocrx_word' id='word_1_192' title='bbox 820 2049 993 2084; x_wconf 82' lang='lat' dir='ltr'>historiam</span> <span class='ocrx_word' id='word_1_193' title='bbox 1010 2063 1018 2084; x_wconf 91' lang='lat'>:</span> <span class='ocrx_word' id='word_1_194' title='bbox 1056 2059 1090 2084; x_wconf 90' lang='lat' dir='ltr'>et</span> <span class='ocrx_word' id='word_1_195' title='bbox 1121 2049 1174 2084; x_wconf 88' lang='lat' dir='ltr'>hic</span> 
     </span>
     <span class='ocr_line' id='line_1_39' title="bbox 505 2098 1178 2146; baseline -0.003 -12"><span class='ocrx_word' id='word_1_196' title='bbox 505 2098 648 2146; x_wconf 88' lang='lat' dir='ltr'>quidem</span> <span class='ocrx_word' id='word_1_197' title='bbox 668 2098 838 2133; x_wconf 88' lang='lat' dir='ltr'>rhetorico</span> <span class='ocrx_word' id='word_1_198' title='bbox 857 2110 941 2146; x_wconf 88' lang='lat' dir='ltr'>pene</span> <span class='ocrx_word' id='word_1_199' title='bbox 963 2110 1083 2139; x_wconf 89' lang='lat' dir='ltr'>more,</span> <span class='ocrx_word' id='word_1_200' title='bbox 1073 2115 1080 2122; x_wconf 93' lang='lat'><strong>·</strong></span> <span class='ocrx_word' id='word_1_201' title='bbox 1122 2098 1178 2132; x_wconf 89' lang='lat' dir='ltr'>ille</span> 
     </span>
     <span class='ocr_line' id='line_1_40' title="bbox 505 2147 1176 2201; baseline 0 -19"><span class='ocrx_word' id='word_1_202' title='bbox 505 2157 621 2183; x_wconf 82' lang='lat' dir='ltr'>autern</span> <span class='ocrx_word' id='word_1_203' title='bbox 640 2147 792 2193; x_wconf 88' lang='lat' dir='ltr'>superior</span> <span class='ocrx_word' id='word_1_204' title='bbox 811 2147 938 2182; x_wconf 91' lang='lat' dir='ltr'>leniore</span> <span class='ocrx_word' id='word_1_205' title='bbox 953 2147 1107 2201; x_wconf 81' lang='lat' dir='ltr'>quodam</span> <span class='ocrx_word' id='word_1_206' title='bbox 1127 2147 1176 2182; x_wconf 91' lang='lat' dir='ltr'>so-</span> 
     </span>
    </p>

    <p class='ocr_par' dir='ltr' id='par_1_10' title="bbox 506 2196 1176 2289">
     <span class='ocr_line' id='line_1_41' title="bbox 506 2196 1176 2244; baseline -0.004 -11"><span class='ocrx_word' id='word_1_207' title='bbox 506 2209 553 2233; x_wconf 92' lang='lat' dir='ltr'>no</span> <span class='ocrx_word' id='word_1_208' title='bbox 569 2196 617 2232; x_wconf 87' lang='lat' dir='ltr'>est</span> <span class='ocrx_word' id='word_1_209' title='bbox 637 2196 729 2237; x_wconf 84' lang='lat' dir='ltr'>usus,</span> <span class='ocrx_word' id='word_1_210' title='bbox 754 2205 789 2231; x_wconf 91' lang='lat' dir='ltr'>et</span> <span class='ocrx_word' id='word_1_211' title='bbox 806 2196 867 2244; x_wconf 89' lang='lat' dir='ltr'>qui</span> <span class='ocrx_word' id='word_1_212' title='bbox 886 2196 986 2231; x_wconf 87' lang='lat' dir='ltr'>illurn</span> <span class='ocrx_word' id='word_1_213' title='bbox 1006 2196 1176 2243; x_wconf 86' lang='lat' dir='ltr'>impetum</span> 
     </span>
     <span class='ocr_line' id='line_1_42' title="bbox 506 2243 1174 2289; baseline -0.005 -7"><span class='ocrx_word' id='word_1_214' title='bbox 506 2245 664 2282; x_wconf 88' lang='lat' dir='ltr'>Oratoris</span> <span class='ocrx_word' id='word_1_215' title='bbox 679 2257 746 2281; x_wconf 90' lang='lat' dir='ltr'>non</span> <span class='ocrx_word' id='word_1_216' title='bbox 760 2245 896 2289; x_wconf 81' lang='lat' dir='ltr'>habeat,</span> <span class='ocrx_word' id='word_1_217' title='bbox 912 2245 1091 2281; x_wconf 86' lang='lat' dir='ltr'>vehemens</span> <span class='ocrx_word' id='word_1_218' title='bbox 1106 2243 1174 2280; x_wconf 83' lang='lat' dir='ltr'>sor-</span> 
     </span>
    </p>

    <p class='ocr_par' dir='ltr' id='par_1_11' title="bbox 506 2293 1177 2392">
     <span class='ocr_line' id='line_1_43' title="bbox 507 2293 1177 2342; baseline -0.003 -11"><span class='ocrx_word' id='word_1_219' title='bbox 507 2296 588 2331; x_wconf 84' lang='lat' dir='ltr'>tasse</span> <span class='ocrx_word' id='word_1_220' title='bbox 616 2294 743 2337; x_wconf 90' lang='lat' dir='ltr'>minus‚</span> <span class='ocrx_word' id='word_1_221' title='bbox 779 2293 832 2330; x_wconf 91' lang='lat' dir='ltr'>sed</span> <span class='ocrx_word' id='word_1_222' title='bbox 859 2294 1038 2342; x_wconf 86' lang='lat' dir='ltr'>aliquanto</span> <span class='ocrx_word' id='word_1_223' title='bbox 1063 2304 1177 2329; x_wconf 84' lang='lat' dir='ltr'>tamen</span> 
     </span>
     <span class='ocr_line' id='line_1_44' title="bbox 506 2342 1177 2398; baseline -0.005 -17"><span class='ocrx_word' id='word_1_224' title='bbox 506 2344 567 2387; x_wconf 87' lang='lat' dir='ltr'>cst,</span> <span class='ocrx_word' id='word_1_225' title='bbox 594 2353 634 2380; x_wconf 85' lang='lat' dir='ltr'>ut</span> <span class='ocrx_word' id='word_1_226' title='bbox 660 2343 743 2379; x_wconf 89' lang='lat' dir='ltr'>mihi</span> <span class='ocrx_word' id='word_1_227' title='bbox 761 2342 910 2398; x_wconf 77' lang='lat' dir='ltr'>quidem</span> <span class='ocrx_word' id='word_1_228' title='bbox 921 2344 1071 2384; x_wconf 86' lang='lat' dir='ltr'>videtur</span> <span class='ocrx_word' id='word_1_229' title='bbox 1097 2343 1177 2378; x_wconf 90' lang='lat' dir='ltr'>dul-</span> 
     </span>
    </p>

    <p class='ocr_par' dir='ltr' id='par_1_12' title="bbox 506 2392 1179 2440">
     <span class='ocr_line' id='line_1_45' title="bbox 506 2392 1179 2440; baseline -0.003 -9"><span class='ocrx_word' id='word_1_230' title='bbox 506 2393 592 2431; x_wconf 87' lang='lat' dir='ltr'>cior.</span> <span class='ocrx_word' id='word_1_231' title='bbox 632 2393 727 2429; x_wconf 86' lang='lat' dir='ltr'>Idem</span> <span class='ocrx_word' id='word_1_232' title='bbox 743 2394 867 2429; x_wconf 87' lang='lat' dir='ltr'>Cicero</span> <span class='ocrx_word' id='word_1_233' title='bbox 883 2405 956 2440; x_wconf 83' lang='lat' dir='ltr'>eJus</span> <span class='ocrx_word' id='word_1_234' title='bbox 974 2392 1034 2429; x_wconf 82' lang='lat' dir='ltr'>has</span> <span class='ocrx_word' id='word_1_235' title='bbox 1051 2392 1179 2429; x_wconf 90' lang='lat' dir='ltr'>senten-</span> 
     </span>
    </p>

    <p class='ocr_par' dir='ltr' id='par_1_13' title="bbox 509 2443 914 2492">
     <span class='ocr_line' id='line_1_46' title="bbox 509 2443 914 2492; baseline -0.005 -12"><span class='ocrx_word' id='word_1_236' title='bbox 509 2444 573 2481; x_wconf 80' lang='lat' dir='ltr'>tias</span> <span class='ocrx_word' id='word_1_237' title='bbox 590 2443 716 2479; x_wconf 84' lang='lat' dir='ltr'>Latine</span> <span class='ocrx_word' id='word_1_238' title='bbox 732 2443 914 2492; x_wconf 85' lang='lat' dir='ltr'>expressit:</span> 
     </span>
    </p>
   </div>
   <div class='ocr_carea' id='block_1_3' title="bbox 854 185 1535 230">
    <p class='ocr_par' dir='ltr' id='par_1_14' title="bbox 854 185 1535 230">
     <span class='ocr_line' id='line_1_47' title="bbox 854 185 1535 230; baseline 0.006 -4"><span class='ocrx_word' id='word_1_239' title='bbox 854 185 961 226; x_wconf 92' lang='lat' dir='ltr'>DE</span> <span class='ocrx_word' id='word_1_240' title='bbox 1029 187 1535 230; x_wconf 92' lang='lat' dir='ltr'>DOCTRINA</span> 
     </span>
    </p>
   </div>
   <div class='ocr_carea' id='block_1_4' title="bbox 1214 271 1888 776">
    <p class='ocr_par' dir='ltr' id='par_1_15' title="bbox 1214 271 1887 568">
     <span class='ocr_line' id='line_1_48' title="bbox 1266 271 1887 336; baseline 0.003 -13"><span class='ocrx_word' id='word_1_241' title='bbox 1266 287 1345 323; x_wconf 83' lang='lat' dir='ltr'>Esse</span> <span class='ocrx_word' id='word_1_242' title='bbox 1362 288 1515 336; x_wconf 87' lang='lat' dir='ltr'>aliquam</span> <span class='ocrx_word' id='word_1_243' title='bbox 1527 271 1676 324; x_wconf 89' lang='lat' dir='ltr'>mentem</span> <span class='ocrx_word' id='word_1_244' title='bbox 1689 287 1887 325; x_wconf 77' lang='lat' dir='ltr'>existiman-</span> 
     </span>
     <span class='ocr_line' id='line_1_49' title="bbox 1215 335 1887 385; baseline 0.003 -14"><span class='ocrx_word' id='word_1_245' title='bbox 1215 335 1302 371; x_wconf 89' lang='lat' dir='ltr'>dum</span> <span class='ocrx_word' id='word_1_246' title='bbox 1328 349 1370 372; x_wconf 86' lang='lat' dir='ltr'>ex</span> <span class='ocrx_word' id='word_1_247' title='bbox 1393 337 1462 385; x_wconf 89' lang='lat' dir='ltr'>ipsa</span> <span class='ocrx_word' id='word_1_248' title='bbox 1481 337 1662 373; x_wconf 89' lang='lat' dir='ltr'>hominurn</span> <span class='ocrx_word' id='word_1_249' title='bbox 1682 337 1827 381; x_wconf 89' lang='lat' dir='ltr'>solertia,</span> <span class='ocrx_word' id='word_1_250' title='bbox 1852 348 1887 374; x_wconf 84' lang='lat' dir='ltr'>et</span> 
     </span>
     <span class='ocr_line' id='line_1_50' title="bbox 1215 386 1883 433; baseline 0.003 -13"><span class='ocrx_word' id='word_1_251' title='bbox 1215 397 1290 420; x_wconf 91' lang='lat' dir='ltr'>earn</span> <span class='ocrx_word' id='word_1_252' title='bbox 1308 386 1451 433; x_wconf 85' lang='lat' dir='ltr'>quidem</span> <span class='ocrx_word' id='word_1_253' title='bbox 1469 387 1646 429; x_wconf 84' lang='lat' dir='ltr'>acriorem,</span> <span class='ocrx_word' id='word_1_254' title='bbox 1662 397 1695 422; x_wconf 88' lang='lat' dir='ltr'>et</span> <span class='ocrx_word' id='word_1_255' title='bbox 1712 387 1883 423; x_wconf 85' lang='lat' dir='ltr'>divinam:</span> 
     </span>
     <span class='ocr_line' id='line_1_51' title="bbox 1216 434 1886 483; baseline 0.004 -15"><span class='ocrx_word' id='word_1_256' title='bbox 1216 434 1309 469; x_wconf 86' lang='lat' dir='ltr'>unde</span> <span class='ocrx_word' id='word_1_257' title='bbox 1329 447 1421 470; x_wconf 83' lang='lat' dir='ltr'>enim</span> <span class='ocrx_word' id='word_1_258' title='bbox 1446 437 1533 470; x_wconf 77' lang='lat' dir='ltr'>lianc</span> <span class='ocrx_word' id='word_1_259' title='bbox 1553 435 1658 471; x_wconf 89' lang='lat' dir='ltr'>homo</span> <span class='ocrx_word' id='word_1_260' title='bbox 1675 436 1833 483; x_wconf 81' lang='lat' dir='ltr'>arripuit,</span> <span class='ocrx_word' id='word_1_261' title='bbox 1860 436 1886 472; x_wconf 83' lang='lat' dir='ltr'>st</span> 
     </span>
     <span class='ocr_line' id='line_1_52' title="bbox 1215 482 1885 521; baseline 0.003 -4"><span class='ocrx_word' id='word_1_262' title='bbox 1215 483 1312 518; x_wconf 90' lang='lat' dir='ltr'>nulla</span> <span class='ocrx_word' id='word_1_263' title='bbox 1337 482 1444 519; x_wconf 84' lang='lat' dir='ltr'>fuerit</span> <span class='ocrx_word' id='word_1_264' title='bbox 1474 485 1507 519; x_wconf 91' lang='lat' dir='ltr'>in</span> <span class='ocrx_word' id='word_1_265' title='bbox 1537 485 1698 520; x_wconf 86' lang='lat' dir='ltr'>mundo?</span> <span class='ocrx_word' id='word_1_266' title='bbox 1734 484 1772 519; x_wconf 87' lang='lat' dir='ltr'>de</span> <span class='ocrx_word' id='word_1_267' title='bbox 1798 485 1885 521; x_wconf 88' lang='lat' dir='ltr'>Nat.</span> 
     </span>
     <span class='ocr_line' id='line_1_53' title="bbox 1214 532 1432 568; baseline 0.005 -1"><span class='ocrx_word' id='word_1_268' title='bbox 1214 533 1313 567; x_wconf 86' lang='lat' dir='ltr'>Deor.</span> <span class='ocrx_word' id='word_1_269' title='bbox 1333 532 1378 567; x_wconf 90' lang='lat'>11.</span> <span class='ocrx_word' id='word_1_270' title='bbox 1399 534 1432 568; x_wconf 90' lang='grc'>6.</span> 
     </span>
    </p>

    <p class='ocr_par' dir='ltr' id='par_1_16' title="bbox 1215 580 1888 776">
     <span class='ocr_line' id='line_1_54' title="bbox 1264 580 1888 636; baseline 0.005 -22"><span class='ocrx_word' id='word_1_271' title='bbox 1264 580 1439 615; x_wconf 91' lang='lat' dir='ltr'>Animum</span> <span class='ocrx_word' id='word_1_272' title='bbox 1473 581 1538 616; x_wconf 86' lang='lat' dir='ltr'>effe</span> <span class='ocrx_word' id='word_1_273' title='bbox 1571 581 1814 636; x_wconf 83' lang='lat' dir='ltr'>immortalem,</span> <span class='ocrx_word' id='word_1_274' title='bbox 1852 589 1888 617; x_wconf 90' lang='lat' dir='ltr'>et</span> 
     </span>
     <span class='ocr_line' id='line_1_55' title="bbox 1215 630 1886 677; baseline 0.003 -15"><span class='ocrx_word' id='word_1_275' title='bbox 1215 639 1295 662; x_wconf 90' lang='lat' dir='ltr'>eum</span> <span class='ocrx_word' id='word_1_276' title='bbox 1320 640 1388 663; x_wconf 91' lang='lat' dir='ltr'>non</span> <span class='ocrx_word' id='word_1_277' title='bbox 1415 641 1602 677; x_wconf 90' lang='lat' dir='ltr'>apparere·</span> <span class='ocrx_word' id='word_1_278' title='bbox 1595 657 1605 672; x_wconf 90' lang='lat'><em>‚</em></span> <span class='ocrx_word' id='word_1_279' title='bbox 1644 630 1699 665; x_wconf 86' lang='lat' dir='ltr'>sed</span> <span class='ocrx_word' id='word_1_280' title='bbox 1715 641 1759 664; x_wconf 87' lang='lat' dir='ltr'>ex</span> <span class='ocrx_word' id='word_1_281' title='bbox 1777 630 1818 664; x_wconf 88' lang='lat' dir='ltr'>iis</span> <span class='ocrx_word' id='word_1_282' title='bbox 1835 641 1886 665; x_wconf 88' lang='lat' dir='ltr'>re-</span> 
     </span>
     <span class='ocr_line' id='line_1_56' title="bbox 1218 676 1888 732; baseline 0.006 -22"><span class='ocrx_word' id='word_1_283' title='bbox 1218 676 1298 720; x_wconf 81' lang='lat' dir='ltr'>bus,</span> <span class='ocrx_word' id='word_1_284' title='bbox 1304 689 1439 732; x_wconf 57' lang='lat' dir='ltr'>quas:¹</span> <span class='ocrx_word' id='word_1_285' title='bbox 1416 678 1515 721; x_wconf 72' lang='lat' dir='ltr'>uerit,</span> <span class='ocrx_word' id='word_1_286' title='bbox 1531 678 1700 726; x_wconf 82' lang='lat' dir='ltr'>intelligi.</span> <span class='ocrx_word' id='word_1_287' title='bbox 1726 679 1787 725; x_wconf 90' lang='lat' dir='ltr'>qui</span> <span class='ocrx_word' id='word_1_288' title='bbox 1805 690 1888 714; x_wconf 87' lang='lat' dir='ltr'>cum</span> 
     </span>
     <span class='ocr_line' id='line_1_57' title="bbox 1216 706 1888 776; baseline 0.003 -16"><span class='ocrx_word' id='word_1_289' title='bbox 1216 725 1312 760; x_wconf 91' lang='lat' dir='ltr'>omni</span> <span class='ocrx_word' id='word_1_290' title='bbox 1323 706 1535 762; x_wconf 81' lang='lat' dir='ltr'>admixtiorie</span> <span class='ocrx_word' id='word_1_291' title='bbox 1544 730 1697 776; x_wconf 91' lang='lat' dir='ltr'>corporis</span> <span class='ocrx_word' id='word_1_292' title='bbox 1712 728 1888 769; x_wconf 88' lang='lat' dir='ltr'>liberatus,</span> 
     </span>
    </p>
   </div>
   <div class='ocr_carea' id='block_1_5' title="bbox 1215 775 1888 870">
    <p class='ocr_par' dir='ltr' id='par_1_17' title="bbox 1215 775 1888 870">
     <span class='ocr_line' id='line_1_58' title="bbox 1216 775 1888 829; baseline 0.003 -20"><span class='ocrx_word' id='word_1_293' title='bbox 1216 786 1326 829; x_wconf 81' lang='lat' dir='ltr'>purus</span> <span class='ocrx_word' id='word_1_294' title='bbox 1348 785 1382 810; x_wconf 89' lang='lat' dir='ltr'>et</span> <span class='ocrx_word' id='word_1_295' title='bbox 1400 775 1530 823; x_wconf 77' lang='lat' dir='ltr'>integer</span> <span class='ocrx_word' id='word_1_296' title='bbox 1541 777 1606 811; x_wconf 82' lang='lat' dir='ltr'>esse</span> <span class='ocrx_word' id='word_1_297' title='bbox 1623 776 1783 824; x_wconf 88' lang='lat' dir='ltr'>coeperit‚</span> <span class='ocrx_word' id='word_1_298' title='bbox 1811 786 1888 812; x_wconf 90' lang='lat' dir='ltr'>tum</span> 
     </span>
     <span class='ocr_line' id='line_1_59' title="bbox 1215 823 1764 870; baseline 0.006 -13"><span class='ocrx_word' id='word_1_299' title='bbox 1215 823 1345 870; x_wconf 79' lang='lat' dir='ltr'>lapiens</span> <span class='ocrx_word' id='word_1_300' title='bbox 1367 824 1441 860; x_wconf 90' lang='lat' dir='ltr'>erit.</span> <span class='ocrx_word' id='word_1_301' title='bbox 1467 824 1504 860; x_wconf 85' lang='lat' dir='ltr'>de</span> <span class='ocrx_word' id='word_1_302' title='bbox 1520 827 1684 861; x_wconf 71' lang='lat' dir='ltr'>Senemte.</span> <span class='ocrx_word' id='word_1_303' title='bbox 1705 837 1764 861; x_wconf 86' lang='lat'>22.</span> 
     </span>
    </p>
   </div>
   <div class='ocr_carea' id='block_1_6' title="bbox 1216 873 1892 1165">
    <p class='ocr_par' dir='ltr' id='par_1_18' title="bbox 1216 873 1888 958">
     <span class='ocr_line' id='line_1_60' title="bbox 1266 873 1888 921; baseline 0.003 -14"><span class='ocrx_word' id='word_1_304' title='bbox 1266 873 1362 908; x_wconf 88' lang='lat' dir='ltr'>Deos</span> <span class='ocrx_word' id='word_1_305' title='bbox 1388 873 1476 908; x_wconf 86' lang='lat' dir='ltr'>hanc</span> <span class='ocrx_word' id='word_1_306' title='bbox 1503 875 1625 909; x_wconf 88' lang='lat' dir='ltr'>mundi</span> <span class='ocrx_word' id='word_1_307' title='bbox 1655 873 1888 921; x_wconf 88' lang='lat' dir='ltr'>pulchritudi-</span> 
     </span>
     <span class='ocr_line' id='line_1_61' title="bbox 1216 921 1754 970; baseline 0.004 -14"><span class='ocrx_word' id='word_1_308' title='bbox 1216 933 1293 956; x_wconf 91' lang='lat' dir='ltr'>nem</span> <span class='ocrx_word' id='word_1_309' title='bbox 1312 921 1400 956; x_wconf 91' lang='lat' dir='ltr'>tueri</span> <span class='ocrx_word' id='word_1_310' title='bbox 1417 931 1452 957; x_wconf 92' lang='lat' dir='ltr'>et</span> <span class='ocrx_word' id='word_1_311' title='bbox 1469 933 1592 970; x_wconf 87' lang='lat' dir='ltr'>regere.</span> <span class='ocrx_word' id='word_1_312' title='bbox 1627 922 1754 958; x_wconf 79' lang='lat' dir='ltr'>Ibidtm</span> 
     </span>
    </p>

    <p class='ocr_par' dir='ltr' id='par_1_19' title="bbox 1217 953 1892 1165">
     <span class='ocr_line' id='line_1_62' title="bbox 1265 953 1891 1019; baseline 0.002 -14"><span class='ocrx_word' id='word_1_313' title='bbox 1265 970 1415 1005; x_wconf 86' lang='lat' dir='ltr'>Eosdem</span> <span class='ocrx_word' id='word_1_314' title='bbox 1442 953 1576 1006; x_wconf 87' lang='lat' dir='ltr'>labores</span> <span class='ocrx_word' id='word_1_315' title='bbox 1603 983 1673 1007; x_wconf 91' lang='lat' dir='ltr'>non</span> <span class='ocrx_word' id='word_1_316' title='bbox 1696 971 1762 1006; x_wconf 80' lang='lat' dir='ltr'>effe</span> <span class='ocrx_word' id='word_1_317' title='bbox 1786 982 1891 1019; x_wconf 86' lang='lat' dir='ltr'>aeque</span> 
     </span>
     <span class='ocr_line' id='line_1_63' title="bbox 1217 1019 1890 1068; baseline 0.004 -15"><span class='ocrx_word' id='word_1_318' title='bbox 1217 1030 1339 1066; x_wconf 84' lang='lat' dir='ltr'>graves</span> <span class='ocrx_word' id='word_1_319' title='bbox 1356 1019 1553 1067; x_wconf 85' lang='lat' dir='ltr'>imperatori</span> <span class='ocrx_word' id='word_1_320' title='bbox 1569 1030 1604 1055; x_wconf 89' lang='lat' dir='ltr'>et</span> <span class='ocrx_word' id='word_1_321' title='bbox 1621 1020 1753 1062; x_wconf 89' lang='lat' dir='ltr'>militi-,</span> <span class='ocrx_word' id='word_1_322' title='bbox 1791 1020 1890 1068; x_wconf 90' lang='lat' dir='ltr'>quod</span> 
     </span>
     <span class='ocr_line' id='line_1_64' title="bbox 1218 1048 1892 1114; baseline 0.004 -12"><span class='ocrx_word' id='word_1_323' title='bbox 1218 1066 1286 1114; x_wconf 91' lang='lat' dir='ltr'>ipse</span> <span class='ocrx_word' id='word_1_324' title='bbox 1299 1067 1409 1103; x_wconf 86' lang='lat' dir='ltr'>honos</span> <span class='ocrx_word' id='word_1_325' title='bbox 1424 1068 1577 1104; x_wconf 89' lang='lat' dir='ltr'>laborem</span> <span class='ocrx_word' id='word_1_326' title='bbox 1591 1048 1754 1104; x_wconf 82' lang='lat' dir='ltr'>levioreni</span> <span class='ocrx_word' id='word_1_327' title='bbox 1764 1068 1892 1105; x_wconf 77' lang='lat' dir='ltr'>faceret</span> 
     </span>
     <span class='ocr_line' id='line_1_65' title="bbox 1219 1115 1764 1165; baseline 0.009 -15"><span class='ocrx_word' id='word_1_328' title='bbox 1219 1115 1492 1164; x_wconf 88' lang='lat' dir='ltr'>imperatorium.</span> <span class='ocrx_word' id='word_1_329' title='bbox 1529 1118 1621 1165; x_wconf 74' lang='lat' dir='ltr'>Tusc.</span> <span class='ocrx_word' id='word_1_330' title='bbox 1639 1119 1685 1154; x_wconf 92' lang='lat'>11.</span> <span class='ocrx_word' id='word_1_331' title='bbox 1705 1119 1764 1155; x_wconf 83' lang='lat'>26.</span> 
     </span>
    </p>
   </div>
   <div class='ocr_carea' id='block_1_7' title="bbox 1261 1263 1848 1301">
    <p class='ocr_par' dir='ltr' id='par_1_20' title="bbox 1261 1263 1848 1301">
     <span class='ocr_line' id='line_1_66' title="bbox 1261 1263 1848 1301; baseline 0.003 -2"><span class='ocrx_word' id='word_1_332' title='bbox 1261 1263 1848 1301; x_wconf 86' lang='lat' dir='ltr'><strong>DEMOCRITUS.</strong></span> 
     </span>
    </p>
   </div>
   <div class='ocr_carea' id='block_1_8' title="bbox 1322 1361 1892 1406">
    <p class='ocr_par' dir='ltr' id='par_1_21' title="bbox 1322 1361 1892 1406">
     <span class='ocr_line' id='line_1_67' title="bbox 1322 1361 1892 1406; baseline 0.002 -9"><span class='ocrx_word' id='word_1_333' title='bbox 1322 1361 1684 1405; x_wconf 90' lang='lat' dir='ltr'>EMOCRITUS,</span> <span class='ocrx_word' id='word_1_334' title='bbox 1719 1363 1892 1406; x_wconf 78' lang='lat' dir='ltr'>Milesius,</span> 
     </span>
    </p>
   </div>
   <div class='ocr_carea' id='block_1_9' title="bbox 1220 1411 1899 2491">
    <p class='ocr_par' dir='ltr' id='par_1_22' title="bbox 1220 1411 1892 1557">
     <span class='ocr_line' id='line_1_68' title="bbox 1341 1411 1891 1466; baseline 0.002 -20"><span class='ocrx_word' id='word_1_335' title='bbox 1341 1412 1458 1447; x_wconf 88' lang='lat' dir='ltr'>Xerxe</span> <span class='ocrx_word' id='word_1_336' title='bbox 1482 1424 1559 1460; x_wconf 84' lang='lat' dir='ltr'>rege</span> <span class='ocrx_word' id='word_1_337' title='bbox 1585 1424 1705 1460; x_wconf 88' lang='lat' dir='ltr'>magos</span> <span class='ocrx_word' id='word_1_338' title='bbox 1722 1411 1891 1466; x_wconf 82' lang='lat' dir='ltr'>quosdam</span> 
     </span>
     <span class='ocr_line' id='line_1_69' title="bbox 1220 1459 1892 1516; baseline 0.003 -22"><span class='ocrx_word' id='word_1_339' title='bbox 1220 1468 1255 1494; x_wconf 87' lang='lat' dir='ltr'>et</span> <span class='ocrx_word' id='word_1_340' title='bbox 1267 1459 1451 1495; x_wconf 82' lang='lat' dir='ltr'>Chaldaeos</span> <span class='ocrx_word' id='word_1_341' title='bbox 1461 1461 1606 1504; x_wconf 87' lang='lat' dir='ltr'>audivit,</span> <span class='ocrx_word' id='word_1_342' title='bbox 1621 1461 1804 1509; x_wconf 71' lang='lat' dir='ltr'>similisque</span> <span class='ocrx_word' id='word_1_343' title='bbox 1815 1459 1892 1516; x_wconf 76' lang='lat' dir='ltr'>phi·</span> 
     </span>
     <span class='ocr_line' id='line_1_70' title="bbox 1222 1507 1892 1557; baseline 0.004 -15"><span class='ocrx_word' id='word_1_344' title='bbox 1222 1507 1318 1556; x_wconf 90' lang='lat' dir='ltr'>losop</span> <span class='ocrx_word' id='word_1_345' title='bbox 1322 1509 1385 1544; x_wconf 89' lang='lat' dir='ltr'>hus</span> <span class='ocrx_word' id='word_1_346' title='bbox 1403 1510 1561 1557; x_wconf 90' lang='lat' dir='ltr'>quinque</span> <span class='ocrx_word' id='word_1_347' title='bbox 1576 1510 1804 1545; x_wconf 86' lang='lat' dir='ltr'>certaminum</span> <span class='ocrx_word' id='word_1_348' title='bbox 1818 1509 1892 1545; x_wconf 91' lang='lat' dir='ltr'>vic-</span> 
     </span>
    </p>

    <p class='ocr_par' dir='ltr' id='par_1_23' title="bbox 1221 1522 1899 2491">
     <span class='ocr_line' id='line_1_71' title="bbox 1223 1522 1893 1595; baseline 0.002 -3.023"><span class='ocrx_word' id='word_1_349' title='bbox 1223 1556 1289 1592; x_wconf 90' lang='lat' dir='ltr'>tori</span> <span class='ocrx_word' id='word_1_350' title='bbox 1296 1522 1456 1594; x_wconf 78' lang='lat' dir='ltr'>phabitus</span> <span class='ocrx_word' id='word_1_351' title='bbox 1484 1559 1542 1594; x_wconf 91' lang='lat' dir='ltr'>est.</span> <span class='ocrx_word' id='word_1_352' title='bbox 1586 1559 1672 1595; x_wconf 86' lang='lat' dir='ltr'>Erat</span> <span class='ocrx_word' id='word_1_353' title='bbox 1696 1559 1788 1594; x_wconf 89' lang='lat' dir='ltr'>enirn</span> <span class='ocrx_word' id='word_1_354' title='bbox 1814 1566 1893 1594; x_wconf 84' lang='lat' dir='ltr'>vere</span> 
     </span>
     <span class='ocr_line' id='line_1_72' title="bbox 1221 1607 1894 1656; baseline 0.002 -14"><span class='ocrx_word' id='word_1_355' title='bbox 1221 1612 1406 1650; x_wconf 60' lang='lat' dir='ltr'>virvasn&amp;,</span> <span class='ocrx_word' id='word_1_356' title='bbox 1434 1608 1468 1642; x_wconf 91' lang='lat' dir='ltr'>id</span> <span class='ocrx_word' id='word_1_357' title='bbox 1485 1608 1545 1650; x_wconf 85' lang='lat' dir='ltr'>est,</span> <span class='ocrx_word' id='word_1_358' title='bbox 1563 1608 1721 1656; x_wconf 91' lang='lat' dir='ltr'>quinque</span> <span class='ocrx_word' id='word_1_359' title='bbox 1737 1607 1894 1643; x_wconf 83' lang='lat' dir='ltr'>certami-</span> 
     </span>
     <span class='ocr_line' id='line_1_73' title="bbox 1222 1657 1894 1705; baseline 0.001 -15"><span class='ocrx_word' id='word_1_360' title='bbox 1222 1668 1321 1698; x_wconf 90' lang='lat' dir='ltr'>num,</span> <span class='ocrx_word' id='word_1_361' title='bbox 1356 1668 1436 1692; x_wconf 91' lang='lat' dir='ltr'>curn</span> <span class='ocrx_word' id='word_1_362' title='bbox 1474 1657 1506 1692; x_wconf 90' lang='lat' dir='ltr'>in</span> <span class='ocrx_word' id='word_1_363' title='bbox 1542 1658 1707 1703; x_wconf 74' lang='lat' dir='ltr'>Physicis,</span> <span class='ocrx_word' id='word_1_364' title='bbox 1743 1657 1894 1705; x_wconf 87' lang='lat' dir='ltr'>philoso-</span> 
     </span>
     <span class='ocr_line' id='line_1_74' title="bbox 1223 1704 1894 1752; baseline 0.003 -13"><span class='ocrx_word' id='word_1_365' title='bbox 1223 1704 1305 1752; x_wconf 87' lang='lat' dir='ltr'>phia</span> <span class='ocrx_word' id='word_1_366' title='bbox 1332 1705 1465 1748; x_wconf 85' lang='lat' dir='ltr'>morali,</span> <span class='ocrx_word' id='word_1_367' title='bbox 1492 1707 1744 1750; x_wconf 68' lang='lat' dir='ltr'>mathematica,</span> <span class='ocrx_word' id='word_1_368' title='bbox 1772 1707 1894 1741; x_wconf 82' lang='lat' dir='ltr'>libera-</span> 
     </span>
     <span class='ocr_line' id='line_1_75' title="bbox 1224 1753 1894 1802; baseline 0.002 -14"><span class='ocrx_word' id='word_1_369' title='bbox 1224 1753 1311 1788; x_wconf 91' lang='lat' dir='ltr'>lium</span> <span class='ocrx_word' id='word_1_370' title='bbox 1332 1754 1590 1802; x_wconf 88' lang='lat' dir='ltr'>dilciplinarum</span> <span class='ocrx_word' id='word_1_371' title='bbox 1614 1755 1818 1797; x_wconf 85' lang='lat' dir='ltr'>rationibus,</span> <span class='ocrx_word' id='word_1_372' title='bbox 1843 1767 1894 1790; x_wconf 79' lang='lat' dir='ltr'>ar-</span> 
     </span>
     <span class='ocr_line' id='line_1_76' title="bbox 1224 1803 1895 1851; baseline 0.001 -14"><span class='ocrx_word' id='word_1_373' title='bbox 1224 1803 1383 1850; x_wconf 90' lang='lat' dir='ltr'>tiumque</span> <span class='ocrx_word' id='word_1_374' title='bbox 1415 1816 1574 1839; x_wconf 82' lang='lat' dir='ltr'>omnium</span> <span class='ocrx_word' id='word_1_375' title='bbox 1606 1804 1805 1851; x_wconf 86' lang='lat' dir='ltr'>cognitione</span> <span class='ocrx_word' id='word_1_376' title='bbox 1836 1816 1895 1839; x_wconf 84' lang='lat' dir='ltr'>ex-</span> 
     </span>
     <span class='ocr_line' id='line_1_77' title="bbox 1224 1851 1896 1900; baseline 0.003 -14"><span class='ocrx_word' id='word_1_377' title='bbox 1224 1851 1542 1900; x_wconf 87' lang='lat' dir='ltr'>celleret.1taque</span> <span class='ocrx_word' id='word_1_378' title='bbox 1568 1852 1638 1888; x_wconf 73' lang='lat' dir='ltr'>fere</span> <span class='ocrx_word' id='word_1_379' title='bbox 1662 1853 1707 1888; x_wconf 84' lang='lat' dir='ltr'>ab</span> <span class='ocrx_word' id='word_1_380' title='bbox 1731 1851 1896 1889; x_wconf 88' lang='lat' dir='ltr'>omnibus</span> 
     </span>
     <span class='ocr_line' id='line_1_78' title="bbox 1225 1901 1895 1950; baseline 0.003 -15"><span class='ocrx_word' id='word_1_381' title='bbox 1225 1911 1459 1949; x_wconf 85' lang='lat' dir='ltr'>praeterquam</span> <span class='ocrx_word' id='word_1_382' title='bbox 1477 1903 1520 1937; x_wconf 90' lang='lat' dir='ltr'>ab</span> <span class='ocrx_word' id='word_1_383' title='bbox 1538 1902 1708 1950; x_wconf 76' lang='lat' dir='ltr'>Epicuro,</span> <span class='ocrx_word' id='word_1_384' title='bbox 1726 1901 1827 1949; x_wconf 87' lang='lat' dir='ltr'>cujus</span> <span class='ocrx_word' id='word_1_385' title='bbox 1845 1912 1895 1937; x_wconf 82' lang='lat' dir='ltr'>ta-</span> 
     </span>
     <span class='ocr_line' id='line_1_79' title="bbox 1227 1949 1896 1999; baseline 0.002 -14"><span class='ocrx_word' id='word_1_386' title='bbox 1227 1961 1305 1985; x_wconf 90' lang='lat' dir='ltr'>men</span> <span class='ocrx_word' id='word_1_387' title='bbox 1330 1949 1488 1986; x_wconf 87' lang='lat' dir='ltr'>fontibus</span> <span class='ocrx_word' id='word_1_388' title='bbox 1507 1951 1665 1987; x_wconf 88' lang='lat' dir='ltr'>hortulos</span> <span class='ocrx_word' id='word_1_389' title='bbox 1683 1951 1786 1986; x_wconf 89' lang='lat' dir='ltr'>suos</span> <span class='ocrx_word' id='word_1_390' title='bbox 1778 1951 1896 1999; x_wconf 80' lang='lat' dir='ltr'>irriga·</span> 
     </span>
     <span class='ocr_line' id='line_1_80' title="bbox 1225 2000 1897 2046; baseline 0.003 -13"><span class='ocrx_word' id='word_1_391' title='bbox 1225 2008 1333 2040; x_wconf 87' lang='lat' dir='ltr'>verat,</span> <span class='ocrx_word' id='word_1_392' title='bbox 1370 2000 1528 2035; x_wconf 85' lang='lat' dir='ltr'>laudatus</span> <span class='ocrx_word' id='word_1_393' title='bbox 1557 2001 1615 2036; x_wconf 81' lang='lat' dir='ltr'>est.</span> <span class='ocrx_word' id='word_1_394' title='bbox 1667 2002 1722 2036; x_wconf 86' lang='lat' dir='ltr'>De</span> <span class='ocrx_word' id='word_1_395' title='bbox 1749 2012 1821 2046; x_wconf 92' lang='lat' dir='ltr'>quo</span> <span class='ocrx_word' id='word_1_396' title='bbox 1852 2001 1897 2035; x_wconf 84' lang='lat' dir='ltr'>fic</span> 
     </span>
     <span class='ocr_line' id='line_1_81' title="bbox 1225 2048 1898 2097; baseline 0.004 -15"><span class='ocrx_word' id='word_1_397' title='bbox 1225 2048 1348 2083; x_wconf 84' lang='lat' dir='ltr'>Cicero</span> <span class='ocrx_word' id='word_1_398' title='bbox 1362 2049 1395 2083; x_wconf 92' lang='lat' dir='ltr'>in</span> <span class='ocrx_word' id='word_1_399' title='bbox 1410 2050 1554 2085; x_wconf 82' lang='lat' dir='ltr'>Lucullo.</span> <span class='ocrx_word' id='word_1_400' title='bbox 1572 2061 1590 2085; x_wconf 86' lang='lat'><em>2</em></span> <span class='ocrx_word' id='word_1_401' title='bbox 1597 2061 1629 2095; x_wconf 84' lang='lat'>3.</span> <span class='ocrx_word' id='word_1_402' title='bbox 1657 2050 1758 2096; x_wconf 72' lang='lat' dir='ltr'>Quid</span> <span class='ocrx_word' id='word_1_403' title='bbox 1774 2050 1898 2097; x_wconf 81' lang='lat' dir='ltr'>loquar</span> 
     </span>
     <span class='ocr_line' id='line_1_82' title="bbox 1225 2097 1897 2145; baseline 0.003 -14"><span class='ocrx_word' id='word_1_404' title='bbox 1225 2097 1268 2132; x_wconf 87' lang='lat' dir='ltr'>de</span> <span class='ocrx_word' id='word_1_405' title='bbox 1286 2098 1490 2133; x_wconf 88' lang='lat' dir='ltr'>Democrito</span> <span class='ocrx_word' id='word_1_406' title='bbox 1506 2099 1519 2134; x_wconf 89' lang='lat'>?</span> <span class='ocrx_word' id='word_1_407' title='bbox 1542 2110 1646 2145; x_wconf 89' lang='lat' dir='ltr'>quem</span> <span class='ocrx_word' id='word_1_408' title='bbox 1666 2110 1746 2133; x_wconf 87' lang='lat' dir='ltr'>cum</span> <span class='ocrx_word' id='word_1_409' title='bbox 1760 2111 1801 2133; x_wconf 86' lang='lat' dir='ltr'>eo</span> <span class='ocrx_word' id='word_1_410' title='bbox 1814 2111 1897 2133; x_wconf 85' lang='lat' dir='ltr'>con-</span> 
     </span>
     <span class='ocr_line' id='line_1_83' title="bbox 1226 2145 1897 2195; baseline 0.003 -15"><span class='ocrx_word' id='word_1_411' title='bbox 1226 2145 1313 2181; x_wconf 84' lang='lat' dir='ltr'>ferre</span> <span class='ocrx_word' id='word_1_412' title='bbox 1341 2147 1519 2194; x_wconf 74' lang='lat' dir='ltr'>poss&#39;umus</span> <span class='ocrx_word' id='word_1_413' title='bbox 1546 2159 1614 2182; x_wconf 90' lang='lat' dir='ltr'>non</span> <span class='ocrx_word' id='word_1_414' title='bbox 1641 2149 1746 2182; x_wconf 84' lang='lat' dir='ltr'>modo</span> <span class='ocrx_word' id='word_1_415' title='bbox 1771 2147 1897 2195; x_wconf 81' lang='lat' dir='ltr'>ingenii</span> 
     </span>
     <span class='ocr_line' id='line_1_84' title="bbox 1227 2195 1896 2244; baseline 0.003 -15"><span class='ocrx_word' id='word_1_416' title='bbox 1227 2195 1478 2242; x_wconf 79' lang='lat' dir='ltr'>magnitudine,</span> <span class='ocrx_word' id='word_1_417' title='bbox 1497 2196 1549 2231; x_wconf 82' lang='lat' dir='ltr'>sed</span> <span class='ocrx_word' id='word_1_418' title='bbox 1563 2196 1665 2231; x_wconf 80' lang='lat' dir='ltr'>etiam</span> <span class='ocrx_word' id='word_1_419' title='bbox 1681 2197 1784 2231; x_wconf 86' lang='lat' dir='ltr'>animi</span> <span class='ocrx_word' id='word_1_420' title='bbox 1802 2198 1814 2231; x_wconf 86' lang='lat'>?</span> <span class='ocrx_word' id='word_1_421' title='bbox 1834 2196 1896 2244; x_wconf 88' lang='lat' dir='ltr'>qui</span> 
     </span>
     <span class='ocr_line' id='line_1_85' title="bbox 1226 2244 1899 2293; baseline 0.001 -14"><span class='ocrx_word' id='word_1_422' title='bbox 1226 2244 1272 2279; x_wconf 79' lang='lat' dir='ltr'>ita</span> <span class='ocrx_word' id='word_1_423' title='bbox 1290 2244 1331 2279; x_wconf 76' lang='lat' dir='ltr'>sit</span> <span class='ocrx_word' id='word_1_424' title='bbox 1353 2244 1451 2280; x_wconf 89' lang='lat' dir='ltr'>ausus</span> <span class='ocrx_word' id='word_1_425' title='bbox 1482 2246 1600 2285; x_wconf 80' lang='lat' dir='ltr'>ordiri,</span> <span class='ocrx_word' id='word_1_426' title='bbox 1630 2246 1706 2280; x_wconf 66' lang='lat' dir='ltr'>Ha</span> <span class='ocrx_word' id='word_1_427' title='bbox 1729 2245 1833 2293; x_wconf 76' lang='lat' dir='ltr'>loquor</span> <span class='ocrx_word' id='word_1_428' title='bbox 1861 2246 1899 2280; x_wconf 88' lang='lat' dir='ltr'>de</span> 
     </span>
     <span class='ocr_line' id='line_1_86' title="bbox 1226 2293 1898 2343; baseline 0.003 -15"><span class='ocrx_word' id='word_1_429' title='bbox 1226 2293 1405 2337; x_wconf 82' lang='lat' dir='ltr'>universs:</span> <span class='ocrx_word' id='word_1_430' title='bbox 1444 2293 1527 2328; x_wconf 86' lang='lat' dir='ltr'>nihil</span> <span class='ocrx_word' id='word_1_431' title='bbox 1561 2295 1715 2343; x_wconf 85' lang='lat' dir='ltr'>exicipit</span> <span class='ocrx_word' id='word_1_432' title='bbox 1749 2296 1792 2329; x_wconf 83' lang='lat' dir='ltr'>de</span> <span class='ocrx_word' id='word_1_433' title='bbox 1823 2306 1898 2342; x_wconf 89' lang='lat' dir='ltr'>quo</span> 
     </span>
     <span class='ocr_line' id='line_1_87' title="bbox 1228 2342 1898 2392; baseline 0 -14"><span class='ocrx_word' id='word_1_434' title='bbox 1228 2355 1296 2378; x_wconf 89' lang='lat' dir='ltr'>non</span> <span class='ocrx_word' id='word_1_435' title='bbox 1319 2342 1544 2390; x_wconf 78' lang='lat' dir='ltr'>profiteatur.</span> <span class='ocrx_word' id='word_1_436' title='bbox 1572 2344 1658 2391; x_wconf 83' lang='lat' dir='ltr'>quid</span> <span class='ocrx_word' id='word_1_437' title='bbox 1677 2344 1768 2379; x_wconf 82' lang='lat' dir='ltr'>enim</span> <span class='ocrx_word' id='word_1_438' title='bbox 1787 2343 1898 2392; x_wconf 84' lang='lat' dir='ltr'>potest</span> 
     </span>
     <span class='ocr_line' id='line_1_88' title="bbox 1228 2391 1895 2441; baseline -0.002 -14"><span class='ocrx_word' id='word_1_439' title='bbox 1228 2392 1292 2427; x_wconf 79' lang='lat' dir='ltr'>ene</span> <span class='ocrx_word' id='word_1_440' title='bbox 1309 2401 1404 2426; x_wconf 81' lang='lat' dir='ltr'>extra</span> <span class='ocrx_word' id='word_1_441' title='bbox 1418 2391 1599 2428; x_wconf 78' lang='lat' dir='ltr'>universa?</span> <span class='ocrx_word' id='word_1_442' title='bbox 1619 2394 1698 2441; x_wconf 88' lang='lat' dir='ltr'>quis</span> <span class='ocrx_word' id='word_1_443' title='bbox 1714 2393 1803 2428; x_wconf 87' lang='lat' dir='ltr'>hunc</span> <span class='ocrx_word' id='word_1_444' title='bbox 1820 2392 1895 2440; x_wconf 83' lang='lat' dir='ltr'>phi-</span> 
     </span>
     <span class='ocr_line' id='line_1_89' title="bbox 1230 2441 1896 2491; baseline -0.002 -14"><span class='ocrx_word' id='word_1_445' title='bbox 1230 2441 1413 2490; x_wconf 87' lang='lat' dir='ltr'>losophum</span> <span class='ocrx_word' id='word_1_446' title='bbox 1437 2454 1506 2477; x_wconf 89' lang='lat' dir='ltr'>non</span> <span class='ocrx_word' id='word_1_447' title='bbox 1524 2442 1702 2491; x_wconf 80' lang='lat' dir='ltr'>anteponit</span> <span class='ocrx_word' id='word_1_448' title='bbox 1724 2441 1896 2483; x_wconf 77' lang='lat' dir='ltr'>Cleanthi,</span> 
     </span>
    </p>
   </div>
  </div>
 </body>
</html>
