2241 2994
759 240 1371 281 HISTORIA.

367 338 483 385 Qod
509 336 712 373 beneficium
741 336 863 373 Cicero
881 336 1038 382 Philippi-

370 398 406 420 ca
446 387 490 421 11.
529 396 595 432 cap.
632 397 666 431 3.
703 395 738 420 et
776 397 833 428 24.
874 385 1036 432 agnoscit.

368 434 512 481 scripfit
529 444 604 469 tum
632 433 748 469 Caesar
763 434 806 468 ad
826 433 1038 474 Antonium,

370 482 543 528 prohiberi
573 493 692 517 omnes
722 482 831 524 Italia,
858 481 917 516 nisi
948 493 1037 528 quo-

370 542 448 565 rum
499 531 568 578 ipse
622 530 756 565 causam
813 531 1035 578 cognovisset.

370 580 500 626 Quare,
527 591 609 614 cum
640 578 815 614 Antonius
846 579 991 626 petiisset
1019 590 1038 612 a

369 628 536 662 Cicerone
553 641 613 675 per
630 628 755 667 literas,
781 638 820 662 ut
840 627 899 662 sibi
926 627 1037 674 ignos-

368 687 481 711 ceret:
509 676 620 712 facere
650 677 680 712 se
710 689 778 711 non
810 677 915 723 posse,
951 677 1035 723 quin

369 725 513 760 Caesaris
541 725 644 760 literis
673 734 825 772 pareret:
864 724 953 759 misit
979 725 1036 758 Ci-

369 785 447 808 ceto
465 775 506 808 ad
524 786 603 808 eum
630 774 674 809 L.
696 774 868 813 Lamiam,
895 773 956 819 qui
980 773 1035 807 de—

367 822 581 864 monstraret,
629 822 798 857 Caesarem
841 821 1037 856 Dolabella:

367 871 500 912 dixisse,
530 880 568 905 ut
585 871 627 905 ad
647 870 849 905 Ciceronem
867 869 1036 911 scriberet,

369 929 410 954 ut
428 920 462 954 ln
480 919 615 956 Italiam
633 932 740 967 quam
766 919 920 966 primum
943 918 1038 953 veni-

368 978 429 1003 ret.
483 968 605 1015 Itaque
634 967 812 1003 Antonius
841 967 949 1002 edixit
979 967 1039 1010 ita,

367 1027 408 1051 ut
427 1017 482 1052 M.
503 1017 666 1052 Tullium
695 1017 866 1064 exciperet
884 1015 1038 1051 nomina-

367 1066 442 1101 tim.
495 1066 579 1101 Hoc
606 1077 673 1100 xtv
698 1066 844 1100 Kalend.
864 1066 941 1110 Jan.
977 1064 1036 1098 Ci-

365 1125 446 1149 cero
462 1114 506 1149 ad
521 1115 660 1149 Atticum
677 1114 806 1162 scripsit
823 1114 905 1160 epss.
927 1124 958 1159 7.
981 1113 1035 1147 lib.

367 1163 433 1197 XI.
479 1163 670 1210 Affligebat
686 1163 888 1198 Ciceronem
916 1162 1036 1215 eodem

367 1222 522 1258 tempore
556 1212 690 1247 Tullia:
729 1215 894 1246 morbus.
935 1209 1035 1257 cujus

367 1260 523 1295 meminit
548 1262 632 1306 epist.
661 1273 691 1305 7.
719 1261 774 1295 lib.
802 1261 869 1294 XI.
896 1261 939 1294 ad
962 1261 1034 1295 Att.

366 1309 409 1343 de
426 1309 545 1343 eodem
572 1309 688 1344 scribit
711 1309 751 1343 ad
770 1308 969 1343 Terentiam
987 1317 1033 1353 ep.

371 1369 425 1404 19.
452 1357 507 1391 lib.
532 1358 630 1393 XIV.
658 1357 773 1392 Famil.
800 1357 916 1392 scribit
932 1357 1036 1391 etiam

366 1418 428 1453 per
458 1406 606 1453 Leptam
631 1416 665 1440 et
683 1406 890 1440 Trebatium
909 1415 955 1451 ep.
981 1416 1034 1451 ¹7·

363 1453 494 1501 ejusdem
511 1455 564 1490 lib.
584 1455 664 1491 vide
680 1455 762 1501 epist.
783 1457 817 1490 8.
835 1454 890 1489 lib.
910 1453 975 1489 XI.
994 1451 1040 1487 ad

364 1503 518 1539 Atticum.

364 1671 476 1711 Anno
495 1669 606 1710 Urbis
623 1670 719 1724 706.
766 1669 945 1709 Ciceronis
965 1670 1031 1709 60.

421 1741 474 1779 C.
505 1741 670 1792 Jumus
703 1741 875 1779 CAESAR
915 1741 971 1784 II,

535 1809 717 1847 Dictator
753 1807 860 1852 fuit;

475 1879 539 1917 M.
578 1880 614 1916 A
630 1891 655 1916 N
676 1892 704 1917 T
722 1892 746 1916 o
763 1891 788 1916 N
809 1891 823 1916 1
842 1892 866 1917 u
885 1891 920 1923 s,

563 1939 676 1992 Mag.
708 1940 833 1993 equit.

413 2037 519 2072 Hanc
553 2036 758 2071 <iteraturam
793 2036 909 2071 Caesar
940 2044 1035 2070 extra

365 2085 497 2120 Italiam
541 2085 628 2128 iniit,
670 2089 794 2120 auctiore
827 2087 939 2126 Dione,
978 2083 1032 2118 lib.

364 2133 483 2168 XLII
510 2133 566 2168 De
582 2112 739 2170 Aiitonio
756 2133 917 2180 magistro
934 2134 1030 2180 equi-

366 2191 441 2216 tum
470 2182 592 2218 Cicero
623 2182 776 2238 Philipp.
803 2183 846 2218 11.
874 2193 951 2229 cap.
971 2193 1029 2226 25.

365 2229 501 2274 Accgffit,
527 2239 564 2264 ut
590 2233 624 2266 C
625 2231 712 2276 esare
734 2234 856 2278 ignat-,o
882 2243 949 2266 cum
967 2229 1034 2277 effi&

364 2278 417 2312 ille
450 2278 659 2322 Alexandra,
697 2280 833 2324 benficio
866 2283 1033 2315 amicorum

363 2327 430 2373 ejus
459 2328 600 2372 magister
628 2330 763 2374 equitum
791 2329 1031 2372 corstitueretur.

418 2387 463 2409 ιιι
486 2376 603 2410 Nonas
622 2376 762 2420 januar.
781 2377 837 2412 die
855 2378 955 2411 natali
974 2377 1034 2412 suo

366 2424 421 2458 M.
443 2424 587 2459 Tullius
616 2424 659 2458 ad
673 2426 747 2460 Att.
773 2425 868 2460 dedit
897 2426 977 2471 epist.
999 2438 1031 2471 9.

364 2472 420 2508 lib.
449 2471 517 2508 XI.
548 2480 579 2508 et
598 2474 773 2520 sequentem
798 2485 854 2508 xii
886 2473 1032 2508 Kalend.

1671 260 1755 301 323

1089 337 1251 372 Februar.
1270 350 1345 372 vttt
1366 337 1449 372 Idus
1468 338 1589 374 Martii
1613 341 1655 374 ad
1672 352 1755 375 eun-

1087 386 1166 419 dem
1209 386 1339 432 scripsit
1387 387 1469 432 epist.
1521 399 1572 422 ιι.
1619 398 1653 423 et
1699 399 1752 423 12.

1088 434 1215 468 Romae
1246 434 1305 468 illo
1343 443 1497 482 tempore
1528 436 1704 471 seditiones
1736 448 1755 470 a

1088 482 1128 516 P.
1144 482 1306 516 Cornelio
1324 483 1507 517 Dolabella
1524 484 1664 519 tribuno
1683 485 1753 531 ple-

1089 529 1142 564 bis
1171 539 1205 564 et
1233 530 1366 564 Tulliae
1395 531 1529 571 marito
1564 533 1673 587 legem
1705 532 1753 567 fe-

1089 588 1181 613 rente
1214 578 1257 612 de
1291 578 1389 612 novis
1419 579 1558 621 tabulis,
1597 582 1754 616 excitatae

1088 626 1174 661 sunt.
1200 627 1256 660 De
1268 626 1398 672 quibus
1412 629 1538 668 Livius,
1549 607 1606 663 lib.
1619 629 1754 664 CXIII.

1086 676 1152 711 Dio
1177 675 1231 710 lib.
1261 675 1379 710 XLII.
1432 675 1505 710 Hae
1538 676 1614 710 sunt
1643 678 1754 723 generi

1088 724 1249 766 atiliones,
1286 724 1328 758 de
1357 723 1487 770 quibus
1521 725 1644 760 Cicero
1673 726 1754 772 epist.

1093 783 1145 807 η.
1172 785 1225 813 14.
1252 784 1304 818 ¹5·
1323 781 1358 806 et
1378 784 1434 818 23.
1467 772 1520 807 lib.
1539 774 1605 808 XI.
1624 775 1669 808 ad
1684 779 1754 810 Att.

1088 821 1204 856 Pridie
1223 821 1303 856 Idus
1329 821 1417 855 Maii
1447 821 1569 857 Cicero
1592 822 1634 856 ad
1661 823 1756 857 Atti-

1086 881 1168 903 cum
1196 869 1291 904 dedit
1315 869 1398 915 epist.
1424 882 1476 915 ¹5-
1503 880 1537 904 et
1563 883 1608 905 ιιι
1635 872 1755 906 Nonas

1088 917 1186 963 Junii
1231 917 1426 964 sequentem
1467 917 1616 965 ejusdem
1663 920 1754 955 libri.

1087 966 1201 1001 Pridie
1219 966 1303 1001 Idus
1320 967 1404 1011 Jun.
1424 967 1546 1002 Tullia
1563 969 1606 1002 ad
1624 979 1755 1015 patrem

1086 1015 1319 1050 Brundusium
1335 1015 1442 1056 venit,
1467 1018 1515 1061 epi
1542 1043 1550 1051 .
1572 1029 1583 1051 1
1597 1030 1625 1052 1.
1643 1027 1678 1052 et
1699 1029 1754 1063 ¹5·

1085 1064 1141 1098 lib.
1161 1064 1261 1099 XIV.
1285 1064 1402 1099 I-'amiL
1420 1074 1454 1099 et
1469 1074 1515 1110 ep.
1541 1076 1595 1111 17.
1613 1065 1667 1100 lib.
1688 1067 1755 1101 XI.

1086 1112 1131 1147 ad
1146 1113 1299 1147 Atticum.

1137 1161 1369 1196 Constituerat
1412 1173 1454 1196 eo
1501 1170 1654 1209 tempore
1697 1162 1755 1197 M.

1085 1209 1229 1244 Tullius
1271 1210 1474 1244 Ciceronem
1518 1211 1630 1245 filium
1673 1223 1755 1246 cum

1085 1259 1150 1293 Cn.
1171 1258 1331 1293 Sallustio
1352 1258 1493 1293 obviam
1522 1259 1647 1294 Caesari
1676 1260 1755 1294 rnit-

1086 1317 1176 1342 tere:
1218 1307 1272 1341 sed
1307 1319 1389 1341 cum
1431 1307 1474 1341 de
1501 1306 1574 1354 ejus
1605 1308 1756 1343 adventu

1086 1355 1171 1390 nihil
1189 1355 1377 1396 afferretur,
1393 1355 1573 1390 confilium
1593 1357 1756 1398 mutavit,

1085 1405 1167 1449 epist.
1204 1415 1258 1451 17.
1290 1412 1324 1438 et
1357 1405 1410 1439 18.
1437 1404 1492 1439 lib.
1521 1405 1584 1439 XI.
1613 1404 1658 1438 ad
1679 1405 1755 1440 Att.

1085 1461 1120 1487 et
1136 1452 1217 1499 epist.
1238 1464 1249 1486 ι
1263 1465 1291 1487 1.
1309 1461 1344 1487 et
1367 1464 1420 1497 15·
1447 1452 1501 1487 lib.
1518 1453 1620 1488 XIV.
1639 1453 1756 1488 Famil.

1086 1501 1201 1536 Pridie
1222 1501 1304 1536 Idus
1330 1501 1448 1536 Sextil.
1478 1500 1602 1536 Cicero
1625 1501 1758 1549 accepit

1083 1549 1196 1585 literas
1213 1549 1368 1590 Caesaris,
1382 1561 1468 1597 quas
1487 1550 1544 1585 ille
1559 1562 1601 1584 ex
1616 1551 1755 1597 AEgyp-

1084 1608 1120 1633 to
1150 1599 1193 1633 ad
1217 1610 1295 1633 eum
1325 1598 1470 1640 miserat,
1499 1609 1537 1633 ut
1554 1599 1633 1634 esset
1650 1599 1754 1641 idem,

1083 1647 1146 1694 qui
1173 1646 1300 1690 fuisset,
1325 1656 1372 1692 ep.
1393 1648 1450 1682 ult.
1481 1647 1535 1682 lib.
1554 1648 1656 1682 XIV.
1685 1648 1754 1682 Fa-

1084 1696 1148 1731 mil.
1174 1705 1208 1730 et
1228 1705 1290 1742 pro
1309 1696 1454 1741 Ligario,
1480 1705 1546 1741 cap.
1569 1707 1601 1741 3.
1630 1696 1753 1731 ubiC.

1084 1744 1227 1779 Pansam
1246 1744 1406 1779 nuntium
1438 1744 1480 1778 de
1509 1746 1670 1780 concessis
1689 1743 1753 1779 fas-

1082 1793 1183 1828 cibus
1222 1793 1395 1840 pertulisse
1429 1792 1486 1828 ait.
1538 1793 1646 1827 Dedit
1676 1803 1752 1828 tum

1082 1842 1205 1876 Cicero
1223 1841 1265 1875 ad
1284 1843 1360 1876 Att.
1388 1841 1559 1888 epistolas,
1585 1853 1667 1889 quae
1692 1853 1752 1877 ex-

1083 1901 1193 1925 tremo
1210 1890 1264 1924 lib.
1284 1891 1351 1925 XI.
1377 1899 1506 1925 extant.

1133 1939 1226 1973 Cum
1244 1939 1359 1974 Caesar
1383 1939 1426 1973 ad
1454 1939 1532 1973 Kal.
1559 1938 1750 1986 Septembr.

1082 1987 1230 2022 Athenis
1281 1986 1355 2022 fore
1404 1987 1586 2030 diceretur,
1629 1988 1753 2023 Cicero

1083 2046 1225 2083 propter
1241 2047 1353 2071 moras
1375 2036 1542 2071 Asiaticas
1567 2038 1660 2071 secus
1688 2048 1753 2083 pu-

1084 2084 1193 2125 tabat,
1227 2084 1309 2131 epist.
1343 2097 1400 2120 21.
1435 2085 1487 2120 lib.
1519 2086 1581 2120 XI.
1609 2085 1654 2119 ad
1677 2086 1749 2120 Aet.

1082 2133 1188 2168 Venit
1226 2145 1339 2169 tamen
1374 2133 1408 2168 in
1443 2134 1575 2168 Italiam
1610 2134 1752 2168 celerius

1082 2182 1240 2217 omnium
1259 2182 1434 2229 opinione,
1457 2192 1495 2216 ut
1513 2182 1652 2218 Hirtius
1671 2193 1751 2216 auc-

1082 2241 1138 2266 tor
1165 2232 1223 2266 est.
1278 2230 1353 2265 Ubi
1382 2231 1423 2265 ad
1455 2231 1650 2265 Ciceronem
1670 2230 1752 2264 alla-

1083 2290 1159 2315 tum
1189 2279 1249 2322 est,
1275 2291 1354 2313 eum
1384 2279 1578 2313 Tarentum
1604 2279 1751 2312 navibus

1084 2328 1263 2375 appulisse,
1289 2337 1393 2373 atque
1418 2327 1495 2361 inde
1517 2327 1750 2361 Brundusium

1085 2377 1231 2424 pedibus
1267 2375 1481 2416 contendere,
1522 2375 1663 2410 obviam
1699 2375 1750 2409 illi

1085 2426 1256 2472 processit,
1281 2435 1348 2458 non
1366 2423 1527 2478 equidem
1545 2424 1645 2458 valde
1661 2423 1751 2458 diffi-

1084 2474 1180 2515 dens,
1206 2473 1260 2507 sed
1290 2482 1401 2506 tamen
1435 2473 1564 2508 veritus
1595 2473 1627 2507 in
1660 2481 1753 2508 tanta

1329 2568 1450 2608 Ssz
