2335 3009
543 270 618 310 192

543 356 636 403 plina
678 355 812 390 infirma
840 354 888 390 est
914 354 995 389 artis
1024 353 1211 400 praeceptio

541 406 610 440 sine
638 404 770 439 summa
788 403 976 438 assiduitate
996 402 1211 437 exercitatio-

543 455 606 493 nis,
635 463 709 487 tum
744 464 824 487 vero
855 452 889 487 ln
919 455 1080 496 μνημονιηοῖς
1111 449 1212 485 mini-

543 514 642 536 mum
658 502 748 536 valet
766 501 933 542 doctrina,
961 500 1020 535 nist
1036 499 1211 540 industria,

542 551 667 592 studio,
694 551 823 592 labore,
842 549 1033 596 diligentia,
1052 559 1211 594 compro-

542 599 655 634 betur.
699 600 818 646 Qam
850 598 1018 645 plurimos
1048 597 1141 631 locos
1173 605 1212 630 ut

543 647 681 689 habeas,
709 659 742 683 et
761 659 866 693 quam
890 647 1043 681 maxime
1063 646 1104 680 ad
1124 655 1213 691 prae·

542 707 643 743 cepta
661 696 953 736 accommodatos,
972 706 1090 729 curare
1107 693 1212 728 debe-

543 745 607 781 bis.
637 746 674 780 ln
694 745 904 792 imaginibus
929 743 1137 778 collocandis
1152 753 1212 776 ex-

543 794 648 829 erceri
684 794 840 840 quotidie
874 792 1071 827 conveniet.
1129 791 1212 826 Non

543 843 637 878 enim
658 843 741 877 licut
755 855 772 876 a
791 841 921 876 caeteris
936 841 1053 875 studiis
1071 838 1212 874 abduci-

545 904 624 926 mur
643 902 892 937 nonnunquam
905 888 1149 934 occupatione,
1168 886 1215 922 ita

545 941 589 974 ab
615 940 677 974 hac
696 952 730 974 re
761 952 821 974 nos
846 938 957 986 potest
980 937 1078 972 causa
1103 937 1214 972 dedu-

544 1001 622 1024 cere
649 989 772 1036 aliqua.
817 988 1012 1035 Nunquam
1037 986 1085 1022 est
1108 985 1215 1028 enim,

545 1039 630 1085 quin
645 1037 776 1084 aliquid
792 1037 969 1073 memoriae
986 1036 1116 1071 tradere
1130 1035 1216 1071 veli-

848 252 1628 296 RHETORICORUM

1261 363 1351 393 mus,
1379 361 1414 386 et
1432 361 1506 386 tum
1524 349 1688 391 maxime,
1714 360 1794 384 cum
1813 348 1929 395 aliquo

1261 399 1388 446 majore
1407 400 1549 447 negotio
1566 399 1772 434 detinemur.
1808 398 1929 445 Quare

1260 461 1341 484 cum
1384 448 1424 484 sit
1458 448 1556 491 utile,
1595 446 1694 482 facile
1725 446 1927 486 meminisse,

1262 510 1328 533 non
1348 508 1381 533 te
1399 497 1500 538 fallit,
1527 497 1622 544 quod
1648 506 1825 543 tantopere
1844 495 1929 530 utile

1261 547 1314 588 fit,
1328 556 1460 593 quanto
1477 546 1593 580 labore
1611 544 1651 580 s1t
1668 544 1902 591 appetendum
1920 556 1928 578 :

1260 596 1356 641 quod
1388 594 1515 641 poteris
1541 593 1747 634 existimare,
1782 593 1930 627 utilitate

1262 643 1412 690 cognita.
1466 643 1629 678 Pluribus
1647 642 1761 677 verbis
1787 642 1830 676 ad
1853 652 1931 676 eam

1263 703 1296 728 te
1321 692 1446 727 hortari
1464 703 1533 727 non
1550 691 1598 726 est
1616 690 1788 730 sententia,
1816 701 1857 725 ne
1873 699 1933 724 aut

1263 751 1301 777 tu
1320 742 1444 783 nostre,
1471 749 1531 775 aut
1559 751 1621 775 nos
1638 749 1699 775 tuo
1715 739 1826 774 studio
1842 737 1930 773 diffi-

1264 791 1315 831 fi·,
1342 789 1547 832 autminus,
1573 800 1678 836 quam
1700 799 1752 823 res
1771 787 1931 833 postula,

1263 839 1381 874 dixisse
1399 839 1588 873 videamur.
1623 838 1680 872 De
1698 836 1820 883 quinta
1835 846 1931 883 parte

1264 887 1445 924 rhetoricae
1478 886 1642 933 deinceps
1672 886 1851 920 dicemus:
1892 895 1931 920 tu

1264 937 1394 985 primas
1423 935 1574 983 quasque
1608 944 1720 982 partes
1750 935 1785 969 in
1816 935 1934 969 animo

1265 986 1460 1032 frequenta,
1486 994 1534 1026 et,
1568 983 1664 1030 quod
1696 982 1846 1018 maxime
1874 993 1933 1018 ne·

1265 1034 1350 1070 cesse
1367 1033 1427 1076 est,
1453 1032 1697 1069 exercitatione
1714 1031 1892 1069 confirma.
