2241 2994
720 232 992 272 HIST

332 432 443 471 Anno
463 427 571 468 Urbis
592 428 694 481 708⁴-
731 426 910 466 Ciceronis
929 427 996 466 62.

382 501 431 539 C.
463 500 628 551 Jumus
661 498 833 536 CAEsAR
866 498 944 542 111,

513 569 695 608 DiCtator
722 568 816 613 fuit,

376 639 441 679 M.
472 639 702 678 Amnius
735 638 956 683 Lamum,

528 712 643 764 Mag.
675 711 801 764 equit.

537 784 669 824 Eodem
697 797 792 822 anno

383 846 433 884 C.
465 846 630 898 Jumus
664 845 836 883 CAESAR
871 843 944 888 IV,

383 915 535 954 Consul
563 915 642 954 fine
671 914 824 966 collega
853 912 946 951 fuit.

379 1013 474 1048 Haec
507 1024 550 1047 ex
585 1011 792 1059 Capitolinis
826 1009 1001 1058 lapidibus

331 1061 420 1096 recte
436 1073 456 1095 a
473 1061 555 1095 viris
572 1061 683 1097 doffis
702 1060 904 1107 probantur,
922 1059 1002 1094 vide

331 1110 449 1145 Fastos
480 1110 610 1157 Sigonii
639 1120 674 1145 et
697 1108 886 1156 Onuphrii.
939 1108 998 1143 Ci-

331 1171 410 1194 cero
451 1159 615 1194 Terentia
656 1158 789 1193 dimiffa
829 1157 1000 1204 virginem

331 1219 474 1243 uxorem
492 1207 619 1249 duxit·,
647 1217 685 1242 ut
707 1206 850 1254 quidem
868 1206 999 1241 Teren-

331 1257 379 1292 tia
405 1257 597 1299 diffitabat,
635 1255 758 1290 formae
789 1254 924 1302 gratia·‚
961 1266 1000 1290 ut

332 1315 445 1340 autem
496 1305 586 1339 Tiro
636 1304 812 1339 Ciceronis
858 1304 1001 1338 libertus

330 1354 473 1401 scripsit,
498 1353 628 1388 divitiis
653 1352 726 1400 ejus
752 1353 936 1395 adductus,
962 1363 1002 1387 ut

331 1414 379 1438 aes
397 1403 546 1437 alienum
564 1402 768 1437 diffolveret.
808 1402 893 1436 Erat
909 1402 1000 1436 enirn

330 1452 448 1499 puella
475 1451 584 1493 dives,
608 1461 643 1486 et
661 1451 753 1486 bona
776 1448 850 1497 ejus
875 1449 1000 1485 Cicero

330 1500 659 1535 fideicommiffarius
718 1500 811 1534 heres
862 1498 999 1534 relietus

330 1549 553 1584 custodiebat.
604 1550 724 1594 Quare
741 1559 821 1583 cum
840 1559 998 1595 permag-

331 1610 417 1633 num
444 1610 491 1632 aes
521 1598 669 1633 alienum
694 1597 844 1639 haberet,
871 1597 997 1631 amico—

332 1658 410 1681 rum
426 1657 460 1681 et
481 1646 702 1681 familiarium
723 1645 873 1692 impulsu
901 1645 997 1693 puel-

332 1695 399 1730 lam
421 1707 562 1730 uxorem
585 1705 711 1742 praeter
728 1705 865 1730 aetatem
883 1695 997 1737 duxit,

332 1754 373 1778 ut
395 1743 487 1778 illius
516 1742 742 1779 facultatibus
770 1743 998 1778 creditoribus

332 1791 545 1828 satisfaceret.
599 1793 692 1827 Haec
715 1792 934 1832 Plutarchus,
964 1802 1004 1825 ut

331 1842 474 1889 quidem
504 1853 566 1876 nos
587 1841 834 1882 convertimus,
860 1841 933 1874 aliis
952 1839 1001 1874 in-

333 1890 539 1938 terpretibus
570 1890 655 1924 nihil
684 1888 958 1937 praejudicantes,
984 1900 1003 1922 e

333 1940 464 1986 quibus
492 1940 598 1974 verba
627 1939 687 1973 illa
712 1938 914 1973 Plutarchi:
952 1942 1003 1972 καὶ

334 1993 380 2025 τὸν
395 1989 466 2024 ἐτι-ίαν
483 1995 566 2024 ‹xC-ris
583 1992 692 2033 Κικέρων
715 1992 741 2023 ἐγ
759 1992 832 2026 ’,νίς-ει
851 1989 1002 2031 κληρονόμος

333 2036 510 2076 flia-onmes&
527 2037 709 2078 διεφόλαῆενς
735 2048 818 2083 quae
848 2047 908 2070 nos
927 2047 1001 2069 ver-

334 2085 452 2128 timus,
479 2088 523 2121 Et
549 2086 626 2120 bona
647 2087 710 2131 ejus
727 2086 834 2120 Cicero
841 2083 1001 2127 fideicom-

334 2134 486 2179 riiſjarius
517 2135 602 2170 heres
634 2135 759 2170 relictus
793 2132 999 2178 custodiebat.-

337 2182 506 2218 Bocchius
525 2183 568 2218 fic
585 2184 756 2239 expreffit‚
783 2185 827 2218 Et
856 2194 916 2228 qus
926 2181 1001 2228 sub-

1040 233 1078 271 O
1127 233 1166 271 R
1214 234 1234 273 I
1281 235 1335 274 Α.
1642 251 1724 293 327

1047 327 1130 362 Non
1148 337 1219 363 erat
1235 329 1358 364 Cicero
1380 338 1420 364 ut
1438 329 1532 365 heres
1552 330 1689 366 reliEtus
1706 351 1717 374 ;

1048 387 1160 423 neque
1189 376 1356 412 secundus
1384 378 1489 422 heres,
1526 389 1565 413 ut
1593 380 1718 415 Corra·

1048 425 1114 459 dus
1149 424 1290 461 scribit:
1337 427 1390 461 sed
1424 428 1612 470 Publilius,
1652 429 1721 463 sive

1051 472 1222 520 Popillius
1253 475 1399 510 moriens
1429 476 1632 512 Ciceronem
1663 478 1720 512 he-

1052 522 1165 556 redem
1190 521 1378 557 instituerat
1401 534 1436 558 et
1463 536 1655 571 rogaverat,
1681 536 1721 561 ut

1051 569 1273 606 hereditatem
1315 572 1467 607 redderet
1507 573 1576 608 suae
1626 575 1719 610 filiae.

1052 618 1268 666 Hujusmodi
1295 619 1451 655 heredem
1481 622 1720 658 fideicommis-

1052 668 1175 703 sarium
1204 668 1272 703 dici
1304 681 1322 703 a
1339 669 1596 714 Jutisconlultis
1619 671 1722 706 etiam

1051 717 1085 752 in
1104 717 1237 752 Graecis
1254 717 1438 763 Justiniani
1459 718 1722 754 Constitutioni-

1052 766 1118 800 bus
1137 776 1258 801 notum
1276 766 1324 801 est
1353 766 1406 809 iis,
1434 767 1496 814 qui
1520 767 1626 802 libros
1644 767 1721 803 illos

1050 827 1120 850 non
1139 815 1368 862 aspernantur.
1421 816 1476 851 Sic
1498 817 1537 851 P.
1556 816 1721 852 Sextilius

1050 862 1168 898 Rufus
1203 864 1297 899 heres
1332 875 1352 899 a
1427 891 1434 898 .
1472 865 1582 900 Fabio
1615 865 1722 900 Gallo

1052 912 1198 959 scriptus
1237 923 1378 960 rogatus
1437 913 1501 956 uit,
1541 923 1578 949 ut
1607 914 1725 949 omnis

1051 960 1218 996 hereditas
1242 962 1284 996 ad
1312 962 1420 996 filiam
1450 961 1654 1010 perveniret,
1682 972 1722 998 ut

1050 1009 1099 1044 est
1113 1009 1168 1045 lib.
1189 1010 1235 1045 11.
1262 1010 1299 1045 de
1316 1011 1460 1054 Finibus,
1479 1021 1547 1058 cap.
1572 1023 1626 1059 17.
1653 1012 1721 1047 Ve-

1052 1071 1128 1093 rum
1147 1059 1190 1093 ad
1208 1059 1415 1096 institutum.

1108 1109 1256 1142 Calenus
1313 1109 1407 1155 apud
1462 1108 1613 1144 Dionem
1664 1108 1718 1145 lib.

1049 1157 1185 1193 XLVI.
1218 1157 1289 1198 ait;
1321 1157 1378 1192 M.
1410 1158 1573 1192 Tullium
1602 1158 1722 1193 exacta

1050 1215 1152 1240 aetate
1180 1205 1350 1252 virginem
1379 1206 1524 1248 duxiffe,
1547 1207 1592 1242 ‘ira
1619 1215 1648 1243 ἐκ
1671 1213 1721 1244 τῖς

1049 1254 1129 1290 ἐνίας
1153 1256 1323 1299 satiriani
1349 1259 1470 1296 Χποτὶσκ,
1497 1263 1533 1290 u!
1559 1255 1642 1290 illius
1656 1255 1717 1301 fa-

1050 1303 1222 1338 saltatibus
1252 1304 1291 1349 se
1328 1316 1389 1338 aere
1429 1304 1527 1339 alieno
1558 1304 1719 1339 liberaret.

1052 1352 1293 1399 Qintilianus
1316 1352 1377 1388 lib.
1398 1353 1458 1387 VI.
1486 1365 1562 1399 cap.
1581 1365 1615 1396 4.
1667 1355 1720 1388 Ci-

1050 1412 1118 1434 cero
1141 1401 1387 1447 objurgantibus,
1412 1404 1490 1449 quod
1496 1401 1722 1447 sexagenarius

1052 1449 1220 1494 Popillium
1260 1451 1415 1496 virginem
1457 1449 1596 1497 duxiffet,
1639 1451 1721 1486 Cras

1049 1498 1157 1533 mulier
1186 1500 1260 1540 erit,
1294 1500 1404 1546 inquit.
1447 1499 1530 1534 Lib.
1563 1499 1646 1534 XIl.
1677 1499 1722 1534 ad

1048 1549 1126 1582 Att.
1152 1547 1247 1594 epist.
1276 1559 1333 1593 27.
1364 1548 1404 1592 [l.
1438 1548 1514 1593 32.]
1568 1547 1723 1583 Publilia

1048 1596 1257 1638 nominatur,
1283 1608 1389 1644 quam
1418 1596 1598 1631 secundam
1622 1596 1721 1631 Cice·

1049 1646 1139 1679 ronis
1159 1657 1300 1680 uxorem
1320 1645 1417 1680 fuiffe
1444 1645 1598 1680 homines
1626 1645 1719 1680 d06ti

1048 1694 1230 1728 affirmant.
1282 1696 1338 1728 De
1370 1693 1421 1728 his
1464 1694 1595 1740 nuptiis
1637 1705 1726 1729 cum·

1050 1742 1208 1776 Ciceroni
1239 1743 1305 1777 Cn.
1338 1741 1499 1777 Plancius
1528 1742 1721 1789 gratulatus

1050 1791 1141 1832 effet,
1180 1791 1302 1825 Cicero
1339 1791 1384 1825 ita
1413 1791 1585 1838 respondit
1622 1804 1665 1837 ep
1669 1791 1719 1827 ist.

1057 1853 1109 1883 14.
1139 1839 1722 1884 lib.1V.Fami1..62uod1mh1de

1051 1900 1096 1930 eo,
1123 1887 1204 1935 quod
1229 1892 1354 1934 egerim,
1385 1889 1590 1934 gmtulam's:
1617 1897 1646 1923 te
1671 1891 1720 1923 ita

1050 1937 1108 1972 vce»
1108 1937 1128 1971 'e
1150 1947 1231 1971 certo
1248 1939 1338 1983 scio.-
1358 1937 1416 1983 sed
1443 1950 1494 1983 ego
1523 1946 1589 1971 tam
1614 1939 1721 1982 misero

1051 1994 1183 2031 tempore
1213 1987 1296 2021 nioil
1322 1989 1398 2020 novi
1435 1986 1548 2028 confilii
1575 1987 1719 2033 cepistm,

1052 2037 1107 2069 niz
1147 2038 1179 2069 in
1212 2035 1317 2070 reditu
1358 2047 1422 2070 meo
1462 2035 1555 2070 nihilo
1587 2037 1723 2070 meliores

1051 2096 1102 2118 res
1129 2084 1302 2128 domesticas
1330 2097 1422 2132 quam
1450 2093 1544 2130 remp.
1580 2084 1718 2130 ‹ffendis-

1041 2133 1117 2178 scm.
1147 2133 1215 2167 &a

1100 2181 1186 2216 Nou
1216 2180 1263 2216 ita
1286 2181 1399 2216 multo
1425 2180 1501 2227 post
1529 2191 1635 2226 quam
1661 2181 1719 2215 ci.

323 2232 464 2275 stantius
488 2232 548 2275 sub
586 2234 700 2266 tutoris
724 2231 789 2275 fide
820 2229 998 2277 servabat·
992 2258 1007 2271 ‚
1050 2242 1128 2265 cero
1145 2231 1333 2265 Publiliam
1352 2230 1495 2264 duxerat
1510 2229 1631 2263 Tullia
1648 2229 1718 2264 filia

337 2280 515 2325 Xylander
546 2280 676 2315 noster:
706 2281 839 2328 Ejujque
867 2280 946 2314 bona
957 2279 1002 2322 Ji-

334 2329 382 2362 dei
404 2334 471 2374 suae
498 2328 645 2375 commffa
671 2330 774 2365 Cicero
798 2331 884 2364 heres
908 2328 949 2363 ab
967 2341 1002 2362 ea

327 2379 463 2422 scriptus
487 2377 564 2423 fier·-
559 2378 670 2418 αἰκεῖς
712 2378 910 2413 Corradus:
958 2379 1002 2412 Et

336 2428 433 2473 ejus
434 2426 598 2460 aculiates
627 2426 734 2460 Cicero
754 2425 905 2473 fieaefidei
923 2437 1002 2460 com-

335 2473 452 2521 mffzs,
483 2482 518 2509 ut
546 2475 634 2510 heres
668 2474 803 2518 relidas,
831 2474 1000 2521 servabat.

1054 2280 1147 2326 apud
1179 2280 1370 2314 Lentulum
1407 2277 1539 2324 pariens
1571 2277 1718 2319 deceffit,

1053 2339 1092 2362 ut
1126 2328 1330 2363 Plutarchus
1363 2325 1489 2361 scribit.
1548 2326 1720 2361 Alconius

1053 2388 1195 2429 quoque
1216 2379 1250 2411 in
1278 2377 1429 2419 Pisonem,
1457 2373 1562 2408 filiam
1581 2374 1718 2410 Cicero-

1054 2438 1105 2459 nis
1135 2426 1228 2471 apud
1254 2425 1293 2460 P.
1320 2423 1513 2459 Lentulum
1540 2434 1583 2457 ex
1618 2433 1718 2469 partu

1052 2473 1229 2517 decessiffe,
1280 2473 1336 2507 ait.
1398 2472 1544 2519 Propter
1586 2471 1720 2507 'lulliae
