2335 3009
511 266 562 307 30
857 245 1548 290 EPISTOLARUM

510 351 734 393 convenire.
773 350 887 388 Tum
908 348 976 386 ille
996 347 1032 385 se
1054 347 1229 386 senatum
1249 347 1405 399 negavit
1427 356 1569 386 tenere.
1614 346 1792 385 Racilius
1813 345 1899 385 sur-

511 421 626 464 rexit,
657 427 696 456 et
716 415 941 469 dejudiciis
963 413 1103 453 referre
1122 414 1259 467 coepit.
1306 413 1593 452 Marcellinum
1623 413 1785 466 quidem
1815 414 1899 466 pri-

510 498 624 525 mum
658 482 823 535 rogavit.
870 482 908 519 Is
938 494 1031 518 cum
1060 480 1229 532 graviter
1258 478 1305 516 de
1335 478 1539 517 Clodianis
1571 479 1781 525 incendiis,
1812 488 1900 517 tru-

511 549 793 592 cidationibus,
823 544 1147 599 lapidationibus,
1183 543 1339 596 questus
1373 543 1479 589 esset,
1516 544 1748 583 sententiam
1783 544 1900 589 dixit,

511 626 557 656 ut
589 615 670 668 ipse
697 613 852 667 judices
886 625 955 664 per
989 619 1195 663 praetorem
1230 610 1426 647 urbanum
1460 609 1688 654 sortiretur;
1715 609 1902 661 judicum

512 681 716 720 sortitione
736 677 850 721 faeta,
881 675 1043 714 comitia
1062 674 1298 713 haberentur
1316 689 1325 712 :
1359 674 1428 726 qui
1454 674 1605 726 judicia
1626 674 1902 727 impedivisset,

512 761 606 786 eum
626 755 762 784 contra
783 742 1070 794 rempublicam
1090 740 1164 779 effe
1183 739 1394 778 saetarum.
1435 740 1665 793 Approbata
1685 740 1795 778 valde
1817 739 1904 778 sen·

510 813 650 856 tentia,
683 810 732 847 C.
757 809 858 846 Cato
878 817 1014 844 contra
1033 806 1135 843 dixit
1154 813 1193 843 et
1224 804 1386 850 Caffius,
1418 806 1592 843 maxima
1621 805 1903 842 acclamatione

514 878 682 921 senatus,
722 887 816 913 cum
850 872 1013 912 comitia
1040 871 1205 924 judiciis
1238 870 1462 910 anteferret.
1509 871 1720 924 Philippus
1756 871 1905 909 affenfit

512 941 703 983 Lentulo.
750 939 883 978 Postea
915 936 1092 975 Racilius
1125 937 1172 974 de
1197 936 1358 989 privatis
1386 950 1449 974 me
1475 935 1651 989 primurn
1673 936 1906 974 sententiam

512 1008 679 1060 rogavit.
730 1004 866 1043 Multa
897 1001 975 1040 feci
1009 1002 1126 1040 verba
1164 1001 1211 1038 de
1246 1010 1331 1039 toto
1365 1000 1497 1039 furore
1531 1001 1819 1054 latrocinioque
1854 1000 1902 1039 P.

513 1073 677 1112 Clodii:
723 1083 830 1114 eum,
876 1077 1065 1120 tanquam
1100 1081 1226 1111 reum,
1270 1066 1446 1104 accusavi
1479 1067 1618 1104 multis
1653 1077 1692 1104 et
1726 1065 1905 1104 secundis

512 1134 943 1178 admurmurationibus
983 1133 1116 1171 cunCti
1154 1132 1322 1170 senatus.
1374 1132 1607 1169 Orationem
1648 1145 1776 1169 meam
1818 1131 1905 1169 col-

511 1203 685 1243 laudavit
705 1200 794 1238 satis
824 1198 963 1236 multis
998 1197 1141 1242 verbis,
1177 1209 1257 1234 non
1290 1195 1517 1234 mehercule
1548 1196 1746 1242 indiserte,
1781 1197 1906 1235 Vetus

513 1267 738 1310 Antistius;
770 1263 879 1316 isque
900 1262 1148 1314 judiciorum
1176 1260 1331 1298 causam
1361 1260 1544 1313 suscepit,
1575 1261 1908 1313 antiquiffimam-

511 1347 591 1387 que
625 1332 662 1370 se
695 1329 926 1368 habiturum
961 1326 1077 1364 dixit.
1129 1325 1265 1364 Ibatur
1299 1325 1340 1363 in
1374 1339 1460 1364 eam
1499 1325 1746 1364 sententiam.
1797 1327 1909 1364 Tum

515 1398 683 1438 Clodius
705 1403 861 1447 rogatus
883 1392 988 1430 diem
1009 1390 1178 1429 dicendo
1196 1392 1368 1429 eximere
1398 1392 1535 1444 coepit.
1583 1392 1755 1430 Furebat
1783 1404 1804 1428 a
1825 1392 1908 1431 Ra·-

515 1464 611 1503 cilio
631 1462 668 1501 se
687 1458 974 1500 contumaciter
995 1457 1221 1510 urbaneque
1240 1467 1439 1495 vexatum.
1487 1457 1643 1495 Deinde
1673 1459 1757 1510 ejus
1782 1471 1908 1510 opera>

518 1538 675 1583 repente
696 1541 717 1564 a
737 1523 961 1565 Graecostafi
983 1532 1021 1561 et
1041 1523 1227 1575 gradibus
1247 1523 1461 1561 clamorem
1484 1523 1571 1561 satis
1602 1536 1793 1575 magnum
1826 1523 1908 1562 sus-

517 1595 710 1638 tulerunt,
740 1592 882 1645 opinor
914 1590 954 1627 in
977 1589 1266 1641 QSextilium
1287 1598 1326 1626 et
1346 1589 1493 1627 amicos
1522 1588 1692 1627 Milonis
1721 1589 1908 1628 incitatae.

517 1663 580 1701 Eo
614 1669 723 1698 metu
758 1658 917 1710 injecto,
962 1664 1120 1708 repente
1154 1667 1296 1707 magna
1329 1654 1577 1707 querimonia
1610 1654 1793 1693 omnium
1828 1654 1909 1693 dis-

514 1727 710 1766 ceffimus.
758 1723 892 1762 Habes
927 1723 1008 1760 acta
1041 1721 1158 1759 unius
1193 1720 1285 1759 diei.
1333 1720 1518 1773 Reliqua,
1561 1729 1605 1759 ut
1640 1720 1823 1766 arbitror,
1867 1721 1910 1759 in

517 1790 691 1832 mensem
713 1789 945 1841 januarium
966 1787 1205 1839 rejicientur.
1253 1787 1315 1825 De
1346 1786 1516 1824 tribunis
1548 1786 1675 1839 plebis
1697 1786 1814 1839 longe
1834 1800 1908 1839 op-

517 1859 665 1897 timum
698 1854 901 1894 Racilium
933 1852 1139 1891 habemus.
1182 1852 1351 1890 Videtur
1381 1851 1498 1890 etiam
1533 1851 1727 1890 Antistius
1760 1851 1910 1890 amicus

520 1923 635 1964 nobis
657 1921 755 1960 fore.
802 1921 909 1959 Nam
938 1919 1121 1957 Plancius
1144 1927 1249 1957 totus
1272 1918 1398 1957 noster
1419 1918 1486 1957 est.
1533 1919 1627 1964 Fac,
1659 1918 1684 1957 fi
1707 1932 1770 1956 me
1790 1931 1910 1964 amas,

520 1998 566 2029 ut
586 1987 822 2029 considerate
842 1985 1132 2039 diligenterque
1152 1985 1309 2038 naviges
1330 1983 1377 2023 de
1397 1983 1528 2022 mense
1549 1984 1780 2024 Decembri.

836 2187 1106 2227 Mancus
1153 2187 1506 2239 Qan-nx
1553 2187 1593 2225 S.

522 2321 578 2360 11.
601 2317 687 2392 N
705 2318 742 2357 O
758 2317 800 2357 N
829 2316 1105 2370 occupatione,
1136 2329 1213 2369 qua
1243 2329 1347 2355 eram
1371 2315 1455 2354 sane
1477 2314 1707 2368 impeditusn
1740 2313 1801 2352 sed
1823 2327 1912 2368 par-

720 2384 810 2423 vula
843 2383 1100 2437 lippitudine,
1145 2382 1334 2422 adductus
1370 2382 1470 2426 sum,
1515 2390 1557 2420 ut
1592 2381 1778 2419 dictarem
1812 2381 1914 2419 hanc

518 2451 754 2506 epistolam;
785 2459 825 2490 et
859 2463 953 2496 non,
986 2460 1030 2488 ut
1061 2449 1107 2488 ad
1143 2459 1179 2488 te
1211 2449 1327 2494 soleo,
1361 2449 1439 2502 ipsc
1470 2448 1694 2487 scriberem.
1742 2448 1794 2486 Et
1829 2446 1913 2500 pri-

520 2531 637 2558 mum
658 2531 721 2557 me
743 2517 818 2557 tibi
836 2515 979 2557 excuso
999 2516 1040 2556 in
1060 2528 1107 2555 eo
1137 2514 1235 2569 ipso,
1267 2515 1309 2554 in
1338 2528 1419 2570 quo
1449 2524 1486 2554 te
1515 2513 1682 2554 accuso:
1714 2526 1777 2553 me
1806 2512 1915 2551 enim
