2335 3009
556 247 637 305 238

606 346 666 384 Ille
673 345 771 430 suque}
782 346 936 394 Gangem,
948 346 1048 393 super
1063 344 1228 381 exauditus

656 403 689 430 et
706 396 731 430 I
767 408 800 431 os

607 443 755 490 Implebit
779 451 885 480 terras
910 454 1010 486 voce;
1034 449 1067 478 et
1084 442 1228 489 furialia

658 492 739 528 bella

607 541 756 579 Fulmine
771 540 932 588 compescet
947 540 1075 589 lingue,
1098 551 1152 576 nec
1173 539 1223 575 de-

655 589 728 626 inde
742 590 897 638 relinquet

608 639 682 675 Par
696 639 785 675 decus
805 639 918 688 eloquii
940 640 1082 687 cuiquam
1096 637 1228 684 sperare

656 696 811 735 nepotum.
1047 731 1049 733 ,

608 739 666 774 M.
697 738 739 773 F.
781 735 896 772 Marci
926 735 1031 771 filius.
1090 733 1231 769 Habuit

558 786 653 822 enim
689 787 814 821 Cicero
853 784 965 820 noster
1001 793 1132 831 patrem
1173 782 1232 817 M.

561 835 740 877 Tullium,
778 834 840 882 qui
870 845 952 868 cum
979 833 1060 868 effet
1095 831 1232 866 infirma

559 883 772 925 valetudine,
798 883 832 917 in
859 881 1023 930 Arpinati
1051 880 1134 916 villa
1158 879 1228 915 fere

560 942 699 969 aetatem
723 932 794 980 egit
822 931 856 966 in
884 931 1004 973 literis,
1028 930 1082 965 lib.
1115 929 1161 965 11.
1191 928 1230 963 de

558 982 708 1028 Legibus,
739 990 808 1028 cap.
846 993 876 1015 1.
919 979 1015 1015 Eum
1043 977 1227 1013 fulloniam

560 1030 688 1072 feciffe,
723 1042 762 1065 ac
790 1028 878 1063 vites
907 1027 1065 1075 oleasque
1098 1027 1229 1073 semper

559 1079 714 1120 coluisse,
740 1079 796 1126 Q
822 1077 973 1112 Calenus
1003 1077 1036 1110 in
1067 1075 1233 1110 maledica

560 1128 727 1168 oratione,
754 1125 840 1172 apud
867 1126 1001 1160 Dionem
1018 1125 1072 1159 lib.
1092 1123 1231 1165 XLVI,

561 1176 620 1211 ait.
672 1176 810 1210 Patrem
828 1174 921 1208 hunc
940 1173 1060 1208 Cicero
1087 1171 1120 1206 in
1144 1171 1231 1219 peti-

562 1225 656 1260 tione
684 1223 894 1264 consulatus,
921 1233 1027 1256 annos
1038 1220 1112 1268 jam
1131 1231 1232 1256 natus

561 1285 673 1309 κιιιι.
703 1272 826 1315 amisit,
862 1281 902 1306 ut
930 1271 1077 1317 Asconius
1103 1269 1230 1305 scribit.

561 1322 654 1357 Vide
670 1322 755 1368 epist.
775 1321 807 1356 6.
835 1320 890 1355 lib.
910 1319 938 1355 1.
956 1318 1001 1354 ad
1015 1319 1089 1354 Au.

610 1372 665 1406 M.
694 1369 742 1406 N.
778 1368 893 1404 Marci
924 1379 1029 1415 nepos
1045 1381 1065 1421 :-
1090 1379 1170 1402 nam
1197 1377 1232 1402 et

561 1416 1234 1513 ffiztssffssulff·eissssffivfffe‘z‘zffi

563 1518 624 1558 ait,
649 1516 703 1552 lib.
724 1517 768 1552 11.
783 1515 820 1550 de
836 1515 983 1562 Legibus,
1001 1523 1070 1560 cap.
1095 1525 1126 1548 1.
1179 1513 1235 1548 De

561 1567 683 1601 eodem
700 1565 755 1600 lib.
775 1565 840 1600 III.
866 1573 933 1610 cap.
958 1563 1012 1599 16.
1043 1563 1088 1598 ita
1106 1562 1234 1605 scribit,

563 1615 611 1651 Et
629 1626 713 1649 avus
729 1613 845 1662 quidem
871 1613 967 1657 noster
986 1611 1143 1658 singulari
1162 1613 1233 1646 vir-

563 1671 632 1699 tute
659 1666 694 1699 in
721 1665 775 1698 hoc
804 1663 981 1708 municipio,
1007 1661 1109 1708 quoad
1133 1662 1232 1702 vixit,

562 1714 676 1759 restitit
694 1714 752 1748 M.
770 1709 930 1752 Gratidio,
956 1711 1043 1757 cujus
1059 1712 1094 1744 in
1120 1711 1234 1744 mam·-

562 1763 661 1797 monio
669 1762 821 1808 sororem,
846 1761 957 1794 aviam
973 1760 1114 1804 nostram,
1136 1758 1235 1794 habe-

562 1811 632 1853 bat,
661 1810 785 1856 fcrenti
815 1809 909 1856 legem
938 1808 1148 1843 tabellarium.
1202 1808 1235 1842 Is

592 1870 709 1907 uoque
724 1858 786 1902 est,
811 1858 856 1893 de
871 1868 945 1905 quo
968 1856 1084 1892 Caesar
1108 1855 1162 1892 lib.
1189 1856 1234 1892 11.

562 1872 603 1943 je
631 1909 778 1950 Oratore,
803 1919 843 1942 ca
873 1933 881 1942 .
914 1906 973 1942 66.
1022 1907 1080 1941 M.
1118 1906 1236 1949 Cicero,

565 1957 692 2005 inquit,
709 1956 816 2003 senex,
855 1956 927 2004 ujus
942 1956 1012 1990 viri
1027 1956 1149 2001 optimi,
1167 1954 1232 2001 nos-

563 2006 612 2041 tri
620 2005 810 2052 familiaris,
831 2012 940 2051 pater,
966 2004 1081 2048 nostros
1101 2004 1235 2039 homines

552 2055 672 2100 stmaeles
689 2054 741 2101 ff
759 2055 900 2099 Syrorum
917 2054 1078 2088 venalium
1093 2052 1231 2088 dicebat.-

562 2111 601 2140 ω
625 2104 750 2152 quasque
773 2105 886 2150 optime
913 2103 1022 2137 Graece
1040 2101 1153 2148 sciret,
1186 2103 1234 2136 ita

562 2153 617 2202 effe
632 2151 846 2201 nequtffimum.

613 2200 718 2238 COR.
745 2200 919 2237 Cornelia.
952 2199 1093 2236 Nomen
1109 2199 1158 2234 est
1175 2198 1234 2234 tri-

565 2252 646 2296 bus,
671 2250 814 2287 ablativi
833 2249 941 2293 casus,
959 2259 999 2284 ut
1017 2249 1069 2290 sit,
1085 2260 1128 2283 ex
1147 2250 1234 2284 Cor·

566 2301 666 2338 nelis.
718 2300 774 2336 Ex
792 2299 955 2334 tribubus
981 2306 1097 2334 sutem
1125 2309 1233 2333 xxxv.

565 2351 718 2398 aliquam
738 2348 865 2384 necesse
889 2357 974 2391 erut,
999 2345 1236 2394 cujuscunque

565 2398 697 2435 ordinis
713 2399 805 2439 esset,
830 2396 917 2432 civis
936 2398 1118 2433 Rornanus
1143 2395 1234 2432 obti-

568 2457 672 2483 neret.
710 2449 830 2493 Atque
848 2458 867 2480 a
885 2446 991 2489 tribu,
1019 2445 1053 2481 in
1071 2456 1142 2493 qua
1158 2456 1236 2480 cen·

566 2497 740 2539 sebantur,
767 2496 857 2530 cives
877 2495 979 2530 etiam
999 2493 1237 2543 significaban-

871 246 939 289 Μ.
997 247 1053 288 Τ.
1112 245 1644 288 CICERONIS

1278 353 1336 379 tur
1351 360 1361 385 ;
1380 343 1529 389 Asconius
1543 345 1577 378 in
1591 343 1757 378 Verrinam
1764 340 1947 388 secundam,

1276 402 1347 438 cap.
1382 393 1416 427 8.
1467 392 1590 427 Cicero
1617 402 1732 427 autem
1761 403 1842 426 cum
1870 391 1947 426 reli·

1280 440 1362 495 quis
1381 440 1612 488 Arpinatibus
1630 439 1663 475 in
1694 440 1786 475 tribu
1815 441 1947 475 Corne-

1277 490 1324 524 lia
1344 488 1553 532 censebatur,
1580 491 1708 531 Livius,
1733 488 1947 533 XXXVIII,

1249 556 1259 571 0
1276 547 1346 584 cap.
1366 537 1423 584 36.

1325 586 1549 622 CICERO.
1582 585 1765 620 Cicerones
1792 597 1812 620 a
1840 585 1948 621 cicere

1277 635 1468 682 appellatos
1485 633 1584 669 fuisse
1607 633 1683 669 satis
1701 633 1856 669 constat:
1884 635 1945 670 ita-

1279 696 1348 730 que
1363 683 1498 718 dietum
1514 683 1578 717 effe
1595 682 1708 725 illurn,
1734 683 1796 730 qui
1814 683 1948 731 primus

1280 732 1346 767 hoc
1364 743 1489 767 nomen
1519 731 1661 773 invenit,
1687 743 1706 766 a
1735 730 1804 767 nafi
1823 731 1947 779 figura,

1281 781 1401 816 ευὲὶοι·
1416 780 1463 815 est
1482 779 1701 816 Plutarchus.
1730 781 1843 827 Apud
1860 780 1946 816 Pris-

1280 829 1419 865 cianum
1436 841 1579 877 quoque
1595 829 1873 864 Grammaticum
1891 829 1945 865 lib.

1278 878 1324 914 11.
1345 878 1484 926 legitur,
1509 890 1603 921 eum,
1631 879 1692 925 qui
1718 878 1852 925 primus
1881 878 1947 913 hoc

1277 939 1403 964 nomen
1438 926 1573 969 habuit,
1611 927 1654 961 ab
1692 927 1812 962 habitu
1848 925 1948 962 faciei

1278 975 1496 1010 nominatum
1512 975 1587 1011 esse.
1640 975 1773 1010 Plinius
1792 987 1874 1011 vero
1891 976 1948 1011 lib.

1277 1024 1415 1059 XVIII.
1459 1032 1530 1069 cap.
1565 1035 1597 1069 3.
1642 1023 1700 1066 ait,
1743 1024 1948 1066 Fabiorum,

1281 1072 1529 1113 Lentulorum,
1572 1071 1782 1106 Ciceronum
1820 1084 1950 1119 cogno-

1280 1121 1374 1155 mina
1396 1121 1508 1167 prima
1533 1120 1610 1155 inde
1635 1121 1711 1163 esse,
1739 1130 1779 1155 ut
1804 1121 1950 1170 quisque

1280 1169 1424 1216 aliquod
1440 1169 1572 1216 optime
1588 1181 1695 1217 genus
1712 1169 1841 1206 sereret.

1286 1320 1393 1359 Anno
1402 1317 1479 1372 post
1493 1319 1643 1358 Romam
1662 1318 1838 1359 conditam
1854 1320 1948 1374 647.

1340 1389 1427 1419 ante
1448 1379 1627 1433 Chrssum
1646 1390 1773 1419 natum
1797 1394 1888 1434 103.

1427 1442 1620 1480 Consules
1648 1441 1812 1481 fuerunt

1286 1498 1355 1555 Q
1383 1503 1628 1541 Sexvums
1671 1505 1850 1550 Caemo,
1899 1504 1950 1545 C.

1368 1564 1572 1602 AT1L1us
1606 1565 1870 1604 SERRANus.

1334 1661 1404 1696 His
1433 1661 1644 1696 Consulibus
1671 1672 1748 1697 ante
1775 1662 1865 1697 diem
1894 1673 1953 1698 ιιι.

1283 1710 1406 1745 Nonas
1435 1710 1589 1755 januarii
1619 1711 1672 1745 M.
1702 1711 1826 1746 Cicero
1853 1721 1954 1747 natus

1284 1758 1342 1794 est.
1369 1759 1489 1794 Gellius
1512 1759 1562 1793 ls‘b.
1590 1759 1673 1794 XV.
1700 1769 1767 1805 cap.
1798 1762 1854 1795 28.
1883 1760 1954 1796 His

1285 1820 1429 1855 quoque
1470 1807 1693 1851 Consulibus,
1737 1809 1867 1856 quibus
1907 1809 1954 1845 L.

1284 1857 1422 1892 Craffus
1455 1857 1564 1904 legem
1598 1857 1776 1892 Serviliam
1808 1857 1957 1901 suaserit,

1286 1905 1318 1941 se
1340 1916 1458 1941 natum
1476 1906 1540 1940 effe
1559 1906 1625 1953 ipse
1640 1907 1764 1942 Cicero
1791 1907 1824 1941 in
1852 1907 1955 1942 Bruto

1281 1965 1350 2001 cap.
1368 1966 1428 2002 43.
1455 1955 1581 1990 scribit.
1627 1955 1722 1990 ldern
1754 1967 1816 1991 111.
1857 1957 1953 1992 Non.

1284 2005 1426 2050 Januar.
1447 2005 1592 2040 natalem
1614 2003 1712 2039 suum
1731 2015 1845 2046 vocat,
1871 2005 1953 2051 φξβ.

1286 2064 1318 2098 5.
1335 2053 1390 2088 lib.
1402 2054 1478 2089 Vll.
1496 2064 1528 2088 et
1545 2054 1624 2100 (μβ.
1646 2065 1703 2098 4²·
1722 2053 1775 2088 lib.
1794 2054 1958 2089 X111.ad

1288 2104 1439 2139 Atticum.
1452 2103 1569 2137 Yerba
1584 2102 1757 2137 Plutarchi
1779 2102 1845 2137 fine
1857 2103 1957 2138 causa

1285 2151 1318 2185 in
1337 2150 1486 2186 dubium
1506 2162 1698 2186 vocantur:
1719 2151 1782 2198 qui
1799 2152 1841 2186 de
1855 2152 1953 2187 Cice-

1285 2200 1376 2235 ronis
1411 2199 1512 2235 natali
1548 2199 1594 2235 ita
1623 2199 1761 2235 scribit:
1792 2206 1955 2246 τι;,ρ;ιιιῑς

1285 2254 1411 2295 Κικέρωνα
1435 2252 1542 2294 λίνω
1577 2250 1660 2294 {nica
1693 2249 1776 2287 rein
1804 2253 1856 2286 τί,
1896 2254 1956 2286 ηὸν

1285 2301 1438 2334 xant-*r
1482 2298 1516 2333 id
1541 2298 1601 2340 est,
1636 2298 1767 2335 Editus
1793 2301 1828 2333 in
1861 2299 1955 2335 luce-

1284 2347 1459 2382 ciceronem
1476 2347 1592 2393 ferunt
1617 2351 1712 2383 tertio
1734 2346 1784 2382 dle
1802 2347 1954 2383 Kalenda-

1285 2407 1357 2431 πω
1384 2407 1551 2439 novarum,
1577 2396 1659 2440 sive,
1686 2396 1762 2445 post
1778 2396 1870 2432 diem
1888 2407 1954 2432 ter-

1287 2445 1375 2480 tium
1396 2446 1630 2481 Kalendarum
1649 2445 1815 2493 Januarii.
1869 2448 1957 2499 Q¹0

1284 2506 1409 2544 genere
1427 2495 1592 2543 loquendi
1623 2507 1691 2532 non
1716 2504 1875 2543 quartus,
1904 2495 1958 2532 ned
