2241 2994
534 277 1374 319 PHILOSOPHORUM.

279 374 371 417 nisse,
397 375 442 410 L.
461 374 618 416 AEmilio,
645 374 767 428 Appio
792 373 941 408 Claudio

277 422 488 466 consulibus,
513 421 612 458 eodem
628 422 701 464 loco,
729 422 775 457 ait
791 422 922 457 Cicero.

376 565 835 602 ARCHIMEDES.

378 662 690 703 RCHIMEDES‚
726 675 767 698 ex
804 642 945 709 Syracu?

404 711 482 746 sana
522 712 608 746 urbe
641 711 774 746 summo
808 710 944 758 ingenio

277 759 348 794 fuit
376 772 414 794 ac
442 759 641 807 disciplina:
671 760 705 794 in
730 771 803 806 quo
830 769 944 794 tantus

279 808 381 843 studii
400 808 500 843 ardor
525 808 606 850 fuit,
631 818 683 851 ut,
710 809 795 842 dum
815 808 847 842 in
867 807 944 854 pul-

278 868 358 891 vere
373 858 536 903 quaedam
554 855 754 891 describeret
771 856 946 897 attentius,

281 917 323 939 ne
339 904 484 952 patriam
501 904 642 952 quidem
669 917 688 939 a
705 905 829 939 Marco
849 905 945 938 Mar-

281 953 369 988 cello
398 962 535 1000 captam
563 953 627 988 effe
655 953 808 988 senierit:
845 951 945 999 cujus

282 1002 458 1037 interitum
492 1002 651 1049 princeps
684 1002 764 1036 tulit
797 1001 945 1036 moleste.

283 1051 378 1085 Eum
407 1050 626 1092 arbitrantur,
666 1051 713 1085 ait
742 1050 876 1089 Cicero,
912 1049 948 1083 de

283 1100 366 1135 Nat.
385 1101 483 1135 Deor.
504 1099 550 1134 ΙΙ.
572 1110 626 1144 35.
659 1100 738 1146 plus
757 1098 896 1133 valuiffe
913 1100 947 1132 in

283 1148 455 1183 imitandis
485 1147 626 1195 sphaerae
655 1147 948 1188 converfionibus,

282 1209 389 1243 quam
407 1206 562 1231 naturam
581 1196 614 1231 in
631 1195 840 1236 efficiendis;
860 1207 948 1242 prae-

285 1245 396 1280 sertim
433 1256 513 1280 curn
544 1244 663 1279 multis
698 1244 853 1291 partibus
886 1243 950 1278 sint

285 1294 344 1328 illa
360 1292 520 1341 perfecta,
546 1305 653 1340 quam
683 1293 756 1327 haec
784 1293 951 1334 simulata,

282 1342 450 1377 solertius.
492 1341 541 1376 Et
569 1342 657 1387 Tusc.
690 1341 715 1375 Ι.
748 1352 804 1385 25.
858 1341 951 1375 Cum

286 1390 512 1425 Archimedes
539 1390 645 1432 lunae,
681 1389 770 1431 solis,
797 1389 953 1436 quinque

285 1440 472 1475 errantium
490 1448 605 1474 motus
629 1439 663 1473 in
690 1438 857 1486 sphaeram
887 1438 953 1472 illi-

287 1488 395 1535 gavit,
421 1487 535 1522 effecit
553 1487 654 1529 idem,
681 1487 778 1533 quod
796 1487 864 1528 ille,
891 1486 953 1533 qui

288 1538 322 1572 in
340 1538 454 1572 Timaeo
472 1536 642 1571 mundum
661 1535 858 1576 aedificavit,
876 1535 952 1569 Pla-

289 1585 378 1620 tonis
396 1585 492 1627 deus,
507 1594 547 1619 ut
564 1585 720 1619 tarditate
736 1594 770 1618 et
787 1583 955 1618 celeritate

288 1633 527 1668 diflimillimos
567 1643 681 1667 motus
716 1644 785 1667 una
829 1641 956 1679 regeret

289 1682 476 1718 conversio.
520 1681 631 1729 Qiod
650 1682 669 1716 fi
690 1681 723 1715 in
743 1681 806 1716 hoc
825 1680 957 1715 mundo

290 1731 363 1766 fieri
393 1731 460 1766 fine
492 1730 557 1765 deo
592 1742 660 1765 non
690 1730 811 1777 potest,
851 1742 892 1764 ne
923 1729 956 1763 in

291 1779 422 1827 sphaera
439 1779 580 1827 quidem
598 1778 731 1813 eosdem
753 1789 867 1814 motus
886 1779 958 1813 Ar·

290 1828 464 1864 chimedes
493 1827 560 1863 fine
584 1827 704 1862 divino
730 1826 866 1874 ingenio
896 1838 957 1874 po-

292 1876 405 1912 tuisset
435 1875 570 1911 imitari.
623 1876 716 1910 Idem
746 1876 841 1917 dicit,
869 1875 955 1920 Tusc.

292 1927 337 1961 V.
358 1936 415 1971 23.
443 1925 486 1968 se,
513 1936 593 1959 cum
622 1924 772 1970 quaestor
789 1924 880 1965 esset,
908 1923 956 1970 ig-

293 1985 452 2009 noratum
483 1985 502 2007 a
532 1972 759 2020 Syracusanis,
786 1985 866 2007 cum
895 1972 959 2007 effe

294 2022 437 2059 omnino
455 2031 627 2069 negarent,
654 2021 786 2068 septum
806 2021 960 2068 undique

293 2081 328 2107 et
361 2071 522 2106 vestitum
556 2069 720 2117 vepribus
748 2080 783 2104 et
811 2070 959 2105 dumetis

296 2120 464 2175 indagasse
509 2117 713 2166 sepulcrum.
780 2119 958 2153 Tenebam

296 2169 401 2208 enim,
428 2167 556 2220 inquit,
582 2167 749 2214 quosdam
767 2167 960 2221 senariolos,

297 2228 386 2262 quos
416 2216 451 2251 in
478 2227 551 2262 ejus
580 2226 805 2250 monumento
829 2215 918 2250 effe
912 2227 960 2249 in-

299 2265 440 2311 scriptos
470 2275 688 2311 acceperarn;
725 2264 786 2311 qui
816 2265 963 2298 declara-

301 2314 394 2354 bant,
424 2312 457 2347 in
474 2312 608 2347 summo
626 2313 780 2359 sepulcro
798 2312 963 2359 sphaeram

301 2361 444 2410 politam
457 2360 522 2395 esse
533 2372 614 2395 cum
627 2361 792 2406 cylindro.
806 2361 962 2395 Censuit:

353 2409 478 2444 Multis
496 2409 652 2456 partibus
669 2409 784 2450 solem,
803 2409 863 2456 qui
882 2409 965 2443 deus

299 2458 361 2500 est,
404 2457 566 2505 majorem
599 2457 662 2492 effe
691 2469 795 2504 quam
830 2469 963 2492 terram.

300 2507 381 2542 Luc.
402 2506 461 2553 36.

1586 292 1659 328 411

1075 420 1569 457 ARISTOXENUS.

1090 516 1140 551 RI
1152 517 1174 550 S
1185 517 1299 551 TOX
1310 517 1342 552 E
1353 518 1429 552 NU
1441 519 1476 560 S,
1503 517 1655 553 Philoso-

1117 564 1218 612 phus,
1237 574 1372 599 aetatem
1390 564 1458 600 fere
1476 565 1656 612 consump-

997 613 1036 649 sit
1066 612 1100 648 in
1138 612 1284 647 musicis.
1337 613 1479 648 Putavit
1505 614 1658 648 animum

997 661 1060 697 effe
1078 661 1309 696 harmoniam:
1331 660 1550 696 intentionem
1569 662 1660 696 enim

996 710 1099 765 ipsius
1115 708 1267 756 corporis
1286 709 1458 756 quandam
1476 710 1551 751 esse,
1564 710 1659 744 velut

996 760 1029 794 in
1055 768 1157 794 cantu
1188 768 1221 792 et
1239 757 1389 798 fidibus;
1418 757 1461 793 fic
1478 769 1519 792 ex
1537 769 1657 803 corpo-

997 807 1039 842 ris
1071 806 1176 842 totius
1205 816 1324 841 natura
1349 816 1382 840 et
1412 806 1522 853 figura
1550 806 1660 841 varios

997 865 1113 891 motus
1131 855 1223 896 cieri,
1251 865 1414 902 tanquam
1437 856 1469 889 in
1489 864 1590 889 cantu
1610 854 1657 888 lo-

996 916 1068 987 pos.
1107 904 1195 946 ‘I‘usin
1225 904 1249 937 1.
1277 914 1328 937 10.
1355 913 1388 938 et
1411 906 1463 938 18.
1491 903 1545 938 ubi
1569 903 1659 948 refel-

1007 961 1085 987 itur.

1116 1049 1150 1084 A
1167 1050 1199 1084 R
1217 1049 1228 1082 l
1247 1049 1268 1083 S
1287 1047 1319 1081 T
1337 1047 1349 1081 l
1367 1049 1393 1083 P
1411 1048 1536 1084 PUS.

1002 1146 1418 1240 ARISTIPPUS,
1444 1147 1664 1193 Cyrenaicus,

1123 1206 1202 1229 cum
1234 1195 1382 1230 Socratis
1411 1193 1537 1229 famam
1569 1207 1663 1230 corn-

1000 1242 1094 1277 muni
1114 1242 1270 1278 omnium
1288 1244 1437 1278 sermone
1454 1243 1486 1277 in
1505 1243 1576 1278 dies
1606 1255 1664 1291 ep-

1001 1291 1187 1326 crebescere
1206 1292 1345 1331 videret,
1360 1292 1512 1327 Athenas
1531 1292 1571 1325 ad
1586 1303 1665 1325 eum

1002 1339 1210 1374 audiendum
1230 1340 1402 1387 protectus
1415 1340 1473 1374 est.
1495 1340 1569 1387 Qi
1584 1351 1664 1374 cum

1004 1388 1033 1422 se
1052 1399 1164 1422 totum
1194 1390 1366 1436 voluptati
1394 1389 1544 1431 dedisset,
1571 1389 1665 1435 quasi

1003 1436 1156 1471 animum
1176 1437 1310 1472 nullum
1331 1437 1479 1479 haberet,
1506 1438 1667 1484 volupta-

1004 1494 1072 1519 tem
1091 1484 1263 1520 summum
1282 1487 1413 1521 bonum
1432 1485 1554 1532 posuit.
1607 1486 1667 1521 Ob

1003 1545 1147 1580 eamque
1164 1535 1298 1569 causam
1323 1534 1520 1581 Xenophon
1539 1534 1573 1568 in
1590 1546 1669 1568 eum

1006 1581 1133 1628 scripsit
1149 1593 1268 1617 contra
1287 1583 1512 1629 voluptatem,
1527 1594 1670 1629 eamque

1006 1631 1137 1665 Socrati
1150 1631 1413 1678 disputationem
1432 1631 1562 1665 tribuit.
1593 1631 1669 1666 Pla-

1006 1688 1043 1714 to
1060 1691 1202 1733 quoque
1220 1680 1253 1714 in
1273 1679 1361 1714 libro
1378 1679 1420 1713 de
1439 1681 1549 1714 Animo
1571 1679 1671 1714 illum

1007 1728 1174 1762 conviciis
1192 1728 1272 1775 agit.
1310 1729 1392 1763 Non
1410 1727 1562 1770 erubuit,
1590 1739 1669 1762 cum

1006 1776 1085 1811 effet
1101 1776 1131 1811 ei
1149 1758 1334 1822 objeekum,
1354 1776 1475 1811 habere
1491 1787 1570 1810 eum
1589 1776 1671 1811 Lai-

1008 1824 1075 1859 da:
1104 1824 1227 1865 Habeo,
1256 1824 1380 1872 inquit,
1417 1836 1478 1859 non
1506 1824 1622 1859 habeor
1650 1837 1672 1858 a

1006 1872 1118 1908 Laide.
1141 1874 1236 1918 Epist.
1255 1873 1369 1909 Famil.
1386 1874 1449 1908 lX.
1466 1875 1521 1908 26.
1541 1874 1673 1908 Omnes

1008 1921 1176 1968 simplices
1194 1921 1370 1957 sententias
1395 1921 1458 1968 (ait
1476 1921 1609 1958 Cicero.
1637 1921 1674 1956 de

1008 1970 1239 2017 Finib.11.13.)
1252 1970 1421 2011 eorum‚in
1436 1970 1564 2017 quibus
1579 1971 1675 2005 nulla

1010 2018 1091 2054 inest
1117 2019 1255 2054 virtutis
1283 2018 1469 2065 adjune'tim
1495 2019 1637 2054 omnino
1655 2031 1674 2053 a

1010 2067 1230 2115 Philosophia
1248 2067 1464 2102 semovendas
1478 2077 1583 2114 puto:
1605 2069 1674 2115 pri-

1011 2128 1107 2151 mum
1140 2116 1307 2164 Aristippi
1337 2116 1675 2162 Cyrenaicorumque

1010 2165 1166 2200 omnium
1193 2165 1270 2212 (qui
1298 2165 1342 2199 ab
1362 2176 1403 2199 eo
1422 2163 1497 2198 sunt
1514 2163 1674 2211 profecti)

1011 2225 1099 2260 quos
1119 2226 1185 2248 non
1202 2213 1249 2248 est
1266 2213 1426 2252 veritum,
1444 2212 1476 2246 in
1493 2224 1531 2246 ea
1548 2212 1673 2259 volup-

1014 2272 1093 2303 tate,
1120 2273 1200 2308 quae
1229 2261 1377 2296 maxima
1402 2260 1582 2294 dulcedine
1603 2260 1675 2295 sen-

1015 2310 1087 2345 sum
1131 2319 1293 2350 mov,eret
1336 2308 1508 2343 summum
1544 2309 1673 2343 bonurn

1014 2371 1150 2406 ponere,
1177 2367 1429 2393 contemnentes
1449 2356 1542 2391 istam
1561 2357 1676 2392 vacui.

1015 2417 1118 2441 tatem
1148 2407 1285 2441 doloris
1341 2406 1389 2440 Hi
1419 2417 1485 2440 non
1504 2405 1676 2448 viderunt,

1017 2465 1054 2489 ut
1073 2456 1113 2489 ad
1133 2460 1266 2489 curium
1285 2466 1427 2500 equum,
1454 2453 1495 2488 ad
1513 2455 1677 2489 arandum

1019 2506 1155 2545 bovem,
1175 2504 1214 2537 ad
1236 2503 1467 2547 indagandum
1487 2514 1616 2546 canem,
1635 2503 1678 2537 sic

1234 2552 1257 2584 1⁵
1286 2550 1303 2584 ι’
1325 2550 1343 2584 r‘
1372 2563 1385 2584 ι
