2335 3009
570 237 669 276 AD
727 231 1240 275 HERENNIUM
1301 232 1436 272 LIB.

381 332 620 382 suspicionem,
645 342 752 379 quam
779 328 976 377 hujusmodi
1000 327 1050 363 in-

382 382 523 417 tendifl'e
538 381 740 422 orationem,
766 390 849 426 quae
870 378 1052 424 redargua-

383 441 452 466 tur.
494 429 694 476 Disjunftio
723 427 783 470 est,
821 438 904 462 cum
929 437 1050 461 eorum

382 478 426 514 de
442 478 572 526 quibus
590 477 751 519 dicimus,
771 484 831 510 aut
848 485 1050 522 utrumque,

383 537 444 562 aut
470 526 762 574 unumquodque,
787 532 882 559 certo
910 523 1052 558 conclu-

382 575 479 610 ditur
494 575 615 618 verbo‚
643 575 711 609 fic:
739 573 880 619 Populus
897 575 1054 608 Romanus

383 623 595 659 Numantiam
611 622 741 664 delevit,
754 622 974 669 Carthaginem
983 619 1052 666 sus-

383 673 468 715 tulit,
505 673 689 708 Corinthum
721 671 853 718 diy'ecit,
891 669 1054 715 Fregellas

383 723 510 756 evertit.
549 721 652 756 Nihil
665 721 873 757 Numantinis
887 722 972 754 vires
987 729 1053 752 cor·

379 772 471 816 poris
485 769 649 805 auxiliatae
657 769 733 814 sunt
747 785 758 810 ·‚
784 767 868 802 nihil
881 767 1055 813 Carthagi-

386 819 523 863 nenstbus
539 818 675 863 scientia
704 820 752 852 rei
780 817 931 852 militaris
963 816 1055 862 adju-

386 875 488 902 mento
509 867 604 912 fuit;
631 866 713 901 nihil
735 865 907 901 Corinthiis
931 864 1056 899 erudita

386 916 545 951 calliditas
557 915 692 962 praesidii
708 915 783 950 tulit
797 931 807 957 ς
834 913 916 948 nibil
930 913 1056 960 Fregel-

386 965 470 1000 lanis
487 976 604 1000 morum
621 972 651 999 et
667 965 818 1011 firmanis
836 965 968 1009 fhcietas
991 963 1056 1008 opi-

386 1014 494 1050 tulata
512 1013 564 1058 est.
591 1013 692 1057 Item,
710 1014 833 1048 Formae
845 1011 983 1058 dignitas
999 1018 1058 1046 aut

387 1063 489 1099 morbo
504 1062 680 1108 deflorescit,
706 1070 763 1097 aut
786 1062 941 1106 vetustate
956 1061 1057 1095 extin-

383 1114 508 1159 guitur.
560 1111 634 1146 Hic
662 1120 863 1157 utrumque,
888 1119 923 1145 et
953 1109 986 1144 in
1005 1108 1058 1143 su-

388 1161 522 1209 periore
564 1160 726 1208 exemplo
777 1168 1060 1205 unamquamque

390 1222 475 1252 rem,
513 1218 607 1243 certo
636 1209 744 1243 verbo
773 1207 933 1242 concludi
965 1207 1059 1240 vide-

391 1271 480 1294 mus.
532 1256 744 1304 Conjunffio
765 1257 825 1298 est,
851 1268 932 1290 cum
959 1255 1059 1289 inter-

392 1306 559 1355 positione
587 1305 686 1340 verbi
712 1315 746 1340 et
774 1304 961 1352 superiores
985 1315 1060 1338 ora-

391 1355 495 1391 tionis
513 1363 624 1402 partes
648 1353 1001 1402 comprehenduntur,
1026 1361 1062 1386 et

393 1404 579 1444 inferiores,
595 1403 660 1438 hoc
673 1403 778 1438 modo
792 1416 799 1438 z
819 1403 942 1438 Formae
958 1401 1060 1448 digni-

391 1462 445 1489 tas
469 1460 529 1487 aut
555 1453 658 1487 morbo
678 1451 856 1498 deflorescit,
881 1458 938 1485 aut
956 1449 1062 1494 vetus-

392 1510 470 1538 tate.
512 1500 706 1548 Adjunffio
722 1500 783 1543 est,
801 1511 882 1535 curn
901 1499 1062 1541 verbum,

393 1563 467 1599 quo
497 1562 548 1585 res
572 1549 888 1597 comprehenditur,
916 1559 984 1583 non
1012 1547 1062 1582 in-

394 1599 622 1647 terponimus,
647 1598 702 1633 sed
727 1607 787 1633 aut
811 1597 977 1645 primum,
1005 1605 1065 1630 aut

394 1649 620 1697 postremum,
638 1647 861 1682 collocamus.
892 1646 1064 1687 Primum,

397 1699 462 1733 hoc
479 1697 605 1745 paCto:
634 1696 815 1742 Defloreffcit
831 1695 948 1741 formae
963 1695 1064 1741 digni-

397 1755 451 1782 tas
467 1753 524 1781 aut
553 1745 672 1788 morbo,
697 1753 753 1780 aut
781 1743 945 1788 vetustate.
999 1744 1063 1778 Po-

397 1795 563 1831 stremum
581 1794 626 1829 fic
641 1807 650 1829 ε
669 1794 738 1828 Aut
761 1793 875 1834 morbo,
893 1800 951 1827 aut
962 1791 1067 1837 vetus-

398 1852 478 1886 tate,
495 1843 615 1888 formae
630 1842 769 1889 dignitas
785 1841 961 1888 deflorescit.
1007 1840 1067 1875 Ad

398 1892 619 1928 festivitatem
659 1890 846 1938 disjunctio
879 1890 926 1925 est
960 1901 1068 1937 appo-

401 1943 483 1983 s1ta;
512 1953 618 1989 quare
647 1941 754 1976 rarius
784 1949 922 1975 utemur
950 1951 1001 1981 ea,
1029 1949 1070 1973 ne

400 1991 584 2026 satietatem
617 1990 750 2038 pariat:
787 1989 830 2023 ad
868 1989 1069 2023 brevitatem

401 2038 623 2086 conjunffio3
667 2050 774 2086 quare
816 2038 939 2084 saepius
975 2036 1069 2072 adhi-

404 2088 516 2124 benda
531 2088 590 2123 est.

452 2136 631 2172 xxvm.
659 2136 733 2171 Hae
752 2146 817 2171 tres
835 2134 1071 2170 exornationes

403 2186 447 2220 de
464 2185 609 2232 simplici
639 2197 760 2232 genere
777 2195 926 2220 manant.
978 2183 1072 2218 Con-

404 2233 595 2281 duplicatio
610 2234 670 2276 est,
697 2245 778 2269 cum
805 2234 933 2268 ratione
951 2232 1073 2280 ampli-

406 2282 588 2324 ficationis,
639 2292 700 2317 aut
748 2281 1073 2324 commiserationis,

406 2331 555 2378 ejusdem
586 2330 702 2373 unius,
728 2341 788 2366 aut
817 2331 972 2378 plurium
1001 2342 1076 2364 ver-

409 2382 535 2415 borum
567 2379 711 2421 iteratio,
746 2379 810 2414 hoc
842 2380 970 2415 modo:
1011 2381 1076 2413 ‘Tu-

407 2429 522 2463 multus
541 2429 577 2463 C.
590 2427 728 2462 Gracchi
744 2428 895 2463 tumultus
911 2428 1079 2472 domesticos

408 2486 440 2514 et
457 2478 613 2523 intestinos
627 2484 798 2522 comparat.
827 2477 926 2518 Item,
943 2477 1080 2512 Commo—

496 2575 565 2613 To
577 2585 631 2613 M.
664 2573 739 2613 ΙΧ.

1489 232 1564 272 IV.
1695 244 1771 285 209

1101 335 1153 363 tus
1169 339 1228 364 non
1245 339 1286 371 es,
1313 339 1380 363 cum
1405 328 1464 363 tibi
1481 335 1583 362 mater
1595 327 1686 374 pedes
1702 339 1769 361 am-

1095 377 1297 423 plexaretur,
1323 389 1383 411 non
1399 389 1428 412 es
1453 384 1612 412 commotus
1625 379 1642 412 ,Ρ
1670 377 1770 414 Item.

1101 426 1198 462 Nunc
1213 428 1306 460 etiarn
1323 426 1416 460 audes
1441 427 1475 460 in
1499 427 1608 460 horum
1636 425 1771 470 conspec-

1101 483 1168 510 tum
1195 475 1314 515 venire,
1334 474 1479 520 proditor
1501 476 1632 521 patriae,
1663 473 1770 519 prodi-

1103 530 1166 564 tor,
1193 525 1330 570 inquam,
1353 524 1485 568 patriae,
1503 525 1613 557 venire
1629 522 1722 557 audes
1738 524 1771 556 in

1103 572 1212 607 horum
1229 572 1412 618 conspeblum
1426 572 1444 605 ?
1471 571 1695 606 Vehementer
1712 582 1770 605 au-

1103 621 1249 656 ditorem
1280 629 1478 655 commovet
1493 618 1642 666 ejusdem
1661 619 1771 654 redin-

1103 669 1248 716 tegratio
1283 668 1391 710 verbi,
1429 679 1462 704 et
1497 668 1628 703 vulnus
1663 666 1772 714 majus

1103 718 1209 753 efficit
1240 717 1274 753 in
1303 717 1474 753 contrario
1503 717 1639 758 causae3
1676 717 1772 764 quasi

1105 766 1248 814 aliquod
1277 767 1385 801 telum
1404 766 1527 814 saepius
1545 765 1720 813 perveniat
1738 765 1772 799 in

1104 816 1246 850 eandem
1282 825 1412 863 partem
1447 815 1612 862 corporis.
1664 815 1772 849 Inter·

1106 864 1252 911 pretatio
1269 865 1328 906 est,
1355 876 1437 911 quae
1456 875 1524 898 non
1543 863 1665 898 iterans
1683 863 1772 897 idern

1106 913 1312 960 redintegrat
1340 913 1500 955 verbum,
1527 912 1581 946 sed
1613 912 1645 946 id
1677 923 1773 946 corn-

1107 971 1231 1004 mutat,
1258 962 1354 1009 quod
1372 962 1523 1009 positum
1541 960 1600 1002 est,
1615 959 1682 995 alio
1698 972 1775 994 ver-

1106 1011 1165 1053 bo,
1192 1011 1289 1057 quod
1307 1011 1397 1045 idem
1414 1010 1537 1052 valeat,
1565 1009 1628 1044 hoc
1644 1010 1750 1044 modo
1765 1022 1772 1042 :

1104 1060 1341 1105 Rempublicam
1367 1058 1520 1094 radicitus
1547 1058 1697 1102 evertisti,
1733 1060 1776 1091 ci-

1104 1111 1237 1143 vitatem
1245 1108 1395 1153 funditus
1411 1108 1550 1154 daey'ecisti.
1588 1108 1687 1148 Item,
1707 1107 1775 1141 Pa-

1107 1165 1186 1192 trem
1202 1158 1320 1204 nefarie
1334 1157 1517 1201 verberasti,
1525 1158 1652 1202 parenti
1668 1167 1778 1190 manus

1099 1206 1251 1253 scelerate
1267 1206 1408 1250 intulisti.
1459 1205 1602 1240 Necesse
1625 1204 1673 1239 est
1689 1203 1775 1250 ejus,

1109 1255 1171 1302 qui
1213 1254 1323 1297 audit,
1363 1254 1515 1289 animum
1549 1253 1777 1294 commoveri,

1110 1315 1191 1338 cum
1221 1304 1368 1350 gravitas
1406 1303 1528 1350 prioris
1560 1302 1642 1336 dieti
1680 1313 1776 1336 reno-

1109 1362 1211 1386 vatur
1253 1352 1529 1399 interpretatione
1577 1352 1775 1385 verborum.

1109 1401 1350 1436 Commutatio
1367 1400 1426 1442 est,
1453 1412 1534 1434 cum
1553 1400 1633 1435 duae
1651 1399 1779 1434 senten-

1111 1449 1169 1485 tiae
1189 1449 1274 1484 inter
1304 1449 1334 1483 se
1357 1448 1581 1496 discrepantes
1610 1460 1652 1483 ex
1672 1457 1779 1482 trans-

1105 1497 1255 1546 jectione
1272 1498 1318 1533 ita
1332 1497 1534 1539 efferuntur,
1561 1507 1601 1532 ut
1623 1509 1642 1531 a
1668 1497 1783 1544 priore

1113 1546 1290 1595 posterior,
1326 1546 1495 1582 contraria
1521 1545 1640 1594 priori,
1675 1545 1781 1593 profi·

1113 1596 1268 1637 ciscatur‚
1297 1596 1361 1631 hoc
1393 1596 1521 1630 modo:
1552 1596 1620 1643 Effl
1649 1601 1781 1641 oportet,

1113 1654 1148 1680 ut
1188 1647 1309 1686 vivas·,
1353 1656 1412 1679 non
1445 1646 1579 1686 vivere,
1621 1651 1657 1678 ut
1697 1642 1781 1678 edas.

1116 1695 1217 1737 Item,
1245 1696 1295 1730 Ea
1313 1705 1348 1728 re
1358 1701 1504 1740 poemata
1521 1705 1580 1728 non
1589 1693 1691 1740 facio,
1708 1694 1784 1740 quia

1116 1742 1281 1789 cujusmodi
1296 1742 1369 1777 volo
1389 1754 1448 1776 non
1458 1742 1571 1790 pqffum
1586 1758 1596 1783 ·,
1622 1741 1785 1788 cujusmodi

1112 1791 1227 1838 poffitm
1253 1790 1330 1826 nolo.
1384 1791 1482 1831 Item,
1510 1791 1591 1837 ,ἣν
1612 1789 1650 1824 de
1665 1790 1719 1824 illo
1734 1789 1784 1824 di-

1116 1849 1241 1882 cuntur,
1276 1839 1337 1874 dici
1363 1851 1423 1874 non
1447 1839 1593 1886 poffunt·‚
1629 1852 1696 1887 quae
1723 1839 1785 1874 dici

1114 1889 1244 1937 poffunt‚
1270 1901 1328 1923 nan
1345 1888 1499 1924 dicuntur.
1545 1889 1642 1930 ltem,
1669 1890 1702 1923 Si
1713 1898 1787 1934 poe-

1119 1951 1171 1974 ma
1188 1939 1308 1986 loquens
1318 1940 1447 1984 pillura
1473 1938 1534 1982 est·‚
1558 1940 1684 1984 pit‘lura
1707 1938 1786 1972 taci-

1119 1996 1185 2022 tum
1205 1998 1315 2034 poema
1334 1987 1421 2022 debet
1453 1987 1516 2035 effe.
1569 1987 1668 2029 Item,
1696 1985 1787 2033 Quia

1109 2037 1228 2081 stultus
1257 2049 1297 2078 cs,
1324 2047 1360 2070 ea
1387 2048 1420 2070 re
1448 2043 1559 2078 taces·,
1585 2047 1645 2070 non
1672 2043 1787 2076 tamen,

1119 2089 1192 2134 quia
1221 2093 1315 2128 taces,
1341 2097 1376 2120 ea
1410 2096 1445 2119 re
1465 2085 1583 2128 stultus
1611 2097 1651 2120 es.
1703 2084 1788 2119 Non

1123 2134 1232 2182 potest
1266 2135 1347 2177 dici,
1386 2133 1472 2181 quin
1508 2133 1691 2169 commode
1716 2133 1789 2176 fiat,

1122 2196 1203 2218 cum
1234 2183 1414 2218 contrariae
1445 2182 1617 2218 sententiae
1651 2182 1790 2216 transsa-

1123 2233 1227 2274 tione,
1254 2233 1358 2267 verba
1375 2244 1516 2278 quoque
1534 2239 1789 2266 convertantur.

1124 2282 1231 2317 Plura
1272 2281 1477 2326 subjecimus
1519 2279 1688 2327 exempla,
1732 2289 1793 2322 ut,

1127 2330 1292 2378 quoniam
1327 2329 1466 2365 difficile
1498 2329 1545 2363 est
1588 2328 1652 2363 hoc
1685 2339 1794 2375 genus

1126 2379 1356 2414 exornationis
1403 2378 1558 2419 inventu,
1600 2377 1795 2412 dilucidum

1127 2428 1218 2468 esset,
1232 2438 1282 2469 ut,
1295 2439 1374 2462 cum
1386 2426 1469 2461 bene
1480 2427 1557 2461 esset
1572 2426 1797 2468 intellectum,

1130 2475 1266 2511 facilius
1293 2476 1326 2510 in
1345 2475 1491 2510 dicendo
1514 2475 1733 2511 inveniretur.

1406 2571 1500 2610 Dd
