<?xml version="1.0" encoding="UTF-8"?>
<!DOCTYPE html PUBLIC "-//W3C//DTD XHTML 1.0 Transitional//EN"
    "http://www.w3.org/TR/xhtml1/DTD/xhtml1-transitional.dtd">
<html xmlns="http://www.w3.org/1999/xhtml" xml:lang="en" lang="en">
 <head>
  <title>
</title>
<meta http-equiv="Content-Type" content="text/html;charset=utf-8" />
  <meta name='ocr-system' content='tesseract 3.04.00' />
  <meta name='ocr-capabilities' content='ocr_page ocr_carea ocr_par ocr_line ocrx_word'/>
</head>
<body>
  <div class='ocr_page' id='page_1' title='image "./operacumindicibu09ciceuoft_0021.png"; bbox 0 0 2335 3009; ppageno 0'>
   <div class='ocr_carea' id='block_1_1' title="bbox 657 231 1809 290">
    <p class='ocr_par' dir='ltr' id='par_1_1' title="bbox 657 231 1809 290">
     <span class='ocr_line' id='line_1_1' title="bbox 657 231 1809 290; baseline 0.004 -19"><span class='ocrx_word' id='word_1_1' title='bbox 657 233 750 271; x_wconf 81' lang='lat' dir='ltr'>AD</span> <span class='ocrx_word' id='word_1_2' title='bbox 808 233 878 284; x_wconf 77' lang='lat' dir='ltr'>Q</span> <span class='ocrx_word' id='word_1_3' title='bbox 925 231 1289 271; x_wconf 83' lang='lat' dir='ltr'>FRATREM</span> <span class='ocrx_word' id='word_1_4' title='bbox 1347 233 1481 273; x_wconf 85' lang='lat' dir='ltr'><strong>LIB.</strong></span> <span class='ocrx_word' id='word_1_5' title='bbox 1532 235 1567 273; x_wconf 90' lang='lat'>1.</span> <span class='ocrx_word' id='word_1_6' title='bbox 1758 250 1809 290; x_wconf 83' lang='lat'>13</span> 
     </span>
    </p>
   </div>
   <div class='ocr_carea' id='block_1_2' title="bbox 411 328 1813 2542">
    <p class='ocr_par' dir='ltr' id='par_1_2' title="bbox 411 328 1813 1496">
     <span class='ocr_line' id='line_1_2' title="bbox 420 328 1810 385; baseline 0.004 -16"><span class='ocrx_word' id='word_1_7' title='bbox 420 331 527 383; x_wconf 90' lang='lat' dir='ltr'>quod</span> <span class='ocrx_word' id='word_1_8' title='bbox 546 339 584 368; x_wconf 88' lang='lat' dir='ltr'>et</span> <span class='ocrx_word' id='word_1_9' title='bbox 604 328 730 368; x_wconf 91' lang='lat' dir='ltr'>fecisti</span> <span class='ocrx_word' id='word_1_10' title='bbox 750 330 920 383; x_wconf 86' lang='lat' dir='ltr'>egregie,</span> <span class='ocrx_word' id='word_1_11' title='bbox 951 340 990 368; x_wconf 90' lang='lat' dir='ltr'>et</span> <span class='ocrx_word' id='word_1_12' title='bbox 1010 329 1122 376; x_wconf 90' lang='lat' dir='ltr'>facis,</span> <span class='ocrx_word' id='word_1_13' title='bbox 1149 341 1193 369; x_wconf 93' lang='lat' dir='ltr'>ut</span> <span class='ocrx_word' id='word_1_14' title='bbox 1214 344 1516 379; x_wconf 88' lang='lat' dir='ltr'>commemores,</span> <span class='ocrx_word' id='word_1_15' title='bbox 1538 343 1683 385; x_wconf 85' lang='lat' dir='ltr'>quanta</span> <span class='ocrx_word' id='word_1_16' title='bbox 1703 336 1747 374; x_wconf 88' lang='lat' dir='ltr'>fit</span> <span class='ocrx_word' id='word_1_17' title='bbox 1768 338 1810 374; x_wconf 87' lang='lat' dir='ltr'>in</span> 
     </span>
     <span class='ocr_line' id='line_1_3' title="bbox 419 395 1809 448; baseline 0.004 -14"><span class='ocrx_word' id='word_1_18' title='bbox 419 396 641 448; x_wconf 84' lang='lat' dir='ltr'>publicanis</span> <span class='ocrx_word' id='word_1_19' title='bbox 663 395 849 448; x_wconf 84' lang='lat' dir='ltr'>dignitas,</span> <span class='ocrx_word' id='word_1_20' title='bbox 872 406 1065 447; x_wconf 89' lang='lat' dir='ltr'>quantum</span> <span class='ocrx_word' id='word_1_21' title='bbox 1087 410 1157 434; x_wconf 89' lang='lat' dir='ltr'>nos</span> <span class='ocrx_word' id='word_1_22' title='bbox 1177 397 1239 435; x_wconf 88' lang='lat' dir='ltr'>illi</span> <span class='ocrx_word' id='word_1_23' title='bbox 1260 398 1389 435; x_wconf 89' lang='lat' dir='ltr'>ordini</span> <span class='ocrx_word' id='word_1_24' title='bbox 1411 399 1620 438; x_wconf 86' lang='lat' dir='ltr'>debeamus</span> <span class='ocrx_word' id='word_1_25' title='bbox 1639 419 1649 445; x_wconf 92' lang='lat'>;</span> <span class='ocrx_word' id='word_1_26' title='bbox 1683 411 1726 439; x_wconf 87' lang='lat' dir='ltr'>ut</span> <span class='ocrx_word' id='word_1_27' title='bbox 1747 415 1809 439; x_wconf 89' lang='lat' dir='ltr'>re-</span> 
     </span>
     <span class='ocr_line' id='line_1_4' title="bbox 419 462 1812 516; baseline 0.005 -18"><span class='ocrx_word' id='word_1_28' title='bbox 419 471 530 498; x_wconf 89' lang='lat' dir='ltr'>moto</span> <span class='ocrx_word' id='word_1_29' title='bbox 564 462 746 513; x_wconf 88' lang='lat' dir='ltr'>imperio,</span> <span class='ocrx_word' id='word_1_30' title='bbox 780 475 824 499; x_wconf 92' lang='lat' dir='ltr'>ac</span> <span class='ocrx_word' id='word_1_31' title='bbox 859 463 897 499; x_wconf 92' lang='lat' dir='ltr'>vi</span> <span class='ocrx_word' id='word_1_32' title='bbox 931 462 1130 514; x_wconf 88' lang='lat' dir='ltr'>potestatis</span> <span class='ocrx_word' id='word_1_33' title='bbox 1164 472 1203 500; x_wconf 92' lang='lat' dir='ltr'>et</span> <span class='ocrx_word' id='word_1_34' title='bbox 1236 462 1418 509; x_wconf 87' lang='lat' dir='ltr'>fascium,</span> <span class='ocrx_word' id='word_1_35' title='bbox 1449 465 1682 516; x_wconf 89' lang='lat' dir='ltr'>publicanos</span> <span class='ocrx_word' id='word_1_36' title='bbox 1717 481 1812 506; x_wconf 89' lang='lat' dir='ltr'>cum</span> 
     </span>
     <span class='ocr_line' id='line_1_5' title="bbox 420 526 1811 580; baseline 0.005 -17"><span class='ocrx_word' id='word_1_37' title='bbox 420 526 570 564; x_wconf 81' lang='lat' dir='ltr'>Graecis</span> <span class='ocrx_word' id='word_1_38' title='bbox 591 528 714 578; x_wconf 87' lang='lat' dir='ltr'>gratia</span> <span class='ocrx_word' id='word_1_39' title='bbox 734 535 850 578; x_wconf 87' lang='lat' dir='ltr'>atque</span> <span class='ocrx_word' id='word_1_40' title='bbox 877 528 1105 565; x_wconf 71' lang='lat' dir='ltr'>auctoritate</span> <span class='ocrx_word' id='word_1_41' title='bbox 1134 528 1365 580; x_wconf 89' lang='lat' dir='ltr'>conjungas.</span> <span class='ocrx_word' id='word_1_42' title='bbox 1418 529 1491 566; x_wconf 88' lang='lat' dir='ltr'>Sed</span> <span class='ocrx_word' id='word_1_43' title='bbox 1521 539 1560 567; x_wconf 89' lang='lat' dir='ltr'>et</span> <span class='ocrx_word' id='word_1_44' title='bbox 1591 531 1638 568; x_wconf 88' lang='lat' dir='ltr'>ab</span> <span class='ocrx_word' id='word_1_45' title='bbox 1668 532 1732 577; x_wconf 88' lang='lat' dir='ltr'>iis,</span> <span class='ocrx_word' id='word_1_46' title='bbox 1764 533 1811 570; x_wconf 93' lang='lat' dir='ltr'>de</span> 
     </span>
     <span class='ocr_line' id='line_1_6' title="bbox 418 591 1811 645; baseline 0.004 -17"><span class='ocrx_word' id='word_1_47' title='bbox 418 591 564 643; x_wconf 89' lang='lat' dir='ltr'>quibus</span> <span class='ocrx_word' id='word_1_48' title='bbox 585 592 737 644; x_wconf 90' lang='lat' dir='ltr'>optime</span> <span class='ocrx_word' id='word_1_49' title='bbox 758 602 800 630; x_wconf 90' lang='lat' dir='ltr'>tu</span> <span class='ocrx_word' id='word_1_50' title='bbox 827 593 990 630; x_wconf 88' lang='lat' dir='ltr'>meritus</span> <span class='ocrx_word' id='word_1_51' title='bbox 1020 606 1075 638; x_wconf 87' lang='lat' dir='ltr'>es,</span> <span class='ocrx_word' id='word_1_52' title='bbox 1105 603 1144 630; x_wconf 90' lang='lat' dir='ltr'>et</span> <span class='ocrx_word' id='word_1_53' title='bbox 1174 594 1243 645; x_wconf 88' lang='lat' dir='ltr'>qui</span> <span class='ocrx_word' id='word_1_54' title='bbox 1275 594 1349 631; x_wconf 90' lang='lat' dir='ltr'>tibi</span> <span class='ocrx_word' id='word_1_55' title='bbox 1379 594 1512 632; x_wconf 90' lang='lat' dir='ltr'>omnia</span> <span class='ocrx_word' id='word_1_56' title='bbox 1543 595 1701 641; x_wconf 86' lang='lat' dir='ltr'>debent,</span> <span class='ocrx_word' id='word_1_57' title='bbox 1733 596 1811 635; x_wconf 90' lang='lat' dir='ltr'>hoc</span> 
     </span>
     <span class='ocr_line' id='line_1_7' title="bbox 417 657 1810 712; baseline 0.004 -18"><span class='ocrx_word' id='word_1_58' title='bbox 417 666 525 708; x_wconf 86' lang='lat' dir='ltr'>petas</span> <span class='ocrx_word' id='word_1_59' title='bbox 546 676 558 702; x_wconf 84' lang='lat'>;</span> <span class='ocrx_word' id='word_1_60' title='bbox 592 667 636 695; x_wconf 90' lang='lat' dir='ltr'>ut</span> <span class='ocrx_word' id='word_1_61' title='bbox 656 657 846 695; x_wconf 82' lang='lat' dir='ltr'>facilitate</span> <span class='ocrx_word' id='word_1_62' title='bbox 866 658 945 703; x_wconf 91' lang='lat' dir='ltr'>sua,</span> <span class='ocrx_word' id='word_1_63' title='bbox 977 671 1047 696; x_wconf 89' lang='lat' dir='ltr'>nos</span> <span class='ocrx_word' id='word_1_64' title='bbox 1069 671 1153 696; x_wconf 89' lang='lat' dir='ltr'>eam</span> <span class='ocrx_word' id='word_1_65' title='bbox 1174 659 1512 705; x_wconf 84' lang='lat' dir='ltr'>neceflitudinem,</span> <span class='ocrx_word' id='word_1_66' title='bbox 1543 674 1629 712; x_wconf 81' lang='lat' dir='ltr'>quae</span> <span class='ocrx_word' id='word_1_67' title='bbox 1656 662 1709 699; x_wconf 91' lang='lat' dir='ltr'>est</span> <span class='ocrx_word' id='word_1_68' title='bbox 1737 676 1810 700; x_wconf 88' lang='lat' dir='ltr'>no-</span> 
     </span>
     <span class='ocr_line' id='line_1_8' title="bbox 418 721 1812 781; baseline 0.004 -21"><span class='ocrx_word' id='word_1_69' title='bbox 418 721 479 760; x_wconf 89' lang='lat' dir='ltr'>bis</span> <span class='ocrx_word' id='word_1_70' title='bbox 500 736 593 761; x_wconf 90' lang='lat' dir='ltr'>cum</span> <span class='ocrx_word' id='word_1_71' title='bbox 614 723 852 775; x_wconf 86' lang='lat' dir='ltr'>publicanis,</span> <span class='ocrx_word' id='word_1_72' title='bbox 875 723 1054 762; x_wconf 90' lang='lat' dir='ltr'>obtinere</span> <span class='ocrx_word' id='word_1_73' title='bbox 1074 733 1112 762; x_wconf 89' lang='lat' dir='ltr'>et</span> <span class='ocrx_word' id='word_1_74' title='bbox 1132 724 1355 762; x_wconf 88' lang='lat' dir='ltr'>conservare</span> <span class='ocrx_word' id='word_1_75' title='bbox 1376 726 1588 777; x_wconf 90' lang='lat' dir='ltr'>patiantur.</span> <span class='ocrx_word' id='word_1_76' title='bbox 1622 727 1694 765; x_wconf 90' lang='lat' dir='ltr'>Sed</span> <span class='ocrx_word' id='word_1_77' title='bbox 1715 728 1812 781; x_wconf 90' lang='lat' dir='ltr'>quid</span> 
     </span>
     <span class='ocr_line' id='line_1_9' title="bbox 417 787 1809 844; baseline 0.004 -20"><span class='ocrx_word' id='word_1_78' title='bbox 417 800 490 839; x_wconf 88' lang='lat' dir='ltr'>ego</span> <span class='ocrx_word' id='word_1_79' title='bbox 512 797 549 825; x_wconf 90' lang='lat' dir='ltr'>te</span> <span class='ocrx_word' id='word_1_80' title='bbox 569 787 652 826; x_wconf 79' lang='lat' dir='ltr'>haec</span> <span class='ocrx_word' id='word_1_81' title='bbox 673 787 831 834; x_wconf 86' lang='lat' dir='ltr'>hortor,</span> <span class='ocrx_word' id='word_1_82' title='bbox 857 802 943 841; x_wconf 88' lang='lat' dir='ltr'>quae</span> <span class='ocrx_word' id='word_1_83' title='bbox 974 798 1016 827; x_wconf 89' lang='lat' dir='ltr'>tu</span> <span class='ocrx_word' id='word_1_84' title='bbox 1047 803 1126 826; x_wconf 90' lang='lat' dir='ltr'>non</span> <span class='ocrx_word' id='word_1_85' title='bbox 1152 790 1272 827; x_wconf 90' lang='lat' dir='ltr'>modo</span> <span class='ocrx_word' id='word_1_86' title='bbox 1292 788 1419 828; x_wconf 88' lang='lat' dir='ltr'>facere</span> <span class='ocrx_word' id='word_1_87' title='bbox 1439 801 1550 843; x_wconf 90' lang='lat' dir='ltr'>potes</span> <span class='ocrx_word' id='word_1_88' title='bbox 1573 800 1638 829; x_wconf 91' lang='lat' dir='ltr'>tua</span> <span class='ocrx_word' id='word_1_89' title='bbox 1658 792 1809 844; x_wconf 85' lang='lat' dir='ltr'>sponte,</span> 
     </span>
     <span class='ocr_line' id='line_1_10' title="bbox 418 852 1810 911; baseline 0.004 -20"><span class='ocrx_word' id='word_1_90' title='bbox 418 852 503 891; x_wconf 69' lang='lat' dir='ltr'>sine</span> <span class='ocrx_word' id='word_1_91' title='bbox 526 854 759 906; x_wconf 86' lang='lat' dir='ltr'>cujusquam</span> <span class='ocrx_word' id='word_1_92' title='bbox 788 855 1009 907; x_wconf 70' lang='lat' dir='ltr'>praecepsss,</span> <span class='ocrx_word' id='word_1_93' title='bbox 1041 854 1104 892; x_wconf 93' lang='lat' dir='ltr'>sed</span> <span class='ocrx_word' id='word_1_94' title='bbox 1125 856 1243 893; x_wconf 88' lang='lat' dir='ltr'>etiam</span> <span class='ocrx_word' id='word_1_95' title='bbox 1264 869 1406 908; x_wconf 89' lang='lat' dir='ltr'>magna</span> <span class='ocrx_word' id='word_1_96' title='bbox 1419 857 1503 908; x_wconf 85' lang='lat' dir='ltr'>jam</span> <span class='ocrx_word' id='word_1_97' title='bbox 1523 870 1571 894; x_wconf 80' lang='lat' dir='ltr'>ex</span> <span class='ocrx_word' id='word_1_98' title='bbox 1592 867 1700 909; x_wconf 91' lang='lat' dir='ltr'>parte</span> <span class='ocrx_word' id='word_1_99' title='bbox 1719 872 1810 911; x_wconf 85' lang='lat' dir='ltr'>per-</span> 
     </span>
     <span class='ocr_line' id='line_1_11' title="bbox 416 918 1811 975; baseline 0.004 -19"><span class='ocrx_word' id='word_1_100' title='bbox 416 918 575 957; x_wconf 86' lang='lat' dir='ltr'>fecisti?</span> <span class='ocrx_word' id='word_1_101' title='bbox 609 921 704 959; x_wconf 88' lang='lat' dir='ltr'>Non</span> <span class='ocrx_word' id='word_1_102' title='bbox 735 921 843 958; x_wconf 86' lang='lat' dir='ltr'>enim</span> <span class='ocrx_word' id='word_1_103' title='bbox 872 920 1056 959; x_wconf 74' lang='lat' dir='ltr'>desistunt</span> <span class='ocrx_word' id='word_1_104' title='bbox 1089 921 1204 959; x_wconf 90' lang='lat' dir='ltr'>nobis</span> <span class='ocrx_word' id='word_1_105' title='bbox 1236 935 1346 973; x_wconf 89' lang='lat' dir='ltr'>agere</span> <span class='ocrx_word' id='word_1_106' title='bbox 1373 921 1552 975; x_wconf 82' lang='lat' dir='ltr'>quotidie</span> <span class='ocrx_word' id='word_1_107' title='bbox 1572 924 1713 974; x_wconf 82' lang='lat' dir='ltr'>gratias</span> <span class='ocrx_word' id='word_1_108' title='bbox 1735 924 1811 962; x_wconf 92' lang='lat' dir='ltr'>ho-</span> 
     </span>
     <span class='ocr_line' id='line_1_12' title="bbox 418 984 1812 1039; baseline 0.003 -16"><span class='ocrx_word' id='word_1_109' title='bbox 418 984 634 1024; x_wconf 85' lang='lat' dir='ltr'>nestiffimae</span> <span class='ocrx_word' id='word_1_110' title='bbox 656 995 695 1024; x_wconf 89' lang='lat' dir='ltr'>et</span> <span class='ocrx_word' id='word_1_111' title='bbox 725 987 907 1024; x_wconf 76' lang='lat' dir='ltr'>maximae</span> <span class='ocrx_word' id='word_1_112' title='bbox 938 986 1166 1025; x_wconf 85' lang='lat' dir='ltr'>societates:</span> <span class='ocrx_word' id='word_1_113' title='bbox 1199 987 1306 1039; x_wconf 88' lang='lat' dir='ltr'>quod</span> <span class='ocrx_word' id='word_1_114' title='bbox 1336 987 1499 1039; x_wconf 90' lang='lat' dir='ltr'>quidem</span> <span class='ocrx_word' id='word_1_115' title='bbox 1529 987 1633 1026; x_wconf 85' lang='lat' dir='ltr'>mihi</span> <span class='ocrx_word' id='word_1_116' title='bbox 1663 989 1812 1028; x_wconf 91' lang='lat' dir='ltr'>idcirco</span> 
     </span>
     <span class='ocr_line' id='line_1_13' title="bbox 412 1050 1813 1103; baseline 0.004 -15"><span class='ocrx_word' id='word_1_117' title='bbox 412 1050 630 1102; x_wconf 88' lang='lat' dir='ltr'>jucundius</span> <span class='ocrx_word' id='word_1_118' title='bbox 652 1051 719 1097; x_wconf 89' lang='lat' dir='ltr'>est,</span> <span class='ocrx_word' id='word_1_119' title='bbox 751 1053 857 1103; x_wconf 90' lang='lat' dir='ltr'>quod</span> <span class='ocrx_word' id='word_1_120' title='bbox 887 1052 993 1090; x_wconf 86' lang='lat' dir='ltr'>idem</span> <span class='ocrx_word' id='word_1_121' title='bbox 1023 1052 1175 1090; x_wconf 84' lang='lat' dir='ltr'>faciunt</span> <span class='ocrx_word' id='word_1_122' title='bbox 1198 1052 1343 1091; x_wconf 86' lang='lat' dir='ltr'>Graeci.</span> <span class='ocrx_word' id='word_1_123' title='bbox 1390 1053 1569 1091; x_wconf 89' lang='lat' dir='ltr'>Difficile</span> <span class='ocrx_word' id='word_1_124' title='bbox 1597 1053 1651 1092; x_wconf 92' lang='lat' dir='ltr'>est</span> <span class='ocrx_word' id='word_1_125' title='bbox 1680 1065 1813 1094; x_wconf 86' lang='lat' dir='ltr'>autem</span> 
     </span>
     <span class='ocr_line' id='line_1_14' title="bbox 418 1117 1810 1170; baseline 0.003 -17"><span class='ocrx_word' id='word_1_126' title='bbox 418 1129 475 1160; x_wconf 87' lang='lat' dir='ltr'>ea,</span> <span class='ocrx_word' id='word_1_127' title='bbox 507 1130 593 1168; x_wconf 79' lang='lat' dir='ltr'>quae</span> <span class='ocrx_word' id='word_1_128' title='bbox 628 1118 865 1162; x_wconf 88' lang='lat' dir='ltr'>commodis,</span> <span class='ocrx_word' id='word_1_129' title='bbox 897 1117 1087 1162; x_wconf 83' lang='lat' dir='ltr'>utilitate,</span> <span class='ocrx_word' id='word_1_130' title='bbox 1114 1126 1153 1156; x_wconf 91' lang='lat' dir='ltr'>et</span> <span class='ocrx_word' id='word_1_131' title='bbox 1187 1131 1310 1170; x_wconf 86' lang='lat' dir='ltr'>prope</span> <span class='ocrx_word' id='word_1_132' title='bbox 1343 1127 1493 1163; x_wconf 86' lang='lat' dir='ltr'>natura,</span> <span class='ocrx_word' id='word_1_133' title='bbox 1526 1119 1672 1157; x_wconf 87' lang='lat' dir='ltr'>diversa</span> <span class='ocrx_word' id='word_1_134' title='bbox 1706 1121 1810 1165; x_wconf 88' lang='lat' dir='ltr'>sunt,</span> 
     </span>
     <span class='ocr_line' id='line_1_15' title="bbox 418 1182 1810 1237; baseline 0.003 -18"><span class='ocrx_word' id='word_1_135' title='bbox 418 1182 622 1220; x_wconf 83' lang='lat' dir='ltr'>voluntate</span> <span class='ocrx_word' id='word_1_136' title='bbox 642 1183 895 1234; x_wconf 88' lang='lat' dir='ltr'>conjungere.</span> <span class='ocrx_word' id='word_1_137' title='bbox 941 1184 998 1220; x_wconf 94' lang='lat' dir='ltr'>At</span> <span class='ocrx_word' id='word_1_138' title='bbox 1027 1196 1070 1220; x_wconf 82' lang='lat' dir='ltr'>ea</span> <span class='ocrx_word' id='word_1_139' title='bbox 1093 1183 1271 1235; x_wconf 88' lang='lat' dir='ltr'>quidem,</span> <span class='ocrx_word' id='word_1_140' title='bbox 1303 1196 1390 1234; x_wconf 81' lang='lat' dir='ltr'>quae</span> <span class='ocrx_word' id='word_1_141' title='bbox 1412 1183 1523 1235; x_wconf 89' lang='lat' dir='ltr'>supra</span> <span class='ocrx_word' id='word_1_142' title='bbox 1544 1185 1686 1237; x_wconf 88' lang='lat' dir='ltr'>scripta</span> <span class='ocrx_word' id='word_1_143' title='bbox 1705 1186 1810 1230; x_wconf 82' lang='lat' dir='ltr'>sunt,</span> 
     </span>
     <span class='ocr_line' id='line_1_16' title="bbox 419 1247 1810 1300; baseline 0.001 -15"><span class='ocrx_word' id='word_1_144' title='bbox 419 1260 498 1285; x_wconf 91' lang='lat' dir='ltr'>non</span> <span class='ocrx_word' id='word_1_145' title='bbox 521 1256 564 1285; x_wconf 92' lang='lat' dir='ltr'>ut</span> <span class='ocrx_word' id='word_1_146' title='bbox 586 1257 623 1285; x_wconf 90' lang='lat' dir='ltr'>te</span> <span class='ocrx_word' id='word_1_147' title='bbox 643 1247 902 1291; x_wconf 89' lang='lat' dir='ltr'>instituerem,</span> <span class='ocrx_word' id='word_1_148' title='bbox 935 1247 1093 1299; x_wconf 86' lang='lat' dir='ltr'>scripfi;</span> <span class='ocrx_word' id='word_1_149' title='bbox 1129 1249 1275 1298; x_wconf 89' lang='lat' dir='ltr'>(neque</span> <span class='ocrx_word' id='word_1_150' title='bbox 1295 1248 1402 1285; x_wconf 90' lang='lat' dir='ltr'>enim</span> <span class='ocrx_word' id='word_1_151' title='bbox 1423 1249 1631 1300; x_wconf 87' lang='lat' dir='ltr'>prudentia</span> <span class='ocrx_word' id='word_1_152' title='bbox 1652 1259 1718 1288; x_wconf 92' lang='lat' dir='ltr'>tua</span> <span class='ocrx_word' id='word_1_153' title='bbox 1737 1264 1810 1289; x_wconf 63' lang='lat' dir='ltr'>cu,-</span> 
     </span>
     <span class='ocr_line' id='line_1_17' title="bbox 411 1311 1812 1365; baseline 0.003 -15"><span class='ocrx_word' id='word_1_154' title='bbox 411 1313 598 1364; x_wconf 89' lang='lat' dir='ltr'>jusquam</span> <span class='ocrx_word' id='word_1_155' title='bbox 618 1321 810 1365; x_wconf 82' lang='lat' dir='ltr'>praecepta</span> <span class='ocrx_word' id='word_1_156' title='bbox 829 1311 1033 1362; x_wconf 90' lang='lat' dir='ltr'>defiderat)</span> <span class='ocrx_word' id='word_1_157' title='bbox 1057 1311 1119 1349; x_wconf 88' lang='lat' dir='ltr'>sed</span> <span class='ocrx_word' id='word_1_158' title='bbox 1150 1325 1213 1349; x_wconf 89' lang='lat' dir='ltr'>me</span> <span class='ocrx_word' id='word_1_159' title='bbox 1234 1313 1274 1349; x_wconf 90' lang='lat' dir='ltr'>in</span> <span class='ocrx_word' id='word_1_160' title='bbox 1296 1312 1502 1351; x_wconf 85' lang='lat' dir='ltr'>scribendo</span> <span class='ocrx_word' id='word_1_161' title='bbox 1523 1327 1812 1354; x_wconf 89' lang='lat' dir='ltr'>commemora-</span> 
     </span>
     <span class='ocr_line' id='line_1_18' title="bbox 418 1376 1812 1432; baseline 0.002 -16"><span class='ocrx_word' id='word_1_162' title='bbox 418 1379 476 1416; x_wconf 87' lang='lat' dir='ltr'>tio</span> <span class='ocrx_word' id='word_1_163' title='bbox 498 1387 572 1416; x_wconf 86' lang='lat' dir='ltr'>tuae</span> <span class='ocrx_word' id='word_1_164' title='bbox 593 1379 749 1417; x_wconf 89' lang='lat' dir='ltr'>virtutis</span> <span class='ocrx_word' id='word_1_165' title='bbox 772 1378 996 1416; x_wconf 67' lang='lat' dir='ltr'>delectavit:</span> <span class='ocrx_word' id='word_1_166' title='bbox 1021 1391 1247 1430; x_wconf 85' lang='lat' dir='ltr'>quanquam</span> <span class='ocrx_word' id='word_1_167' title='bbox 1267 1378 1307 1415; x_wconf 89' lang='lat' dir='ltr'>in</span> <span class='ocrx_word' id='word_1_168' title='bbox 1329 1376 1391 1416; x_wconf 91' lang='lat' dir='ltr'>his</span> <span class='ocrx_word' id='word_1_169' title='bbox 1413 1377 1538 1417; x_wconf 88' lang='lat' dir='ltr'>literis</span> <span class='ocrx_word' id='word_1_170' title='bbox 1559 1379 1716 1432; x_wconf 86' lang='lat' dir='ltr'>longior</span> <span class='ocrx_word' id='word_1_171' title='bbox 1735 1380 1812 1427; x_wconf 82' lang='lat' dir='ltr'>fui,</span> 
     </span>
     <span class='ocr_line' id='line_1_19' title="bbox 418 1442 1408 1496; baseline -0.002 -15"><span class='ocrx_word' id='word_1_172' title='bbox 418 1456 538 1496; x_wconf 88' lang='lat' dir='ltr'>quam</span> <span class='ocrx_word' id='word_1_173' title='bbox 559 1452 625 1482; x_wconf 90' lang='lat' dir='ltr'>aut</span> <span class='ocrx_word' id='word_1_174' title='bbox 645 1443 804 1489; x_wconf 91' lang='lat' dir='ltr'>vellem,</span> <span class='ocrx_word' id='word_1_175' title='bbox 836 1452 902 1481; x_wconf 89' lang='lat' dir='ltr'>aut</span> <span class='ocrx_word' id='word_1_176' title='bbox 922 1456 1041 1495; x_wconf 85' lang='lat' dir='ltr'>quam</span> <span class='ocrx_word' id='word_1_177' title='bbox 1063 1456 1126 1481; x_wconf 88' lang='lat' dir='ltr'>me</span> <span class='ocrx_word' id='word_1_178' title='bbox 1146 1443 1280 1495; x_wconf 91' lang='lat' dir='ltr'>putavi</span> <span class='ocrx_word' id='word_1_179' title='bbox 1301 1442 1408 1482; x_wconf 63' lang='lat' dir='ltr'>fore„</span> 
     </span>
    </p>

    <p class='ocr_par' dir='ltr' id='par_1_3' title="bbox 417 1509 1813 2542">
     <span class='ocr_line' id='line_1_20' title="bbox 473 1509 1812 1562; baseline 0.003 -15"><span class='ocrx_word' id='word_1_180' title='bbox 473 1509 601 1548; x_wconf 85' lang='lat' dir='ltr'>XIII..</span> <span class='ocrx_word' id='word_1_181' title='bbox 627 1510 767 1547; x_wconf 90' lang='lat' dir='ltr'>Unum</span> <span class='ocrx_word' id='word_1_182' title='bbox 787 1509 860 1554; x_wconf 84' lang='lat' dir='ltr'>est,</span> <span class='ocrx_word' id='word_1_183' title='bbox 873 1509 980 1562; x_wconf 90' lang='lat' dir='ltr'>quod</span> <span class='ocrx_word' id='word_1_184' title='bbox 1002 1509 1076 1547; x_wconf 83' lang='lat' dir='ltr'>tibi</span> <span class='ocrx_word' id='word_1_185' title='bbox 1097 1522 1170 1562; x_wconf 89' lang='lat' dir='ltr'>ego</span> <span class='ocrx_word' id='word_1_186' title='bbox 1189 1511 1399 1562; x_wconf 85' lang='lat' dir='ltr'>praecipere</span> <span class='ocrx_word' id='word_1_187' title='bbox 1419 1524 1498 1549; x_wconf 91' lang='lat' dir='ltr'>non</span> <span class='ocrx_word' id='word_1_188' title='bbox 1521 1511 1716 1558; x_wconf 68' lang='lat' dir='ltr'>defluam,</span> <span class='ocrx_word' id='word_1_189' title='bbox 1740 1527 1812 1551; x_wconf 90' lang='lat' dir='ltr'>ne-</span> 
     </span>
     <span class='ocr_line' id='line_1_21' title="bbox 418 1575 1809 1630; baseline 0.003 -18"><span class='ocrx_word' id='word_1_190' title='bbox 418 1589 496 1628; x_wconf 89' lang='lat' dir='ltr'>que</span> <span class='ocrx_word' id='word_1_191' title='bbox 525 1584 563 1613; x_wconf 88' lang='lat' dir='ltr'>te</span> <span class='ocrx_word' id='word_1_192' title='bbox 593 1575 717 1628; x_wconf 88' lang='lat' dir='ltr'>patiar</span> <span class='ocrx_word' id='word_1_193' title='bbox 749 1576 961 1627; x_wconf 88' lang='lat' dir='ltr'>(quantum</span> <span class='ocrx_word' id='word_1_194' title='bbox 991 1576 1032 1613; x_wconf 90' lang='lat' dir='ltr'>in</span> <span class='ocrx_word' id='word_1_195' title='bbox 1064 1589 1127 1613; x_wconf 88' lang='lat' dir='ltr'>me</span> <span class='ocrx_word' id='word_1_196' title='bbox 1157 1575 1249 1626; x_wconf 87' lang='lat' dir='ltr'>erit)</span> <span class='ocrx_word' id='word_1_197' title='bbox 1273 1589 1366 1614; x_wconf 91' lang='lat' dir='ltr'>curn</span> <span class='ocrx_word' id='word_1_198' title='bbox 1393 1578 1625 1630; x_wconf 82' lang='lat' dir='ltr'>exceptione</span> <span class='ocrx_word' id='word_1_199' title='bbox 1646 1578 1809 1617; x_wconf 88' lang='lat' dir='ltr'>laudari.</span> 
     </span>
     <span class='ocr_line' id='line_1_22' title="bbox 419 1640 1810 1696; baseline 0.002 -17"><span class='ocrx_word' id='word_1_200' title='bbox 419 1641 570 1680; x_wconf 87' lang='lat' dir='ltr'>Omnes</span> <span class='ocrx_word' id='word_1_201' title='bbox 592 1641 699 1679; x_wconf 88' lang='lat' dir='ltr'>enim</span> <span class='ocrx_word' id='word_1_202' title='bbox 721 1642 789 1694; x_wconf 82' lang='lat' dir='ltr'>qui</span> <span class='ocrx_word' id='word_1_203' title='bbox 811 1640 924 1679; x_wconf 86' lang='lat' dir='ltr'>istinc</span> <span class='ocrx_word' id='word_1_204' title='bbox 944 1641 1124 1687; x_wconf 85' lang='lat' dir='ltr'>veniunt,</span> <span class='ocrx_word' id='word_1_205' title='bbox 1155 1642 1210 1679; x_wconf 91' lang='lat' dir='ltr'>ita</span> <span class='ocrx_word' id='word_1_206' title='bbox 1230 1641 1276 1680; x_wconf 91' lang='lat' dir='ltr'>de</span> <span class='ocrx_word' id='word_1_207' title='bbox 1298 1651 1364 1680; x_wconf 91' lang='lat' dir='ltr'>tua</span> <span class='ocrx_word' id='word_1_208' title='bbox 1384 1642 1543 1688; x_wconf 90' lang='lat' dir='ltr'>virtute,</span> <span class='ocrx_word' id='word_1_209' title='bbox 1569 1643 1810 1696; x_wconf 88' lang='lat' dir='ltr'>integritate,</span> 
     </span>
     <span class='ocr_line' id='line_1_23' title="bbox 417 1705 1811 1752; baseline 0.001 -6"><span class='ocrx_word' id='word_1_210' title='bbox 417 1705 678 1751; x_wconf 88' lang='lat' dir='ltr'>humanitate,</span> <span class='ocrx_word' id='word_1_211' title='bbox 710 1717 1040 1752; x_wconf 86' lang='lat' dir='ltr'>commemorant,</span> <span class='ocrx_word' id='word_1_212' title='bbox 1072 1717 1116 1745; x_wconf 93' lang='lat' dir='ltr'>ut</span> <span class='ocrx_word' id='word_1_213' title='bbox 1136 1707 1177 1745; x_wconf 91' lang='lat' dir='ltr'>in</span> <span class='ocrx_word' id='word_1_214' title='bbox 1200 1708 1278 1745; x_wconf 90' lang='lat' dir='ltr'>tuis</span> <span class='ocrx_word' id='word_1_215' title='bbox 1300 1707 1464 1746; x_wconf 90' lang='lat' dir='ltr'>summis</span> <span class='ocrx_word' id='word_1_216' title='bbox 1490 1709 1673 1747; x_wconf 85' lang='lat' dir='ltr'>laudibus</span> <span class='ocrx_word' id='word_1_217' title='bbox 1700 1711 1811 1748; x_wconf 79' lang='lat' dir='ltr'>exci-</span> 
     </span>
     <span class='ocr_line' id='line_1_24' title="bbox 418 1772 1813 1827; baseline 0.002 -17"><span class='ocrx_word' id='word_1_218' title='bbox 418 1772 528 1825; x_wconf 88' lang='lat' dir='ltr'>piant</span> <span class='ocrx_word' id='word_1_219' title='bbox 562 1786 680 1811; x_wconf 90' lang='lat' dir='ltr'>unam</span> <span class='ocrx_word' id='word_1_220' title='bbox 716 1772 958 1811; x_wconf 87' lang='lat' dir='ltr'>iracundiam</span> <span class='ocrx_word' id='word_1_221' title='bbox 978 1788 986 1810; x_wconf 92' lang='lat'>:</span> <span class='ocrx_word' id='word_1_222' title='bbox 1020 1773 1127 1825; x_wconf 89' lang='lat' dir='ltr'>quod</span> <span class='ocrx_word' id='word_1_223' title='bbox 1161 1773 1320 1818; x_wconf 87' lang='lat' dir='ltr'>vitium,</span> <span class='ocrx_word' id='word_1_224' title='bbox 1352 1788 1444 1812; x_wconf 90' lang='lat' dir='ltr'>cum</span> <span class='ocrx_word' id='word_1_225' title='bbox 1480 1775 1521 1811; x_wconf 87' lang='lat' dir='ltr'>in</span> <span class='ocrx_word' id='word_1_226' title='bbox 1555 1773 1628 1812; x_wconf 84' lang='lat' dir='ltr'>hac</span> <span class='ocrx_word' id='word_1_227' title='bbox 1663 1776 1813 1827; x_wconf 83' lang='lat' dir='ltr'>privata</span> 
     </span>
     <span class='ocr_line' id='line_1_25' title="bbox 417 1839 1812 1892; baseline 0.002 -15"><span class='ocrx_word' id='word_1_228' title='bbox 417 1839 726 1892; x_wconf 89' lang='lat' dir='ltr'>quotidianaque</span> <span class='ocrx_word' id='word_1_229' title='bbox 746 1839 840 1884; x_wconf 89' lang='lat' dir='ltr'>vita,</span> <span class='ocrx_word' id='word_1_230' title='bbox 858 1839 953 1877; x_wconf 85' lang='lat' dir='ltr'>levis</span> <span class='ocrx_word' id='word_1_231' title='bbox 975 1839 1046 1877; x_wconf 83' lang='lat' dir='ltr'>effe</span> <span class='ocrx_word' id='word_1_232' title='bbox 1067 1840 1189 1877; x_wconf 87' lang='lat' dir='ltr'>animi</span> <span class='ocrx_word' id='word_1_233' title='bbox 1211 1850 1327 1892; x_wconf 88' lang='lat' dir='ltr'>atque</span> <span class='ocrx_word' id='word_1_234' title='bbox 1347 1839 1498 1878; x_wconf 85' lang='lat' dir='ltr'>infirmi</span> <span class='ocrx_word' id='word_1_235' title='bbox 1517 1840 1700 1886; x_wconf 72' lang='lat' dir='ltr'>videtur,</span> <span class='ocrx_word' id='word_1_236' title='bbox 1724 1851 1812 1880; x_wconf 88' lang='lat' dir='ltr'>tum</span> 
     </span>
     <span class='ocr_line' id='line_1_26' title="bbox 417 1904 1813 1959; baseline 0.002 -17"><span class='ocrx_word' id='word_1_237' title='bbox 417 1918 510 1943; x_wconf 89' lang='lat' dir='ltr'>vero</span> <span class='ocrx_word' id='word_1_238' title='bbox 529 1904 633 1943; x_wconf 89' lang='lat' dir='ltr'>nihil</span> <span class='ocrx_word' id='word_1_239' title='bbox 653 1905 707 1943; x_wconf 89' lang='lat' dir='ltr'>est</span> <span class='ocrx_word' id='word_1_240' title='bbox 728 1914 806 1943; x_wconf 88' lang='lat' dir='ltr'>tam</span> <span class='ocrx_word' id='word_1_241' title='bbox 829 1904 1020 1950; x_wconf 88' lang='lat' dir='ltr'>deforme,</span> <span class='ocrx_word' id='word_1_242' title='bbox 1038 1919 1156 1957; x_wconf 92' lang='lat' dir='ltr'>quam</span> <span class='ocrx_word' id='word_1_243' title='bbox 1172 1905 1219 1943; x_wconf 92' lang='lat' dir='ltr'>ad</span> <span class='ocrx_word' id='word_1_244' title='bbox 1240 1906 1443 1944; x_wconf 87' lang='lat' dir='ltr'>summum</span> <span class='ocrx_word' id='word_1_245' title='bbox 1462 1906 1676 1959; x_wconf 88' lang='lat' dir='ltr'>imperium</span> <span class='ocrx_word' id='word_1_246' title='bbox 1692 1907 1813 1946; x_wconf 82' lang='lat' dir='ltr'>etiarn</span> 
     </span>
     <span class='ocr_line' id='line_1_27' title="bbox 417 1971 1810 2024; baseline 0.001 -15"><span class='ocrx_word' id='word_1_247' title='bbox 417 1971 671 2009; x_wconf 84' lang='lat' dir='ltr'>acerbitatem</span> <span class='ocrx_word' id='word_1_248' title='bbox 693 1981 839 2009; x_wconf 85' lang='lat' dir='ltr'>naturae</span> <span class='ocrx_word' id='word_1_249' title='bbox 859 1971 1083 2023; x_wconf 85' lang='lat' dir='ltr'>adjungere.</span> <span class='ocrx_word' id='word_1_250' title='bbox 1122 1973 1253 2022; x_wconf 85' lang='lat' dir='ltr'>Qare</span> <span class='ocrx_word' id='word_1_251' title='bbox 1273 1971 1374 2009; x_wconf 89' lang='lat' dir='ltr'>illud</span> <span class='ocrx_word' id='word_1_252' title='bbox 1396 1985 1475 2009; x_wconf 89' lang='lat' dir='ltr'>non</span> <span class='ocrx_word' id='word_1_253' title='bbox 1497 1971 1730 2024; x_wconf 71' lang='lat' dir='ltr'>suscipiam,</span> <span class='ocrx_word' id='word_1_254' title='bbox 1751 1982 1810 2017; x_wconf 88' lang='lat' dir='ltr'>ut,</span> 
     </span>
     <span class='ocr_line' id='line_1_28' title="bbox 417 2036 1812 2089; baseline 0.001 -15"><span class='ocrx_word' id='word_1_255' title='bbox 417 2050 505 2089; x_wconf 87' lang='lat' dir='ltr'>quae</span> <span class='ocrx_word' id='word_1_256' title='bbox 526 2036 573 2075; x_wconf 91' lang='lat' dir='ltr'>de</span> <span class='ocrx_word' id='word_1_257' title='bbox 593 2036 793 2075; x_wconf 88' lang='lat' dir='ltr'>iracundia</span> <span class='ocrx_word' id='word_1_258' title='bbox 813 2036 892 2074; x_wconf 91' lang='lat' dir='ltr'>dici</span> <span class='ocrx_word' id='word_1_259' title='bbox 920 2036 1044 2074; x_wconf 87' lang='lat' dir='ltr'>solent</span> <span class='ocrx_word' id='word_1_260' title='bbox 1074 2049 1094 2074; x_wconf 91' lang='lat' dir='ltr'>a</span> <span class='ocrx_word' id='word_1_261' title='bbox 1125 2036 1352 2075; x_wconf 68' lang='lat' dir='ltr'>doctiffimis</span> <span class='ocrx_word' id='word_1_262' title='bbox 1382 2036 1630 2082; x_wconf 85' lang='lat' dir='ltr'>hominibus,</span> <span class='ocrx_word' id='word_1_263' title='bbox 1662 2051 1705 2075; x_wconf 89' lang='lat' dir='ltr'>ea</span> <span class='ocrx_word' id='word_1_264' title='bbox 1737 2039 1812 2076; x_wconf 89' lang='lat' dir='ltr'>tibi</span> 
     </span>
     <span class='ocr_line' id='line_1_29' title="bbox 419 2103 1810 2156; baseline 0 -14"><span class='ocrx_word' id='word_1_265' title='bbox 419 2116 526 2142; x_wconf 90' lang='lat' dir='ltr'>nunc</span> <span class='ocrx_word' id='word_1_266' title='bbox 547 2117 758 2156; x_wconf 86' lang='lat' dir='ltr'>exponam,</span> <span class='ocrx_word' id='word_1_267' title='bbox 789 2116 882 2141; x_wconf 91' lang='lat' dir='ltr'>cum</span> <span class='ocrx_word' id='word_1_268' title='bbox 903 2113 941 2141; x_wconf 89' lang='lat' dir='ltr'>et</span> <span class='ocrx_word' id='word_1_269' title='bbox 963 2103 1080 2141; x_wconf 88' lang='lat' dir='ltr'>nimis</span> <span class='ocrx_word' id='word_1_270' title='bbox 1102 2103 1244 2155; x_wconf 87' lang='lat' dir='ltr'>longus</span> <span class='ocrx_word' id='word_1_271' title='bbox 1266 2103 1337 2142; x_wconf 82' lang='lat' dir='ltr'>effe</span> <span class='ocrx_word' id='word_1_272' title='bbox 1359 2104 1500 2149; x_wconf 91' lang='lat' dir='ltr'>nolim,</span> <span class='ocrx_word' id='word_1_273' title='bbox 1531 2113 1569 2141; x_wconf 93' lang='lat' dir='ltr'>et</span> <span class='ocrx_word' id='word_1_274' title='bbox 1590 2117 1636 2141; x_wconf 86' lang='lat' dir='ltr'>ex</span> <span class='ocrx_word' id='word_1_275' title='bbox 1658 2104 1810 2142; x_wconf 86' lang='lat' dir='ltr'>multo-</span> 
     </span>
     <span class='ocr_line' id='line_1_30' title="bbox 419 2167 1811 2221; baseline 0.001 -15"><span class='ocrx_word' id='word_1_276' title='bbox 419 2181 508 2207; x_wconf 85' lang='lat' dir='ltr'>rum</span> <span class='ocrx_word' id='word_1_277' title='bbox 529 2168 683 2221; x_wconf 87' lang='lat' dir='ltr'>scriptis</span> <span class='ocrx_word' id='word_1_278' title='bbox 704 2182 746 2206; x_wconf 87' lang='lat' dir='ltr'>ea</span> <span class='ocrx_word' id='word_1_279' title='bbox 766 2167 882 2206; x_wconf 88' lang='lat' dir='ltr'>facile</span> <span class='ocrx_word' id='word_1_280' title='bbox 897 2167 1012 2220; x_wconf 86' lang='lat' dir='ltr'>poffis</span> <span class='ocrx_word' id='word_1_281' title='bbox 1029 2168 1276 2220; x_wconf 85' lang='lat' dir='ltr'>cognoscere.</span> <span class='ocrx_word' id='word_1_282' title='bbox 1310 2168 1432 2214; x_wconf 92' lang='lat' dir='ltr'>Illud,</span> <span class='ocrx_word' id='word_1_283' title='bbox 1450 2169 1557 2220; x_wconf 91' lang='lat' dir='ltr'>quod</span> <span class='ocrx_word' id='word_1_284' title='bbox 1572 2168 1626 2206; x_wconf 90' lang='lat' dir='ltr'>est</span> <span class='ocrx_word' id='word_1_285' title='bbox 1641 2169 1811 2221; x_wconf 82' lang='lat' dir='ltr'>epistolae</span> 
     </span>
     <span class='ocr_line' id='line_1_31' title="bbox 419 2234 1809 2286; baseline 0 -14"><span class='ocrx_word' id='word_1_286' title='bbox 419 2234 639 2286; x_wconf 86' lang='lat' dir='ltr'>proprium,</span> <span class='ocrx_word' id='word_1_287' title='bbox 669 2243 713 2272; x_wconf 89' lang='lat' dir='ltr'>ut</span> <span class='ocrx_word' id='word_1_288' title='bbox 734 2235 781 2279; x_wconf 90' lang='lat' dir='ltr'>is,</span> <span class='ocrx_word' id='word_1_289' title='bbox 804 2234 850 2271; x_wconf 87' lang='lat' dir='ltr'>ad</span> <span class='ocrx_word' id='word_1_290' title='bbox 871 2247 991 2286; x_wconf 90' lang='lat' dir='ltr'>quem</span> <span class='ocrx_word' id='word_1_291' title='bbox 1014 2234 1211 2279; x_wconf 84' lang='lat' dir='ltr'>scribitur,</span> <span class='ocrx_word' id='word_1_292' title='bbox 1235 2234 1281 2272; x_wconf 90' lang='lat' dir='ltr'>de</span> <span class='ocrx_word' id='word_1_293' title='bbox 1302 2235 1349 2272; x_wconf 89' lang='lat' dir='ltr'>iis</span> <span class='ocrx_word' id='word_1_294' title='bbox 1370 2235 1501 2280; x_wconf 88' lang='lat' dir='ltr'>rebus,</span> <span class='ocrx_word' id='word_1_295' title='bbox 1524 2247 1618 2286; x_wconf 89' lang='lat' dir='ltr'>quas</span> <span class='ocrx_word' id='word_1_296' title='bbox 1639 2235 1809 2286; x_wconf 86' lang='lat' dir='ltr'>ignorat,</span> 
     </span>
     <span class='ocr_line' id='line_1_32' title="bbox 420 2299 1811 2352; baseline 0.002 -16"><span class='ocrx_word' id='word_1_297' title='bbox 420 2299 563 2337; x_wconf 88' lang='lat' dir='ltr'>certior</span> <span class='ocrx_word' id='word_1_298' title='bbox 582 2299 663 2345; x_wconf 88' lang='lat' dir='ltr'>fiat,</span> <span class='ocrx_word' id='word_1_299' title='bbox 690 2299 1072 2352; x_wconf 86' lang='lat' dir='ltr'>praetermittendum</span> <span class='ocrx_word' id='word_1_300' title='bbox 1093 2299 1165 2338; x_wconf 84' lang='lat' dir='ltr'>effe</span> <span class='ocrx_word' id='word_1_301' title='bbox 1186 2313 1263 2338; x_wconf 90' lang='lat' dir='ltr'>non</span> <span class='ocrx_word' id='word_1_302' title='bbox 1287 2310 1400 2352; x_wconf 90' lang='lat' dir='ltr'>puto.</span> <span class='ocrx_word' id='word_1_303' title='bbox 1433 2300 1495 2337; x_wconf 92' lang='lat' dir='ltr'>Sic</span> <span class='ocrx_word' id='word_1_304' title='bbox 1516 2299 1562 2336; x_wconf 88' lang='lat' dir='ltr'>ad</span> <span class='ocrx_word' id='word_1_305' title='bbox 1584 2313 1654 2337; x_wconf 90' lang='lat' dir='ltr'>nos</span> <span class='ocrx_word' id='word_1_306' title='bbox 1675 2313 1811 2339; x_wconf 90' lang='lat' dir='ltr'>omnes</span> 
     </span>
     <span class='ocr_line' id='line_1_33' title="bbox 421 2363 1810 2417; baseline 0.002 -16"><span class='ocrx_word' id='word_1_307' title='bbox 421 2363 501 2402; x_wconf 85' lang='lat' dir='ltr'>fere</span> <span class='ocrx_word' id='word_1_308' title='bbox 521 2363 716 2410; x_wconf 88' lang='lat' dir='ltr'>deferunt,</span> <span class='ocrx_word' id='word_1_309' title='bbox 749 2365 866 2410; x_wconf 87' lang='lat' dir='ltr'>nihil,</span> <span class='ocrx_word' id='word_1_310' title='bbox 899 2379 991 2403; x_wconf 91' lang='lat' dir='ltr'>cum</span> <span class='ocrx_word' id='word_1_311' title='bbox 1014 2366 1110 2404; x_wconf 83' lang='lat' dir='ltr'>abfit</span> <span class='ocrx_word' id='word_1_312' title='bbox 1130 2366 1345 2410; x_wconf 87' lang='lat' dir='ltr'>iracundia,</span> <span class='ocrx_word' id='word_1_313' title='bbox 1379 2375 1416 2403; x_wconf 90' lang='lat' dir='ltr'>te</span> <span class='ocrx_word' id='word_1_314' title='bbox 1437 2364 1520 2403; x_wconf 87' lang='lat' dir='ltr'>fieri</span> <span class='ocrx_word' id='word_1_315' title='bbox 1542 2365 1644 2417; x_wconf 84' lang='lat' dir='ltr'>poffe</span> <span class='ocrx_word' id='word_1_316' title='bbox 1659 2367 1810 2417; x_wconf 87' lang='lat' dir='ltr'>jucun-</span> 
     </span>
     <span class='ocr_line' id='line_1_34' title="bbox 420 2428 1810 2484; baseline 0.001 -18"><span class='ocrx_word' id='word_1_317' title='bbox 420 2429 528 2467; x_wconf 89' lang='lat' dir='ltr'>dius:</span> <span class='ocrx_word' id='word_1_318' title='bbox 549 2428 610 2466; x_wconf 87' lang='lat' dir='ltr'>sed</span> <span class='ocrx_word' id='word_1_319' title='bbox 627 2443 719 2468; x_wconf 92' lang='lat' dir='ltr'>cum</span> <span class='ocrx_word' id='word_1_320' title='bbox 736 2440 772 2468; x_wconf 91' lang='lat' dir='ltr'>te</span> <span class='ocrx_word' id='word_1_321' title='bbox 789 2431 954 2483; x_wconf 87' lang='lat' dir='ltr'>alicujus</span> <span class='ocrx_word' id='word_1_322' title='bbox 971 2431 1204 2484; x_wconf 86' lang='lat' dir='ltr'>improbitas</span> <span class='ocrx_word' id='word_1_323' title='bbox 1221 2431 1520 2484; x_wconf 77' lang='lat' dir='ltr'>perversitasque</span> <span class='ocrx_word' id='word_1_324' title='bbox 1535 2433 1810 2477; x_wconf 88' lang='lat' dir='ltr'>commoverit,</span> 
     </span>
     <span class='ocr_line' id='line_1_35' title="bbox 420 2486 1810 2542; baseline 0.001 -7"><span class='ocrx_word' id='word_1_325' title='bbox 420 2495 471 2535; x_wconf 86' lang='lat' dir='ltr'>fic</span> <span class='ocrx_word' id='word_1_326' title='bbox 493 2505 529 2534; x_wconf 91' lang='lat' dir='ltr'>te</span> <span class='ocrx_word' id='word_1_327' title='bbox 551 2495 683 2533; x_wconf 82' lang='lat' dir='ltr'>animo</span> <span class='ocrx_word' id='word_1_328' title='bbox 702 2496 874 2542; x_wconf 84' lang='lat' dir='ltr'>incitari,</span> <span class='ocrx_word' id='word_1_329' title='bbox 894 2506 936 2535; x_wconf 90' lang='lat' dir='ltr'>ut</span> <span class='ocrx_word' id='word_1_330' title='bbox 957 2497 1004 2536; x_wconf 87' lang='lat' dir='ltr'>ab</span> <span class='ocrx_word' id='word_1_331' title='bbox 1026 2497 1212 2537; x_wconf 82' lang='lat' dir='ltr'>omnibus</span> <span class='ocrx_word' id='word_1_332' title='bbox 1235 2507 1300 2538; x_wconf 87' lang='lat' dir='ltr'>tua</span> <span class='ocrx_word' id='word_1_333' title='bbox 1316 2486 1549 2537; x_wconf 76' lang='lat' dir='ltr'>desideretur</span> <span class='ocrx_word' id='word_1_334' title='bbox 1568 2495 1810 2536; x_wconf 60' lang='lat' dir='ltr'>humanitas»</span> 
     </span>
    </p>
   </div>
  </div>
 </body>
</html>
