2241 2994
509 199 585 254 398

547 345 1137 382 THEOPHRASTUS.

622 440 1066 486 HEVOPHRASTUS
1088 442 1177 478 divi-

637 494 741 529 nitate
756 492 921 540 loquendi
941 503 1065 527 nornen
1083 491 1176 527 inve-

510 543 573 585 nit,
600 543 712 578 multa
726 542 818 577 enim
835 541 956 577 diserte
972 541 1178 588 copioseque

509 592 598 627 dixit
613 606 621 627 :
649 592 703 626 vir
719 601 753 626 et
769 591 922 626 oratione
938 589 1064 631 suavis,
1079 599 1114 623 et
1132 589 1179 624 ita

509 641 721 683 moderatus,
747 650 786 675 ut
815 652 887 688 prae
908 639 939 674 se
968 638 1176 686 probitatem

510 691 686 738 quandam
718 699 753 724 et
786 688 1032 735 ingenuitatem
1063 684 1176 721 ferret.

511 739 693 775 Institutus
723 738 767 772 ab
785 736 968 773 Aristotele
991 736 1109 770 locum
1131 735 1175 770 ci-

510 789 629 830 vilem,
655 799 761 834 quem
790 792 923 822 πολιτικὸν
950 784 1111 826 dicimus,
1138 783 1178 819 il-

512 836 682 877 lustravit,
705 845 739 870 et
756 835 798 870 de
816 833 1071 881 magistratibus
1089 833 1180 868 mul-

512 896 548 921 ta
564 884 725 933 quaesivit
741 883 913 919 subtilius.
945 882 1092 918 Athenis
1105 883 1180 917 vix-

514 935 551 970 it.
595 934 700 970 Unde
723 945 804 968 cum
830 932 1111 980 percunctaretur
1138 943 1181 965 ex

513 983 650 1019 anicula
682 981 851 1030 quadam,
889 980 1012 1028 quanti
1049 979 1182 1027 aliquid

514 1033 686 1074 venderet,
712 1040 746 1066 et
764 1029 983 1078 respondiffet
1000 1029 1058 1063 illa
1078 1040 1182 1075 atque

512 1082 666 1117 dixisset:
695 1079 824 1126 Hospes,
856 1090 915 1113 non
935 1085 1010 1124 pote
1032 1079 1181 1118 minoris,

512 1131 596 1167 tulit
617 1130 672 1165 ille
699 1128 850 1170 moleste,
877 1127 908 1162 se
936 1139 1004 1162 non
1031 1125 1184 1173 effugere

514 1178 656 1227 hospitis
665 1177 822 1226 speciem,
841 1188 923 1211 cum
937 1175 1085 1211 Athenis
1102 1185 1182 1210 aeta-

514 1239 584 1264 tem
603 1237 730 1275 ageret,
752 1227 953 1274 optimeque
971 1225 1181 1271 loqueretur.

514 1278 571 1313 De
589 1277 685 1312 libris
701 1274 774 1323 ejus
793 1275 837 1310 sic
855 1273 1065 1322 accepimus.
1110 1272 1184 1308 Pri·

515 1338 615 1362 mum
633 1325 793 1361 tractavit
818 1324 914 1359 locos
939 1323 983 1357 ab
999 1322 1185 1358 Aristotele

515 1386 592 1411 ante
621 1375 794 1410 tractatos.
837 1371 1006 1420 Stirpium
1034 1381 1185 1412 naturas,

514 1424 745 1471 omniumque
757 1421 827 1457 fere
845 1433 970 1462 rerum,
987 1432 1069 1468 quae
1082 1432 1101 1455 e
1118 1430 1183 1455 ter-

517 1486 553 1509 ra
570 1474 804 1521 gignerentur,
823 1470 938 1505 causas
964 1480 1068 1517 atque
1083 1469 1182 1504 ratio-

517 1535 574 1559 nes
594 1521 787 1569 persecutus
803 1519 876 1560 est,
905 1530 976 1566 qua
999 1530 1040 1553 ex
1065 1518 1185 1565 cogni-

516 1573 609 1608 tione
625 1570 760 1606 facilior
782 1567 873 1603 faeta
898 1569 946 1602 est
973 1567 1188 1614 investigatio

518 1633 631 1656 rerum
648 1618 965 1654 occultiffimarum.
1010 1617 1066 1650 De
1092 1617 1189 1650 beata

518 1671 591 1705 vita
606 1669 736 1704 librum
751 1665 894 1714 scripsit,
919 1675 953 1700 et
978 1665 1020 1700 de
1043 1665 1188 1706 divitiis,

519 1720 553 1754 in
573 1730 645 1766 quo
664 1716 775 1752 multa
800 1715 990 1763 praeclare3
1018 1714 1105 1748 illud
1129 1714 1188 1748 ab·

518 1768 628 1804 surde.
668 1765 728 1801 Est
741 1764 833 1800 enim
845 1764 978 1799 multus
995 1763 1029 1798 in
1045 1763 1186 1798 laudan-

517 1818 562 1853 da
576 1815 829 1863 magnificentia
841 1823 875 1848 et
889 1812 1110 1860 apparatione
1124 1824 1188 1860 po-

517 1866 694 1915 pularium
737 1874 946 1904 munerum,
995 1861 1190 1908 taliumque

519 1916 722 1962 sumptuum
765 1911 987 1954 facultatem,
1034 1909 1189 1945 frufkum

519 1964 720 2000 divitiarum
738 1970 859 2009 putat:
889 1960 976 1995 reete
994 1959 1132 1995 laudata
1143 1959 1191 1994 est

519 2011 743 2060 hospitalitas.
784 2011 947 2045 Ceterum
974 2018 1118 2043 vexatus
1144 2007 1191 2042 est

520 2073 554 2097 et
582 2060 677 2096 libris
699 2070 733 2095 et
761 2058 882 2093 scholis
902 2057 1061 2093 omnium
1081 2056 1192 2105 philo-

522 2110 721 2158 sophorum,
739 2107 835 2155 quod
855 2107 888 2142 in
907 2105 1113 2142 Callisthene
1131 2105 1191 2141 suo

523 2158 669 2196 laudarit
700 2158 792 2192 illam
825 2156 1045 2191 sententiam:
1083 2157 1190 2189 Vitam

521 2212 602 2255 regit
612 2209 762 2254 fortuna,
789 2219 846 2240 non
861 2206 1027 2251 sapientia.
1071 2204 1190 2239 Callis-

522 2259 639 2294 thenes
661 2266 776 2290 autem
800 2254 848 2289 illi
872 2253 993 2290 sodalis
1009 2264 1101 2288 erat:
1130 2265 1190 2288 cu-

516 2307 573 2355 jus
622 2305 797 2341 inu-ritum
845 2303 1049 2351 deplorans,
1091 2303 1193 2338 rebus

522 2354 710 2392 Alexandri
725 2353 893 2401 prosperis
905 2353 1104 2399 angebatur.
1129 2353 1191 2386 lta-

523 2417 592 2453 que
619 2403 755 2439 dicebat
774 2402 1014 2438 eallffthcnem
1043 2401 1192 2436 incidisse

524 2455 559 2490 in
578 2453 750 2490 hominem
770 2452 900 2487 summa
914 2450 1080 2500 potentia,
1103 2450 1192 2486 sum-

866 200 970 238 DE
1035 197 1539 238 DOCTRINA

1227 306 1351 342 maque
1365 293 1516 337 fortuna,
1531 294 1585 329 sed
1603 294 1759 341 ignarum
1774 304 1896 340 quem-

1227 344 1416 379 admodum
1437 344 1538 378 rebus
1564 341 1718 378 secundis
1745 343 1793 376 uti
1813 353 1895 377 con·

1227 393 1369 428 veniret.
1415 393 1454 428 ln
1477 405 1518 428 eo
1539 392 1642 427 etiam
1662 390 1897 427 inconstantiae

1229 451 1380 483 notatur,
1407 442 1503 488 quod
1523 443 1628 476 modo
1643 441 1748 475 menti
1767 439 1896 474 tribue-

1228 500 1278 526 ret
1311 490 1472 525 divinum
1503 490 1760 537 principatum-,
1791 488 1898 523 modo

1227 539 1343 580 ccelo·,
1371 549 1447 573 tum
1466 549 1580 573 autem
1598 538 1700 585 signis
1719 535 1896 572 sideribus-

1227 599 1296 634 que
1313 587 1524 622 coelestibus.
1564 587 1612 621 Et
1636 598 1717 621 cum
1735 585 1900 620 statuisset

1228 636 1381 678 verbera,
1409 645 1592 676 tormenta,
1622 635 1808 676 cruciatus,
1839 645 1899 681 pa-

1229 685 1304 719 triae
1337 684 1537 727 eversiones,
1569 683 1684 725 exilia,
1721 682 1899 723 orbitates,

1229 745 1391 780 magnam
1405 733 1477 768 vim
1497 733 1619 768 habere
1637 732 1679 767 ad
1697 732 1786 767 male
1803 730 1900 767 mise-

1231 793 1336 829 reque
1370 781 1575 824 vivendum,
1610 794 1679 817 non
1713 780 1761 816 est
1800 779 1900 815 ausus

1229 831 1315 866 elate
1324 840 1358 865 et
1372 831 1485 877 ample
1498 831 1610 878 loqui,
1627 842 1709 866 cum
1725 828 1902 865 humiliter

1230 879 1438 927 demisseque
1461 880 1606 915 sentiret.
1661 880 1783 927 Qam
1802 878 1902 919 bene,

1231 940 1299 964 non
1319 929 1510 976 quaeritur;
1542 928 1733 965 constanter
1757 926 1901 974 quidem

1232 986 1341 1018 certe,
1393 979 1440 1012 ait
1497 976 1632 1012 Cicero.
1692 975 1902 1011 Tauriscum

1232 1025 1407 1073 quendam
1440 1025 1530 1061 dixit
1563 1026 1712 1061 actorem
1747 1024 1902 1060 aversum

1232 1074 1370 1109 solitum
1388 1075 1453 1110 effe
1469 1075 1594 1117 dicere,
1620 1074 1682 1122 qui
1706 1074 1740 1109 in
1756 1073 1902 1121 agendo,

1232 1133 1400 1159 contuens
1445 1123 1596 1171 aliquid,
1652 1122 1902 1171 pronuntiaret.

1233 1172 1395 1208 Tandem
1427 1174 1574 1208 moriens
1605 1172 1770 1208 accusaffe
1804 1181 1904 1207 natu-

1234 1233 1306 1256 ram
1329 1221 1470 1264 dicitur,
1495 1222 1593 1269 quod
1614 1222 1724 1257 cervis
1740 1231 1774 1257 et
1791 1221 1905 1256 corni·

1234 1271 1334 1306 cibus
1361 1270 1470 1306 vitam
1500 1270 1714 1312 diuturnam,
1750 1281 1905 1318 quorum

1235 1319 1269 1354 id
1281 1319 1366 1355 nihil
1381 1319 1568 1361 interesset·,
1587 1319 1801 1362 hominibus,
1814 1330 1905 1366 quo-

1235 1380 1313 1403 rum
1335 1368 1484 1404 maxime
1501 1367 1715 1411 interfuisset,
1745 1379 1816 1404 tam
1833 1367 1904 1403 exi-

1234 1429 1339 1464 guam
1366 1416 1473 1452 vitam
1495 1417 1659 1459 dediffet;
1693 1429 1846 1465 quorum
1880 1417 1904 1451 sl

1235 1477 1318 1502 aetas
1336 1466 1497 1514 potuiffet
1512 1467 1577 1502 effe
1595 1466 1831 1514 longinquior,
1848 1464 1906 1500 fu-

1236 1526 1354 1551 turum
1373 1514 1484 1558 fuisse,
1511 1525 1563 1557 ut,
1589 1516 1753 1551 omnibus
1774 1513 1906 1562 perfec-

1238 1565 1281 1600 tis
1308 1564 1452 1607 artibus,
1484 1563 1579 1600 omni
1609 1564 1765 1600 doetrina
1796 1563 1907 1599 homi-

1239 1626 1322 1648 num
1342 1614 1413 1648 vita
1428 1614 1631 1648 erudiretur.
1684 1613 1910 1662 Qerebatur

1240 1662 1346 1710 igitur
1364 1661 1394 1697 se
1409 1672 1497 1705 tum,
1528 1674 1608 1698 cum
1628 1662 1685 1698 illa
1702 1662 1817 1697 videre
1834 1673 1907 1697 coe·

1240 1712 1350 1759 pisset,
1375 1711 1544 1759 extingui.
1594 1710 1716 1759 Hujus
1746 1711 1824 1746 sunt
1853 1710 1907 1746 hae

1239 1760 1434 1796 sententiae:

1287 1810 1366 1845 Effe
1383 1809 1547 1857 quaedam
1565 1820 1598 1844 et
1616 1809 1770 1857 corporis
1787 1817 1821 1844 et
1838 1806 1908 1843 for-

1239 1869 1335 1894 tunae
1349 1860 1450 1901 mala,
1471 1859 1503 1893 in
1522 1859 1652 1905 quibus
1666 1858 1829 1894 omnibus
1845 1856 1908 1904 qui

1243 1908 1294 1949 sit,
1322 1908 1460 1944 beatum
1479 1918 1593 1943 tamen
1618 1906 1705 1950 fore,
1732 1907 1756 1942 si
1781 1906 1910 1954 sapiens

1242 1957 1293 1992 sit.
1329 1957 1409 1993 Luc.
1429 1969 1487 2003 43.

1292 2006 1385 2040 Cum
1412 2005 1565 2048 fortuna,
1595 2004 1726 2046 dolore,
1754 2003 1910 2039 cruciatu

1242 2054 1396 2107 corporis
1412 2056 1545 2090 beatam
1563 2054 1670 2089 vitam
1690 2054 1787 2088 nullo
1806 2054 1912 2088 modo

1241 2104 1406 2151 conjungi
1424 2104 1526 2151 posse.
1558 2103 1594 2138 de
1613 2102 1716 2138 Fimb.
1738 2104 1780 2137 V.
1804 2104 1859 2137 26.

1294 2154 1331 2187 ln
1356 2153 1424 2187 sola
1442 2153 1570 2187 virtute
1593 2163 1660 2186 non
1678 2152 1742 2186 elle
1761 2151 1911 2199 positum

1243 2202 1339 2237 beate
1358 2202 1483 2238 vivere.
1528 2201 1627 2238 Acad.
1649 2201 1674 2235 1.
1695 2214 1728 2247 9.
1757 2211 1790 2236 et
1807 2201 1842 2236 de
1857 2201 1910 2236 Fi-

1243 2251 1306 2286 m'b.
1327 2252 1370 2286 V.
1393 2264 1425 2296 5.

1292 2300 1510 2341 Orationem,
1533 2311 1615 2346 qua:
1631 2298 1773 2345 quidem
1794 2298 1831 2333 lit
1850 2309 1912 2345 po-

1244 2349 1302 2384 lita
1319 2359 1423 2396 atque
1438 2348 1526 2383 sicia
1539 2347 1813 2396 quodammodo,
1842 2358 1911 2381 non

1243 2398 1387 2440 astricle,
1423 2398 1475 2433 sed
1508 2399 1670 2433 remissius
1699 2395 1912 2431 numerosam

1242 2449 1306 2484 effe
1339 2458 1510 2496 oportere.
1555 2447 1592 2482 de
1626 2450 1723 2483 orat.
1755 2445 1817 2481 111.
1853 2447 1912 2487 48.
