<?xml version="1.0" encoding="UTF-8"?>
<!DOCTYPE html PUBLIC "-//W3C//DTD XHTML 1.0 Transitional//EN"
    "http://www.w3.org/TR/xhtml1/DTD/xhtml1-transitional.dtd">
<html xmlns="http://www.w3.org/1999/xhtml" xml:lang="en" lang="en">
 <head>
  <title>
</title>
<meta http-equiv="Content-Type" content="text/html;charset=utf-8" />
  <meta name='ocr-system' content='tesseract 3.04.00' />
  <meta name='ocr-capabilities' content='ocr_page ocr_carea ocr_par ocr_line ocrx_word'/>
</head>
<body>
  <div class='ocr_page' id='page_1' title='image "./operacumindicibu09ciceuoft_0381.png"; bbox 0 0 2241 2994; ppageno 0'>
   <div class='ocr_carea' id='block_1_1' title="bbox 982 293 1212 348">
    <p class='ocr_par' dir='ltr' id='par_1_1' title="bbox 982 293 1212 348">
     <span class='ocr_line' id='line_1_1' title="bbox 982 293 1212 348; baseline -0.004 -2"><span class='ocrx_word' id='word_1_1' title='bbox 982 293 1212 348; x_wconf 85' lang='lat'>(373)</span> 
     </span>
    </p>
   </div>
   <div class='ocr_carea' id='block_1_2' title="bbox 408 541 1792 619">
    <p class='ocr_par' dir='ltr' id='par_1_2' title="bbox 408 541 1792 619">
     <span class='ocr_line' id='line_1_2' title="bbox 408 541 1792 619; baseline 0.004 -20"><span class='ocrx_word' id='word_1_2' title='bbox 408 541 1150 602; x_wconf 88' lang='lat' dir='ltr'>DESIDERIUS</span> <span class='ocrx_word' id='word_1_3' title='bbox 1234 542 1792 619; x_wconf 87' lang='lat' dir='ltr'>JACOTIUS·</span> 
     </span>
    </p>
   </div>
   <div class='ocr_carea' id='block_1_3' title="bbox 645 776 1553 825">
    <p class='ocr_par' dir='ltr' id='par_1_3' title="bbox 645 776 1553 825">
     <span class='ocr_line' id='line_1_3' title="bbox 645 776 1553 825; baseline 0.006 -4"><span class='ocrx_word' id='word_1_4' title='bbox 645 776 1553 825; x_wconf 89' lang='lat' dir='ltr'>VANDOPERANUS</span> 
     </span>
    </p>
   </div>
   <div class='ocr_carea' id='block_1_4' title="bbox 855 1043 1330 1124">
    <p class='ocr_par' dir='ltr' id='par_1_4' title="bbox 855 1043 1330 1124">
     <span class='ocr_line' id='line_1_4' title="bbox 855 1043 1330 1124; baseline 0.008 -5"><span class='ocrx_word' id='word_1_5' title='bbox 855 1043 1165 1121; x_wconf 64' lang='lat' dir='ltr'>Lectori</span> <span class='ocrx_word' id='word_1_6' title='bbox 1259 1048 1330 1124; x_wconf 90' lang='lat' dir='ltr'>S.</span> 
     </span>
    </p>
   </div>
   <div class='ocr_carea' id='block_1_5' title="bbox 403 1260 1788 2560">
    <p class='ocr_par' dir='ltr' id='par_1_5' title="bbox 523 1260 1787 1319">
     <span class='ocr_line' id='line_1_5' title="bbox 523 1260 1787 1319; baseline 0.004 -18"><span class='ocrx_word' id='word_1_7' title='bbox 523 1262 630 1301; x_wconf 93' lang='lat' dir='ltr'>UM</span> <span class='ocrx_word' id='word_1_8' title='bbox 668 1260 931 1315; x_wconf 81' lang='lat' dir='ltr'>philosophici</span> <span class='ocrx_word' id='word_1_9' title='bbox 970 1264 1155 1303; x_wconf 91' lang='lat' dir='ltr'>curriculi</span> <span class='ocrx_word' id='word_1_10' title='bbox 1191 1273 1348 1318; x_wconf 88' lang='lat' dir='ltr'>tempus</span> <span class='ocrx_word' id='word_1_11' title='bbox 1388 1279 1488 1319; x_wconf 87' lang='lat' dir='ltr'>pene</span> <span class='ocrx_word' id='word_1_12' title='bbox 1525 1267 1787 1314; x_wconf 73' lang='lat' dir='ltr'>absolvissem,</span> 
     </span>
    </p>

    <p class='ocr_par' dir='ltr' id='par_1_6' title="bbox 403 1335 1788 2560">
     <span class='ocr_line' id='line_1_6' title="bbox 537 1335 1787 1391; baseline 0.006 -19"><span class='ocrx_word' id='word_1_13' title='bbox 537 1335 642 1388; x_wconf 81' lang='lat' dir='ltr'>quali</span> <span class='ocrx_word' id='word_1_14' title='bbox 672 1335 719 1374; x_wconf 93' lang='lat' dir='ltr'>de</span> <span class='ocrx_word' id='word_1_15' title='bbox 748 1336 810 1374; x_wconf 91' lang='lat' dir='ltr'>via</span> <span class='ocrx_word' id='word_1_16' title='bbox 839 1335 952 1374; x_wconf 81' lang='lat' dir='ltr'>fessus</span> <span class='ocrx_word' id='word_1_17' title='bbox 984 1337 1032 1375; x_wconf 89' lang='lat' dir='ltr'>ad</span> <span class='ocrx_word' id='word_1_18' title='bbox 1067 1338 1318 1384; x_wconf 86' lang='lat' dir='ltr'>Ciceronem,</span> <span class='ocrx_word' id='word_1_19' title='bbox 1358 1348 1545 1391; x_wconf 87' lang='lat' dir='ltr'>tanquam</span> <span class='ocrx_word' id='word_1_20' title='bbox 1579 1341 1618 1378; x_wconf 92' lang='lat' dir='ltr'>in</span> <span class='ocrx_word' id='word_1_21' title='bbox 1652 1342 1787 1381; x_wconf 90' lang='lat' dir='ltr'>locum</span> 
     </span>
     <span class='ocr_line' id='line_1_7' title="bbox 405 1409 1786 1466; baseline 0.004 -19"><span class='ocrx_word' id='word_1_22' title='bbox 405 1409 604 1462; x_wconf 86' lang='lat' dir='ltr'><strong>quendam</strong></span> <span class='ocrx_word' id='word_1_23' title='bbox 642 1422 859 1454; x_wconf 66' lang='lat' dir='ltr'>amoenum,</span> <span class='ocrx_word' id='word_1_24' title='bbox 889 1409 1086 1449; x_wconf 84' lang='lat' dir='ltr'>relaxandi</span> <span class='ocrx_word' id='word_1_25' title='bbox 1122 1411 1242 1449; x_wconf 89' lang='lat' dir='ltr'>animi</span> <span class='ocrx_word' id='word_1_26' title='bbox 1277 1412 1388 1450; x_wconf 87' lang='lat' dir='ltr'>causa</span> <span class='ocrx_word' id='word_1_27' title='bbox 1418 1412 1518 1451; x_wconf 87' lang='lat' dir='ltr'>mihi</span> <span class='ocrx_word' id='word_1_28' title='bbox 1549 1413 1786 1466; x_wconf 88' lang='lat' dir='ltr'>confugien-</span> 
     </span>
     <span class='ocr_line' id='line_1_8' title="bbox 404 1482 1788 1540; baseline 0.004 -20"><span class='ocrx_word' id='word_1_29' title='bbox 404 1483 501 1521; x_wconf 90' lang='lat' dir='ltr'>dum</span> <span class='ocrx_word' id='word_1_30' title='bbox 528 1482 676 1536; x_wconf 89' lang='lat' dir='ltr'>putavi.</span> <span class='ocrx_word' id='word_1_31' title='bbox 735 1483 817 1534; x_wconf 85' lang='lat' dir='ltr'>Qi</span> <span class='ocrx_word' id='word_1_32' title='bbox 848 1483 956 1521; x_wconf 88' lang='lat' dir='ltr'>enim</span> <span class='ocrx_word' id='word_1_33' title='bbox 985 1484 1032 1522; x_wconf 87' lang='lat' dir='ltr'>ab</span> <span class='ocrx_word' id='word_1_34' title='bbox 1061 1497 1108 1522; x_wconf 92' lang='lat' dir='ltr'>eo</span> <span class='ocrx_word' id='word_1_35' title='bbox 1137 1485 1185 1522; x_wconf 89' lang='lat' dir='ltr'>de</span> <span class='ocrx_word' id='word_1_36' title='bbox 1215 1483 1465 1538; x_wconf 87' lang='lat' dir='ltr'>Philosophia</span> <span class='ocrx_word' id='word_1_37' title='bbox 1495 1495 1535 1525; x_wconf 90' lang='lat' dir='ltr'>et</span> <span class='ocrx_word' id='word_1_38' title='bbox 1564 1487 1788 1540; x_wconf 86' lang='lat' dir='ltr'>eloquentia</span> 
     </span>
     <span class='ocr_line' id='line_1_9' title="bbox 404 1556 1787 1610; baseline 0.004 -17"><span class='ocrx_word' id='word_1_39' title='bbox 404 1556 496 1594; x_wconf 89' lang='lat' dir='ltr'>libri</span> <span class='ocrx_word' id='word_1_40' title='bbox 526 1557 627 1594; x_wconf 86' lang='lat' dir='ltr'>varie</span> <span class='ocrx_word' id='word_1_41' title='bbox 660 1556 891 1608; x_wconf 85' lang='lat' dir='ltr'>copioseque</span> <span class='ocrx_word' id='word_1_42' title='bbox 925 1557 1126 1610; x_wconf 86' lang='lat' dir='ltr'>perscripti</span> <span class='ocrx_word' id='word_1_43' title='bbox 1159 1558 1263 1603; x_wconf 89' lang='lat' dir='ltr'>sunt,</span> <span class='ocrx_word' id='word_1_44' title='bbox 1294 1572 1373 1596; x_wconf 92' lang='lat' dir='ltr'>non</span> <span class='ocrx_word' id='word_1_45' title='bbox 1406 1558 1532 1598; x_wconf 91' lang='lat' dir='ltr'>solum</span> <span class='ocrx_word' id='word_1_46' title='bbox 1567 1560 1787 1598; x_wconf 89' lang='lat' dir='ltr'>admirabili</span> 
     </span>
     <span class='ocr_line' id='line_1_10' title="bbox 403 1629 1786 1685; baseline 0.003 -18"><span class='ocrx_word' id='word_1_47' title='bbox 403 1629 573 1682; x_wconf 90' lang='lat' dir='ltr'>quadam</span> <span class='ocrx_word' id='word_1_48' title='bbox 593 1629 765 1673; x_wconf 88' lang='lat' dir='ltr'>scientia,</span> <span class='ocrx_word' id='word_1_49' title='bbox 796 1629 859 1667; x_wconf 89' lang='lat' dir='ltr'>sed</span> <span class='ocrx_word' id='word_1_50' title='bbox 879 1630 996 1668; x_wconf 87' lang='lat' dir='ltr'>etiam</span> <span class='ocrx_word' id='word_1_51' title='bbox 1017 1630 1202 1670; x_wconf 87' lang='lat' dir='ltr'>suavitate</span> <span class='ocrx_word' id='word_1_52' title='bbox 1223 1631 1378 1670; x_wconf 90' lang='lat' dir='ltr'>dicendi</span> <span class='ocrx_word' id='word_1_53' title='bbox 1407 1641 1446 1670; x_wconf 91' lang='lat' dir='ltr'>et</span> <span class='ocrx_word' id='word_1_54' title='bbox 1476 1633 1588 1685; x_wconf 89' lang='lat' dir='ltr'>copia</span> <span class='ocrx_word' id='word_1_55' title='bbox 1617 1633 1786 1685; x_wconf 88' lang='lat' dir='ltr'>legenti-</span> 
     </span>
     <span class='ocr_line' id='line_1_11' title="bbox 403 1703 1786 1759; baseline 0.002 -17"><span class='ocrx_word' id='word_1_56' title='bbox 403 1717 473 1742; x_wconf 88' lang='lat' dir='ltr'>um</span> <span class='ocrx_word' id='word_1_57' title='bbox 494 1704 548 1741; x_wconf 91' lang='lat' dir='ltr'>ita</span> <span class='ocrx_word' id='word_1_58' title='bbox 568 1712 727 1741; x_wconf 89' lang='lat' dir='ltr'>movent</span> <span class='ocrx_word' id='word_1_59' title='bbox 748 1703 912 1748; x_wconf 67' lang='lat' dir='ltr'>animm,</span> <span class='ocrx_word' id='word_1_60' title='bbox 945 1713 988 1741; x_wconf 92' lang='lat' dir='ltr'>ut</span> <span class='ocrx_word' id='word_1_61' title='bbox 1008 1704 1077 1756; x_wconf 90' lang='lat' dir='ltr'>qui</span> <span class='ocrx_word' id='word_1_62' title='bbox 1104 1717 1169 1742; x_wconf 89' lang='lat' dir='ltr'>eos</span> <span class='ocrx_word' id='word_1_63' title='bbox 1197 1705 1235 1742; x_wconf 91' lang='lat' dir='ltr'>in</span> <span class='ocrx_word' id='word_1_64' title='bbox 1254 1717 1392 1743; x_wconf 88' lang='lat' dir='ltr'>manus</span> <span class='ocrx_word' id='word_1_65' title='bbox 1414 1705 1631 1758; x_wconf 87' lang='lat' dir='ltr'>sumpserit,</span> <span class='ocrx_word' id='word_1_66' title='bbox 1663 1707 1786 1759; x_wconf 89' lang='lat' dir='ltr'>depo-</span> 
     </span>
     <span class='ocr_line' id='line_1_12' title="bbox 403 1776 1786 1829; baseline 0.004 -16"><span class='ocrx_word' id='word_1_67' title='bbox 403 1789 494 1814; x_wconf 89' lang='lat' dir='ltr'>nere</span> <span class='ocrx_word' id='word_1_68' title='bbox 529 1789 732 1828; x_wconf 90' lang='lat' dir='ltr'>nunquam</span> <span class='ocrx_word' id='word_1_69' title='bbox 762 1776 869 1814; x_wconf 86' lang='lat' dir='ltr'>velit.</span> <span class='ocrx_word' id='word_1_70' title='bbox 926 1777 1019 1814; x_wconf 92' lang='lat' dir='ltr'>Hoc</span> <span class='ocrx_word' id='word_1_71' title='bbox 1052 1790 1175 1814; x_wconf 90' lang='lat' dir='ltr'>unum</span> <span class='ocrx_word' id='word_1_72' title='bbox 1206 1777 1354 1829; x_wconf 88' lang='lat' dir='ltr'>negotii</span> <span class='ocrx_word' id='word_1_73' title='bbox 1389 1778 1569 1817; x_wconf 90' lang='lat' dir='ltr'>nonnihil</span> <span class='ocrx_word' id='word_1_74' title='bbox 1603 1779 1786 1818; x_wconf 89' lang='lat' dir='ltr'>exhibere</span> 
     </span>
     <span class='ocr_line' id='line_1_13' title="bbox 405 1848 1785 1904; baseline 0.003 -17"><span class='ocrx_word' id='word_1_75' title='bbox 405 1848 513 1893; x_wconf 90' lang='lat' dir='ltr'>solet,</span> <span class='ocrx_word' id='word_1_76' title='bbox 545 1849 651 1901; x_wconf 92' lang='lat' dir='ltr'>quod</span> <span class='ocrx_word' id='word_1_77' title='bbox 679 1862 771 1886; x_wconf 91' lang='lat' dir='ltr'>cum</span> <span class='ocrx_word' id='word_1_78' title='bbox 800 1862 984 1901; x_wconf 85' lang='lat' dir='ltr'>magnam</span> <span class='ocrx_word' id='word_1_79' title='bbox 1012 1858 1163 1901; x_wconf 89' lang='lat' dir='ltr'>partem</span> <span class='ocrx_word' id='word_1_80' title='bbox 1197 1850 1236 1887; x_wconf 90' lang='lat' dir='ltr'>in</span> <span class='ocrx_word' id='word_1_81' title='bbox 1267 1863 1404 1888; x_wconf 89' lang='lat' dir='ltr'>eorum</span> <span class='ocrx_word' id='word_1_82' title='bbox 1438 1851 1785 1904; x_wconf 84' lang='lat' dir='ltr'>Philosophorum,</span> 
     </span>
     <span class='ocr_line' id='line_1_14' title="bbox 405 1921 1784 1976; baseline 0.003 -16"><span class='ocrx_word' id='word_1_83' title='bbox 405 1923 472 1974; x_wconf 92' lang='lat' dir='ltr'>qui</span> <span class='ocrx_word' id='word_1_84' title='bbox 494 1931 577 1960; x_wconf 89' lang='lat' dir='ltr'>tum</span> <span class='ocrx_word' id='word_1_85' title='bbox 601 1921 806 1966; x_wconf 88' lang='lat' dir='ltr'>florebant,</span> <span class='ocrx_word' id='word_1_86' title='bbox 842 1921 1040 1959; x_wconf 86' lang='lat' dir='ltr'>sententiis</span> <span class='ocrx_word' id='word_1_87' title='bbox 1063 1931 1100 1960; x_wconf 91' lang='lat' dir='ltr'>et</span> <span class='ocrx_word' id='word_1_88' title='bbox 1119 1923 1322 1975; x_wconf 87' lang='lat' dir='ltr'>praeceptis</span> <span class='ocrx_word' id='word_1_89' title='bbox 1341 1924 1581 1976; x_wconf 86' lang='lat' dir='ltr'>explicandis</span> <span class='ocrx_word' id='word_1_90' title='bbox 1603 1925 1648 1963; x_wconf 92' lang='lat' dir='ltr'>s1t</span> <span class='ocrx_word' id='word_1_91' title='bbox 1667 1939 1784 1964; x_wconf 92' lang='lat' dir='ltr'>occu-</span> 
     </span>
     <span class='ocr_line' id='line_1_15' title="bbox 405 1995 1784 2049; baseline 0.003 -16"><span class='ocrx_word' id='word_1_92' title='bbox 405 2005 533 2048; x_wconf 75' lang='lat' dir='ltr'>patu5‚</span> <span class='ocrx_word' id='word_1_93' title='bbox 564 1995 657 2033; x_wconf 88' lang='lat' dir='ltr'>libri</span> <span class='ocrx_word' id='word_1_94' title='bbox 690 2006 821 2033; x_wconf 87' lang='lat' dir='ltr'>autem</span> <span class='ocrx_word' id='word_1_95' title='bbox 852 2009 930 2033; x_wconf 90' lang='lat' dir='ltr'>non</span> <span class='ocrx_word' id='word_1_96' title='bbox 965 1995 1128 2039; x_wconf 88' lang='lat' dir='ltr'>exstent,</span> <span class='ocrx_word' id='word_1_97' title='bbox 1159 2008 1207 2032; x_wconf 84' lang='lat' dir='ltr'>ex</span> <span class='ocrx_word' id='word_1_98' title='bbox 1238 1995 1397 2047; x_wconf 80' lang='lat' dir='ltr'>quibus,</span> <span class='ocrx_word' id='word_1_99' title='bbox 1427 1997 1522 2049; x_wconf 91' lang='lat' dir='ltr'>quid</span> <span class='ocrx_word' id='word_1_100' title='bbox 1553 1998 1784 2044; x_wconf 89' lang='lat' dir='ltr'>censuerint,</span> 
     </span>
     <span class='ocr_line' id='line_1_16' title="bbox 404 2067 1783 2121; baseline 0.002 -15"><span class='ocrx_word' id='word_1_101' title='bbox 404 2068 590 2121; x_wconf 88' lang='lat' dir='ltr'>poffimus</span> <span class='ocrx_word' id='word_1_102' title='bbox 611 2068 857 2121; x_wconf 86' lang='lat' dir='ltr'>cognoscere,</span> <span class='ocrx_word' id='word_1_103' title='bbox 891 2067 1061 2106; x_wconf 84' lang='lat' dir='ltr'>haefitare</span> <span class='ocrx_word' id='word_1_104' title='bbox 1085 2068 1316 2121; x_wconf 87' lang='lat' dir='ltr'>plerumque</span> <span class='ocrx_word' id='word_1_105' title='bbox 1338 2078 1377 2108; x_wconf 86' lang='lat' dir='ltr'>et</span> <span class='ocrx_word' id='word_1_106' title='bbox 1402 2070 1579 2109; x_wconf 90' lang='lat' dir='ltr'>dubitare</span> <span class='ocrx_word' id='word_1_107' title='bbox 1604 2071 1783 2116; x_wconf 85' lang='lat' dir='ltr'>solemus,</span> 
     </span>
     <span class='ocr_line' id='line_1_17' title="bbox 405 2141 1783 2196; baseline 0.001 -17"><span class='ocrx_word' id='word_1_108' title='bbox 405 2142 586 2180; x_wconf 86' lang='lat' dir='ltr'>nonnulli</span> <span class='ocrx_word' id='word_1_109' title='bbox 615 2143 731 2180; x_wconf 89' lang='lat' dir='ltr'>etiam</span> <span class='ocrx_word' id='word_1_110' title='bbox 761 2155 808 2179; x_wconf 88' lang='lat' dir='ltr'>ex</span> <span class='ocrx_word' id='word_1_111' title='bbox 830 2141 994 2179; x_wconf 85' lang='lat' dir='ltr'>Platone</span> <span class='ocrx_word' id='word_1_112' title='bbox 1022 2150 1087 2179; x_wconf 89' lang='lat' dir='ltr'>aut</span> <span class='ocrx_word' id='word_1_113' title='bbox 1114 2141 1323 2180; x_wconf 89' lang='lat' dir='ltr'>Aristotele</span> <span class='ocrx_word' id='word_1_114' title='bbox 1357 2142 1590 2196; x_wconf 88' lang='lat' dir='ltr'>depromere</span> <span class='ocrx_word' id='word_1_115' title='bbox 1621 2144 1783 2195; x_wconf 90' lang='lat' dir='ltr'>aliquid,</span> 
     </span>
     <span class='ocr_line' id='line_1_18' title="bbox 404 2214 1783 2267; baseline 0.001 -15"><span class='ocrx_word' id='word_1_116' title='bbox 404 2228 630 2267; x_wconf 80' lang='lat' dir='ltr'>quanquam</span> <span class='ocrx_word' id='word_1_117' title='bbox 653 2214 838 2259; x_wconf 89' lang='lat' dir='ltr'>alienum,</span> <span class='ocrx_word' id='word_1_118' title='bbox 871 2214 976 2266; x_wconf 89' lang='lat' dir='ltr'>quod</span> <span class='ocrx_word' id='word_1_119' title='bbox 1007 2214 1224 2253; x_wconf 88' lang='lat' dir='ltr'>rudioribus</span> <span class='ocrx_word' id='word_1_120' title='bbox 1256 2215 1304 2253; x_wconf 87' lang='lat' dir='ltr'>ad</span> <span class='ocrx_word' id='word_1_121' title='bbox 1335 2229 1417 2253; x_wconf 88' lang='lat' dir='ltr'>rem</span> <span class='ocrx_word' id='word_1_122' title='bbox 1449 2215 1574 2253; x_wconf 87' lang='lat' dir='ltr'>facere</span> <span class='ocrx_word' id='word_1_123' title='bbox 1595 2217 1783 2261; x_wconf 88' lang='lat' dir='ltr'>videatur,</span> 
     </span>
     <span class='ocr_line' id='line_1_19' title="bbox 405 2287 1784 2340; baseline 0.001 -15"><span class='ocrx_word' id='word_1_124' title='bbox 405 2301 453 2325; x_wconf 92' lang='lat' dir='ltr'>ne</span> <span class='ocrx_word' id='word_1_125' title='bbox 473 2288 512 2325; x_wconf 92' lang='lat' dir='ltr'>in</span> <span class='ocrx_word' id='word_1_126' title='bbox 535 2287 789 2340; x_wconf 87' lang='lat' dir='ltr'>suspicionem</span> <span class='ocrx_word' id='word_1_127' title='bbox 809 2288 1061 2339; x_wconf 87' lang='lat' dir='ltr'>ignorationis</span> <span class='ocrx_word' id='word_1_128' title='bbox 1083 2288 1252 2326; x_wconf 85' lang='lat' dir='ltr'>veniant.</span> <span class='ocrx_word' id='word_1_129' title='bbox 1298 2288 1416 2338; x_wconf 83' lang='lat' dir='ltr'>Qod</span> <span class='ocrx_word' id='word_1_130' title='bbox 1436 2301 1526 2326; x_wconf 90' lang='lat' dir='ltr'>cum</span> <span class='ocrx_word' id='word_1_131' title='bbox 1548 2288 1784 2327; x_wconf 75' lang='grc' dir='ltr'><strong>(1οᾶἰῶωο-</strong></span> 
     </span>
     <span class='ocr_line' id='line_1_20' title="bbox 406 2360 1784 2413; baseline 0.002 -16"><span class='ocrx_word' id='word_1_132' title='bbox 406 2373 492 2398; x_wconf 90' lang='lat' dir='ltr'>rum</span> <span class='ocrx_word' id='word_1_133' title='bbox 525 2362 696 2398; x_wconf 87' lang='lat' dir='ltr'>virorum</span> <span class='ocrx_word' id='word_1_134' title='bbox 721 2360 874 2411; x_wconf 88' lang='lat' dir='ltr'>judicio</span> <span class='ocrx_word' id='word_1_135' title='bbox 902 2361 1081 2412; x_wconf 85' lang='lat' dir='ltr'>ineptum</span> <span class='ocrx_word' id='word_1_136' title='bbox 1111 2361 1387 2413; x_wconf 69' lang='lat' dir='ltr'>intelligerem,</span> <span class='ocrx_word' id='word_1_137' title='bbox 1421 2360 1675 2413; x_wconf 85' lang='lat' dir='ltr'>Philosophos</span> <span class='ocrx_word' id='word_1_138' title='bbox 1697 2362 1784 2401; x_wconf 90' lang='lat' dir='ltr'>illos</span> 
     </span>
     <span class='ocr_line' id='line_1_21' title="bbox 403 2433 1785 2487; baseline 0.002 -17"><span class='ocrx_word' id='word_1_139' title='bbox 403 2447 524 2486; x_wconf 91' lang='lat' dir='ltr'>prope</span> <span class='ocrx_word' id='word_1_140' title='bbox 545 2445 695 2477; x_wconf 84' lang='lat' dir='ltr'>omnes,</span> <span class='ocrx_word' id='word_1_141' title='bbox 726 2446 894 2485; x_wconf 89' lang='lat' dir='ltr'>quorum</span> <span class='ocrx_word' id='word_1_142' title='bbox 915 2433 1110 2471; x_wconf 84' lang='lat' dir='ltr'>sententiae</span> <span class='ocrx_word' id='word_1_143' title='bbox 1137 2434 1312 2485; x_wconf 82' lang='lat' dir='ltr'>quaedam</span> <span class='ocrx_word' id='word_1_144' title='bbox 1335 2434 1474 2472; x_wconf 90' lang='lat' dir='ltr'>Latine</span> <span class='ocrx_word' id='word_1_145' title='bbox 1502 2434 1679 2487; x_wconf 80' lang='lat' dir='ltr'>expreffae</span> <span class='ocrx_word' id='word_1_146' title='bbox 1700 2435 1785 2474; x_wconf 91' lang='lat' dir='ltr'>sunt</span> 
     </span>
     <span class='ocr_line' id='line_1_22' title="bbox 404 2505 1782 2560; baseline 0.002 -16"><span class='ocrx_word' id='word_1_147' title='bbox 404 2520 426 2544; x_wconf 85' lang='lat' dir='ltr'>a</span> <span class='ocrx_word' id='word_1_148' title='bbox 446 2508 650 2551; x_wconf 88' lang='lat' dir='ltr'>Cicerone,</span> <span class='ocrx_word' id='word_1_149' title='bbox 682 2519 805 2544; x_wconf 87' lang='lat' dir='ltr'>unum</span> <span class='ocrx_word' id='word_1_150' title='bbox 833 2507 874 2544; x_wconf 90' lang='lat' dir='ltr'>in</span> <span class='ocrx_word' id='word_1_151' title='bbox 905 2505 1052 2551; x_wconf 86' lang='lat' dir='ltr'>locum,</span> <span class='ocrx_word' id='word_1_152' title='bbox 1083 2507 1209 2559; x_wconf 91' lang='lat' dir='ltr'>quoad</span> <span class='ocrx_word' id='word_1_153' title='bbox 1229 2519 1298 2560; x_wconf 90' lang='lat' dir='ltr'>per</span> <span class='ocrx_word' id='word_1_154' title='bbox 1319 2507 1417 2545; x_wconf 77' lang='lat' dir='ltr'>vires</span> <span class='ocrx_word' id='word_1_155' title='bbox 1439 2507 1564 2554; x_wconf 90' lang='lat' dir='ltr'>licuit,</span> <span class='ocrx_word' id='word_1_156' title='bbox 1595 2509 1782 2554; x_wconf 87' lang='lat' dir='ltr'>conduxi,</span> 
     </span>
    </p>
   </div>
  </div>
 </body>
</html>
