2335 3009
499 231 575 286 156

495 336 556 362 aut
573 336 710 376 tempus
727 325 970 368 differendum,
990 334 1049 360 aut
1067 336 1168 359 accu-

494 376 637 411 satorem
677 375 897 417 mutandum,
941 384 1001 409 aut
1033 372 1169 420 judices

494 425 696 466 mutandos,
726 435 802 458 reus
821 423 916 458 dicit.
962 423 1042 458 Hac
1074 432 1170 469 parte

494 471 762 514 constitutionis,
802 471 920 507 Graeci
953 470 987 506 in
1016 469 1170 517 judiciis,

496 533 560 557 nos
588 521 622 556 in
639 520 718 568 jure
743 520 839 555 civili
870 521 1076 574 plerumque
1103 519 1169 553 uti-

496 582 586 605 mur.
628 570 667 605 In
695 569 758 605 hac
777 578 874 616 parte
899 581 961 604 nos
973 580 1062 615 Juris
1085 567 1170 602 civi-

497 619 538 654 lis
567 618 702 654 scientia
725 617 874 653 maxime
895 616 1085 663 adjuvabit.
1131 616 1171 650 In

490 667 633 714 judiciis
658 677 772 702 tamen
791 666 947 702 nonnihil
963 677 1002 700 ea
1026 664 1169 706 utimur,

490 709 563 752 'hoc
593 715 722 752 modo:
750 717 784 751 Si
800 717 867 763 quis
888 714 1050 760 peculatus
1078 725 1171 747 accu-

487 765 599 811 satur,
625 763 707 813 quod
724 763 804 808 vasa
829 770 980 810 argentea
993 761 1118 808 publica
1135 761 1173 796 de

495 813 560 849 loco
587 816 723 860 privato
754 811 882 847 dicatur
904 810 1062 865 siustuliffe,
1085 809 1172 857 poffit

496 862 608 905 dicere,
637 874 705 897 cum
730 861 907 904 definitione
923 860 959 904 s
959 868 972 893 t
995 861 1075 906 usus,
1101 858 1176 907 quid

486 911 535 956 stt
559 911 705 956 furtum,
742 909 818 958 quid
842 910 1036 957 peculatus,
1026 925 1033 932 ·
1066 907 1172 954 secum

487 960 579 1006 furti
609 961 676 1006 agi,
720 971 779 994 non
805 959 977 1005 peculatus,
1016 964 1168 1002 oportere.

497 1008 593 1044 Haec
610 1007 750 1056 partitio
772 1007 936 1055 legitimae
954 1006 1168 1041 constitutio

495 1056 550 1092 nis
567 1057 619 1092 his
636 1057 678 1092 de
694 1057 802 1092 causis
819 1068 893 1091 raro
912 1055 1005 1090 venit
1024 1055 1058 1089 in
1070 1053 1167 1100 judi-

496 1105 603 1146 cium,
652 1105 750 1153 quod
793 1104 826 1139 in
862 1103 997 1151 privata
1035 1103 1168 1138 afflone

496 1154 671 1202 praetoriae
681 1153 904 1208 exceptiones
921 1151 1010 1193 sunt,
1036 1160 1071 1185 et
1087 1162 1168 1185 cau-

497 1203 531 1238 sa
559 1202 650 1237 cadit
680 1202 720 1245 is,
746 1201 810 1248 qui
836 1212 917 1243 non,
944 1199 1173 1254 quemadmo-

496 1252 583 1286 dum
602 1260 752 1299 oportet,
769 1249 898 1297 egerit;
916 1258 951 1284 et
969 1261 1002 1284 in
1022 1248 1174 1296 publicis

496 1299 750 1348 quaestionibus
781 1308 924 1333 cavetur
957 1297 1107 1344 legibus,
1134 1307 1174 1333 ut

496 1358 587 1391 ante,
616 1349 640 1384 st
669 1360 726 1384 reo
748 1347 974 1383 commodum
1000 1346 1053 1389 fit,
1077 1345 1172 1392 judi-

497 1397 593 1433 cium
610 1397 653 1432 de
670 1395 863 1432 accusatore
880 1395 952 1438 fiat,
979 1404 1098 1430 utrum
1123 1394 1172 1429 illi

498 1446 599 1482 liceat
616 1445 783 1487 accusare,
810 1455 925 1479 necne.

548 1494 650 1530 XIll.
677 1494 734 1530 Ex
760 1492 1018 1528 ratiocinatione
1036 1500 1173 1527 contro-

498 1543 606 1579 versia
623 1542 766 1598 constat,
781 1554 862 1577 cum
881 1553 931 1576 res
949 1541 1017 1576 fine
1033 1540 1175 1589 propria

499 1595 575 1641 lege
591 1591 686 1627 venit
704 1591 738 1627 in
751 1589 940 1638 judicium,
959 1601 1041 1637 quae
1060 1599 1174 1624 tamen

498 1643 544 1677 ab
558 1641 631 1676 aliis
646 1640 783 1688 legibus
794 1639 1054 1675 similitudinem
1067 1644 1175 1685 quan

497 1692 578 1726 darn
593 1699 798 1738 aucupatur.
837 1688 889 1723 Ea
900 1688 947 1722 est
966 1686 1173 1734 hujusmodi.

498 1740 575 1775 Lex
592 1738 662 1774 est:
691 1740 724 1773 Si
730 1737 867 1783 furiosus
885 1737 998 1780 existit,
1023 1744 1175 1782 agnatum

492 1787 741 1835 gentiliumque'
728 1799 761 1821 m
777 1797 810 1820 eo
826 1787 1016 1832 pecuniaque
1037 1796 1101 1830 qus
1117 1794 1172 1831 po-

497 1838 588 1882 testas
599 1836 664 1881 esto.
706 1835 755 1871 Et
767 1835 845 1870 lex:
868 1833 936 1881 Qui
944 1843 1107 1881 parentem
1121 1846 1171 1869 ne-

499 1885 746 1933 caffejudicatus
755 1886 828 1926 erit,
840 1885 866 1918 is
879 1884 931 1918 ob
923 1883 1043 1918 uolutus
1056 1891 1086 1917 et
1100 1882 1175 1918 obli.

491 1943 591 1980 gatus
619 1935 700 1969 corio
716 1932 772 1967 de«-
772 1932 894 1967 ebatur
911 1934 944 1967 in
957 1932 1173 1978 profluentem.

496 1984 546 2020 Et
574 1983 650 2018 lex:
672 1981 914 2038 Paterfamilias
943 1984 992 2016 uti
1001 1981 1098 2027 super
1110 1982 1172 2035 [α-

499 2031 591 2068 milia
604 2032 782 2077 pecuniave
791 2031 853 2076 sua
870 2029 1039 2076 legaverit,
1057 2031 1106 2063 ita
1115 2030 1174 2075 jus

499 2082 566 2126 ella.
595 2081 643 2116 Et
661 2079 741 2114 lex:
765 2081 797 2114 Si
819 2078 1056 2125 paterfamilias
1084 2078 1174 2123 intes-

498 2138 583 2165 tatus
632 2129 780 2169 moritur,
817 2127 949 2171 familia
986 2130 1176 2174 pecuniaque

498 2180 567 2225 ejus
615 2185 766 2230 agnatunu
819 2176 1043 2223 gentiliumque
1105 2178 1172 2223 esto.

499 2226 692 2263 Malleolus
734 2223 911 2273 judicatus
943 2225 989 2260 est
1030 2235 1173 2260 matrem

501 2276 639 2313 necasse.
684 2274 727 2310 Ei
752 2274 916 2309 damnato
943 2273 1054 2309 statim
1082 2272 1172 2309 folli—

501 2326 582 2361 culo
611 2322 734 2371 lupino
750 2335 788 2358 os
813 2323 1025 2358 obvolutum
1052 2323 1112 2363 est,
1139 2332 1172 2357 et

500 2376 599 2411 soleae
617 2373 740 2420 lignea:
756 2372 901 2420 pedibus
916 2371 1066 2407 inductae
1083 2371 1171 2414 sunt,

499 2434 533 2458 et
553 2423 585 2457 in
603 2433 770 2457 carcerem
787 2421 913 2456 duetus
926 2420 985 2456 est.
1025 2420 1099 2469 Qi
1116 2421 1171 2455 de-

502 2471 687 2508 tendebant
699 2482 793 2514 eum,
806 2470 940 2507 tabulas
957 2470 990 2506 in
1004 2482 1173 2506 carcerem

806 227 1593 269 RHETORICORUM

1219 323 1391 365 afferunt·,
1431 323 1671 359 testamentum
1703 321 1774 370 ipso
1803 333 1893 370 prae-

1219 372 1308 408 sente
1324 372 1567 412 conscribunt,
1594 372 1690 408 testes
1709 371 1770 407 rite
1788 371 1894 407 affue-

1220 431 1328 457 runt:
1368 422 1411 456 de
1446 422 1506 457 illo
1545 421 1755 469 supplicium
1787 420 1895 468 paulo

1222 470 1298 517 post
1339 469 1495 505 sumitur.
1555 470 1597 510 li,
1645 469 1706 517 qui
1757 469 1894 504 heredes

1220 528 1315 553 erant
1333 518 1545 572 testamento,
1581 518 1800 553 hereditatem
1819 518 1896 552 ade.

1221 577 1297 602 unt.
1342 567 1461 602 Frater
1491 566 1604 602 minor
1633 566 1806 608 Malleoli,
1832 565 1894 613 qui

1220 627 1299 650 eum
1317 624 1582 662 oppugnaverat
1607 615 1640 649 in
1662 613 1736 661 ejus
1761 615 1896 662 pericu-

1221 664 1269 705 lo,
1309 663 1403 698 suam
1438 674 1542 699 vocat
1571 663 1791 698 hereditatem
1822 663 1897 710 lege

1221 712 1424 760 agnationis.
1468 713 1541 747 Hic
1567 722 1658 748 certa
1683 711 1771 747 lex
1764 724 1797 747 in
1825 723 1896 747 rem

1222 761 1319 796 nulla
1351 760 1505 804 affertur,
1547 771 1582 796 et
1616 771 1729 796 tamen
1774 760 1896 795 multae

1222 809 1425 851 afferuntur,
1463 822 1483 844 e
1514 809 1644 857 quibus
1681 809 1897 844 ratiocinatio

1223 858 1383 913 nascitur,
1409 871 1516 912 quare
1546 857 1710 906 potuerit,
1738 868 1797 892 aut
1827 869 1897 893 non

1222 907 1387 955 potuerit,
1412 919 1491 954 Jure
1508 908 1748 942 testamentum
1774 905 1896 942 facere.

1220 955 1433 992 Constitutio
1444 956 1597 1004 legitima
1606 956 1703 991 estex
1716 955 1897 990 ratiocina-

1219 1005 1323 1040 tione.
1351 988 1554 1051 Cujusmodi
1573 1015 1684 1052 partes
1697 1005 1799 1038 effent
1813 1004 1898 1051 legi-

1216 1052 1800 1088 timaeconstitutionisostendimus.
1807 1064 1899 1088 nunc

1216 1100 1458 1148 dejuridiciali
1474 1101 1717 1136 constitutione
1729 1101 1898 1137 dicamus.

1273 1150 1374 1185 XlV.
1394 1149 1607 1195 juridicialis
1620 1149 1826 1185 constitutio·
1837 1150 1898 1194 est,

1224 1210 1306 1234 cum
1333 1197 1466 1234 faetum
1484 1199 1660 1241 convenit,
1679 1198 1732 1234 sed
1745 1197 1835 1245 jure,
1855 1210 1897 1234 an

1225 1246 1360 1294 injuria,
1379 1246 1510 1282 factum
1529 1247 1582 1290 sit,
1600 1247 1782 1295 quaeritur.
1809 1245 1898 1294 Ejus

1223 1296 1477 1332 constitutionis
1523 1306 1635 1344 partes
1678 1296 1756 1332 sunt
1801 1296 1897 1340 duae,

1223 1357 1374 1392 quarum
1409 1357 1477 1380 una
1510 1345 1677 1389 absoluta,
1716 1345 1820 1380 altera
1851 1345 1898 1381 as.

1224 1394 1410 1442 sumptiva,
1426 1393 1632 1429 nominatur.
1654 1394 1897 1438 Absolutaest,

1223 1454 1305 1478 cum
1336 1442 1370 1477 id
1399 1442 1524 1490 ipsum,
1550 1443 1648 1490 quod
1676 1441 1809 1478 fastum
1836 1443 1897 1486 est,

1223 1501 1263 1527 ut
1281 1491 1374 1526 aliud
1390 1491 1474 1526 nihil
1493 1491 1576 1526 foris
1591 1492 1790 1534 assumatur,
1809 1492 1898 1528 recle

1223 1539 1355 1575 factum
1385 1541 1450 1575 effe
1477 1540 1642 1575 dicemus.
1687 1541 1740 1576 Ea
1756 1541 1803 1576 est
1831 1541 1898 1576 hu·

1217 1587 1400 1636 Jusmodi·
1427 1591 1551 1625 NIimus
1571 1588 1696 1637 quidam
1713 1591 1897 1626 nominatim

1223 1640 1352 1674 Accium
1370 1647 1498 1684 poetam
1515 1633 1714 1685 compellavit
1738 1641 1771 1674 in
1788 1640 1896 1685 scena.

1224 1689 1300 1723 Cum
1317 1700 1348 1723 eo
1373 1689 1480 1723 Accius
1505 1691 1549 1735 in
1546 1690 1693 1722 uriarum
1710 1691 1790 1734 agit.
1835 1689 1899 1724 Hic

1224 1737 1305 1771 nihil
1330 1735 1421 1771 aliud
1435 1736 1582 1792 defendit,
1608 1737 1665 1779 nisi
1680 1738 1770 1772 licere
1802 1740 1898 1772 nomi-

1222 1788 1296 1820 nari
1313 1797 1392 1828 eum,
1418 1787 1501 1832 cujus
1519 1786 1636 1820 nomine
1644 1786 1766 1832 scripta
1784 1785 1899 1821 dentur

1221 1834 1353 1881 agenda.
1394 1834 1619 1883 Affumptiva
1637 1846 1714 1882 pars
1730 1834 1790 1877 est,
1815 1847 1898 1870 cum

1224 1896 1285 1937 per
1302 1883 1332 1918 se
1359 1881 1508 1918 defensio
1531 1883 1666 1919 infirma
1682 1883 1742 1926 est,
1771 1884 1825 1919 sed
1848 1884 1898 1919 al-

1224 1932 1360 1980 lumpta
1388 1942 1547 1968 extranea
1577 1944 1611 1968 re
1635 1933 1895 1980 comprobatur.

1223 1982 1460 2028 Affumptivae
1484 1992 1595 2036 partes
1620 1981 1696 2017 sunt
1717 1993 1896 2029 quatuor3

1224 2032 1392 2065 concessio
1420 2030 1586 2073 criminis,
1604 2041 1761 2072 remotio,
1790 2031 1894 2066 trans-

1225 2078 1320 2121 latio,
1355 2079 1580 2127 comparatio.
1622 2080 1802 2114 Conceffio
1835 2080 1896 2123 est,

1225 2139 1307 2163 cum
1350 2140 1425 2163 rcus
1467 2128 1619 2176 postulat
1650 2128 1712 2163 sibi
1757 2129 1895 2175 ignosci.

1224 2176 1277 2211 Ea
1306 2176 1475 2212 dividitur
1516 2177 1549 2212 in
1585 2178 1824 2225 purgationem
1863 2189 1898 2214 et

1224 2225 1510 2272 deprecationem.
1553 2227 1719 2273 Purgatio
1736 2226 1795 2268 est,
1815 2239 1897 2263 cum

1224 2273 1381 2309 consulto
1411 2273 1441 2309 se
1460 2286 1559 2322 negat
1578 2287 1652 2310 rcus
1671 2274 1792 2311 iecisse.
1845 2276 1899 2312 Ea

1223 2322 1392 2357 dividitur
1419 2323 1451 2358 in
1482 2323 1669 2365 sommam,
1698 2324 1895 2372 impruden·

1224 2371 1319 2410 tiam
1347 2374 1581 2408 necessitatem.
1627 2374 1830 2416 Fortunam,
1857 2384 1898 2410 ut

1224 2419 1350 2468 Caepio
1371 2423 1412 2456 ad
1444 2422 1602 2458 tribunos
1627 2422 1718 2469 pleb.
1738 2422 1780 2457 de
1798 2423 1895 2458 amis-

1223 2469 1314 2506 sione
1363 2472 1544 2509 exercitus.
1609 2471 1898 2522 imprudentiam,
