2335 3009
583 215 678 254 AD
735 213 805 265 Q
852 210 1217 250 FRATREM
1282 212 1416 252 LIB.
1466 214 1544 254 ΙΙΙ.
1711 216 1760 256 61

375 312 505 352 Aiunt
531 311 730 355 nonnulli,
763 309 964 347 Sallustius
996 309 1108 354 item,
1139 321 1204 346 me
1233 309 1445 362 oportuisse
1475 311 1664 351 accusare.
1711 314 1765 352 Iis

375 376 668 430 egojudicibus
689 375 1016 413 committerem?
1048 373 1159 426 Qid
1190 373 1321 419 essem,
1352 375 1379 413 fi
1412 389 1476 415 me
1507 387 1644 430 agente
1675 378 1766 417 esset

375 443 557 495 elapsus?
590 441 662 479 Sed
684 455 747 479 me
767 441 841 479 alia
860 450 1083 480 moverunt.
1130 440 1226 479 Non
1258 441 1422 493 putasset
1454 443 1524 481 fibi
1553 445 1766 497 Pompeius

376 508 424 546 de
444 507 552 545 illius
574 507 710 551 salute,
741 506 805 544 sed
836 506 882 544 de
915 506 980 544 sua
1010 506 1216 558 dignitate,
1247 519 1408 544 mecum
1440 508 1511 545 esse
1537 519 1763 549 certamen:

375 573 416 611 in
439 573 578 611 urbem
599 572 790 610 introisset
808 587 817 610 z
850 571 896 609 ad
917 572 1148 610 inimicitias
1176 585 1234 609 res
1256 571 1415 611 venisset
1434 587 1444 611 ι
1475 587 1569 611 cum
1590 575 1765 613 AEserni-

375 651 428 676 no
450 638 623 676 Samnite
644 637 876 676 Pacidianus
901 646 1149 689 comparatus
1170 636 1345 676 viderer:
1378 638 1594 677 auriculam
1615 638 1768 679 fortasse

375 704 576 742 mordicus
611 703 850 741 abstulisset:
884 717 976 741 cum
1012 703 1158 741 Clodio
1188 703 1351 755 quidem
1385 713 1490 743 certe
1523 705 1691 745 rediisset
1726 707 1768 744 in

374 770 556 822 gratiam.
603 771 691 822 Ego
713 782 802 807 vero
823 783 958 808 meum
979 769 1189 807 confilium
1212 769 1257 821 (fi
1287 770 1499 822 praesertim
1522 780 1564 809 tu
1586 785 1665 810 non
1687 773 1767 810 im-

375 835 535 888 probas)
573 834 825 873 vehementer
858 835 1048 887 approbo.
1095 835 1184 880 Ille,
1227 848 1320 873 cum
1355 849 1376 873 a
1408 849 1472 874 me
1507 837 1766 889 singularibus

374 901 473 938 meis
495 900 631 939 studiis
653 910 810 939 ornatus
832 900 936 945 esset,
968 914 1142 953 cumque
1161 914 1234 952 ego
1255 900 1316 938 illi
1345 901 1448 939 nihil
1470 901 1667 948 deberem,
1699 904 1768 942 ille

374 965 477 1004 mihi
498 967 659 1011 omnia;
693 975 823 1004 tamen
855 966 896 1003 in
919 966 1122 1018 republica
1151 979 1214 1004 me
1246 979 1267 1004 a
1297 966 1335 1005 se
1366 966 1654 1007 dissentientem
1687 983 1768 1008 non

377 1032 485 1077 tulit,
520 1032 641 1084 (nihil
663 1032 792 1070 dicam
813 1032 987 1084 gravius)
1011 1042 1049 1070 et
1070 1032 1201 1070 minus
1222 1041 1362 1085 potens
1383 1047 1429 1071 eo
1450 1043 1640 1087 tempore,
1671 1036 1769 1088 quid

375 1097 417 1135 in
450 1110 513 1135 me
545 1097 750 1135 florentem
782 1097 918 1149 posset,
950 1097 1144 1135 ostendit:
1178 1111 1300 1142 nunc,
1332 1112 1425 1136 cum
1458 1113 1531 1151 ego
1563 1114 1611 1138 ne
1632 1114 1768 1139 curem

375 1162 538 1214 quidem
569 1162 746 1200 multum
775 1162 894 1214 posse,
926 1163 1005 1200 Res
1026 1162 1188 1214 quidem
1209 1163 1371 1214 publica
1389 1173 1493 1202 certe
1514 1164 1615 1203 nihil
1637 1166 1766 1218 possit,

377 1241 478 1266 unus
500 1228 568 1265 ille
588 1229 736 1272 onmia,
768 1241 861 1264 cum
891 1228 963 1264 illo
983 1228 1067 1279 ipso
1088 1228 1398 1266 contenderem?
1432 1230 1494 1267 Sic
1527 1231 1633 1268 enim
1665 1231 1766 1269 faci-

374 1293 522 1331 endum
543 1292 687 1330 fuisset.
735 1292 831 1330 Non
861 1291 1042 1330 existimo
1071 1301 1108 1329 te
1135 1302 1270 1344 putare
1291 1293 1331 1330 id
1353 1292 1455 1330 mihi
1476 1294 1769 1347 suscipiendum

374 1357 502 1396 fuisse.
535 1358 802 1402 Alterutrum,
834 1357 967 1410 inquit
987 1357 1092 1395 idem
1114 1357 1345 1403 Sallustius,
1373 1357 1618 1406 defendisses,
1649 1361 1771 1413 idque

375 1423 568 1476 Pompeio
607 1421 863 1461 contendenti
902 1422 1090 1461 dedisses:
1142 1423 1290 1460 etenim
1327 1422 1581 1462 vehementer
1619 1426 1769 1465 orabat.

376 1488 577 1541 Lepidum
596 1488 772 1526 amicum
794 1487 1034 1533 Sallustium,
1066 1488 1135 1541 qui
1167 1488 1269 1526 mihi
1297 1498 1363 1527 aut
1394 1489 1624 1528 inimicitias
1655 1501 1769 1544 putet

375 1553 610 1606 periculosas
632 1553 849 1591 subeundas
871 1552 997 1598 fuisse,
1029 1562 1095 1592 aut
1116 1553 1322 1592 infamiam
1344 1554 1636 1608 sempiternam.
1681 1558 1769 1609 Ego

374 1633 466 1658 vero
486 1618 559 1657 hac
588 1619 859 1657 mediocritate
880 1619 1075 1658 delector:
1108 1634 1152 1658 ac
1184 1619 1287 1657 mihi
1318 1620 1419 1658 illud
1445 1622 1670 1673 jucundum
1699 1622 1767 1668 est,

375 1684 498 1737 quod,
524 1699 618 1723 cum
640 1684 910 1722 testimonium
931 1684 1147 1723 secundum
1168 1685 1287 1723 fidem
1309 1695 1346 1723 et
1367 1686 1599 1738 religionem
1620 1688 1767 1739 gravis-

375 1751 470 1789 fime
491 1750 685 1796 dixissem,
718 1764 803 1788 reus
829 1751 947 1796 dixit,
977 1752 1004 1789 fi
1026 1752 1066 1789 in
1089 1752 1247 1789 civitate
1268 1751 1434 1789 licuisset
1455 1752 1528 1789 fibi
1547 1753 1633 1798 esse,
1665 1753 1768 1792 mihi

375 1816 413 1854 se
433 1816 719 1855 satisfaeturum
740 1832 748 1854 :
782 1830 909 1869 neque
930 1831 993 1854 me
1014 1818 1230 1870 quidquam
1254 1817 1522 1869 interrogavit.
1567 1819 1629 1856 De
1650 1820 1767 1857 versi-

377 1883 465 1928 bus,
498 1897 596 1935 quos
624 1883 699 1920 tibi
726 1897 746 1920 a
767 1897 829 1920 me
851 1883 966 1920 scribi
988 1885 1060 1928 vis,
1093 1883 1194 1922 deest
1215 1882 1317 1921 mihi
1338 1884 1499 1936 quidem
1521 1897 1651 1937 opera,
1682 1900 1768 1938 quae

378 1962 456 1987 non
478 1949 596 1987 modo
619 1958 793 2001 tempuS,
822 1948 885 1986 sed
905 1949 1023 1988 etiam
1045 1950 1223 1988 animum
1245 1962 1412 1988 vacuum
1443 1950 1490 1987 ab
1518 1951 1629 1988 omni
1659 1964 1765 1996 cura,

377 2014 562 2053 desiderat
580 2030 594 2053 :1
622 2015 686 2052 sed
706 2015 809 2052 abest
828 2015 947 2052 etiam
967 2011 1177 2063 ἐνθεσωισμὸς
1195 2031 1204 2053 ;
1238 2029 1316 2053 non
1349 2017 1456 2054 eni-m
1478 2015 1611 2054 sumus
1632 2018 1766 2055 omni-

377 2093 430 2119 no
450 2081 526 2119 fine
547 2094 639 2119 cura
659 2081 851 2118 venientis
872 2081 992 2118 anni:
1024 2080 1093 2118 etsl
1119 2080 1251 2119 sumus
1279 2082 1357 2119 fine
1378 2082 1534 2121 timore.
1582 2082 1707 2121 Simul
1729 2092 1769 2121 et

375 2145 492 2191 illud,
526 2147 623 2199 (fine
644 2147 724 2187 ulla
744 2146 970 2184 mehercule
990 2147 1116 2184 iro'nia
1135 2147 1298 2200 loquor)
1321 2147 1394 2185 tibi
1416 2147 1524 2185 istius
1546 2149 1696 2199 generis
1725 2149 1766 2186 in

377 2211 582 2250 scribendo
613 2213 760 2265 priores
793 2222 919 2265 partes
953 2211 1100 2257 tribuo,
1132 2226 1250 2264 quam
1277 2212 1394 2251 mihi.
1441 2213 1504 2251 De
1526 2211 1769 2251 bibliotheca

379 2287 445 2315 tua
466 2278 601 2316 Graeca
622 2278 850 2331 supplenda,
882 2279 994 2317 libris
1015 2279 1323 2324 commutandis,
1355 2279 1508 2316 Latinis
1534 2291 1766 2330 comparan-

378 2343 452 2388 dis,
483 2344 594 2381 valde
613 2345 731 2383 velim
753 2345 821 2387 ista
841 2345 1000 2390 confici,
1033 2345 1244 2397 praesertim
1265 2358 1358 2383 cum
1386 2344 1431 2381 ad
1454 2357 1585 2382 meum
1609 2357 1769 2397 quoque

378 2409 492 2447 usum
526 2407 723 2461 spectent:
756 2409 819 2447 sed
850 2424 938 2461 ego,
970 2409 1070 2448 mihi
1105 2410 1174 2462 ipsi
1206 2409 1274 2447 ista
1300 2423 1368 2462 per
1388 2422 1507 2461 quem
1529 2423 1655 2461 agam,
1688 2423 1769 2448 non

377 2473 530 2520 habeo,
564 2487 691 2527 neque
724 2475 832 2513 enim
866 2476 1015 2514 venalia
1049 2475 1154 2522 sunt,
1185 2489 1271 2529 quae
1305 2475 1468 2528 quidem
1503 2475 1697 2528 placeant,
1728 2484 1772 2514 et
