2335 3009
762 190 1362 234 FRAGMENTA.

366 289 650 336 Arcitenentis,
681 298 721 328 et
739 288 913 328 obscurae
933 288 1012 328 fine
1033 289 1196 328 nomine
1215 290 1377 332 cedunt.

366 357 465 395 Inde
485 357 610 409 Nepae
630 368 764 394 cernes
784 363 946 408 propter
965 354 1157 408 fulgentis
1177 369 1344 395 acumen

365 423 503 467 Aram,
533 434 653 474 quarn
675 420 768 459 flatu
789 420 1010 474 permulcet
1031 420 1189 474 spiritus
1211 422 1361 469 Austri,

364 487 526 539 Exiguo
546 485 730 540 superum
751 500 838 539 quae
859 487 999 524 limina
1019 496 1197 540 tempore
1218 496 1368 528 tranat:

366 553 474 591 Nam
493 552 634 605 procul
656 553 826 590 Arcturo
845 551 899 590 est
918 551 1071 591 adversa
1091 561 1199 605 parte
1219 552 1345 592 locata
1363 569 1372 592 :

365 619 535 657 Arcturo
555 631 745 671 magnum
766 617 935 670 spatium
957 618 1090 671 supera
1111 618 1234 664 dedit,
1265 619 1404 658 orbem

364 684 523 736 Jupiter
542 682 637 722 huic
657 697 823 736 parvum
843 682 1028 722 inferiore
1049 684 1090 722 in
1112 692 1219 737 parte
1240 684 1400 724 locavit.

362 750 463 788 Haec
484 759 630 795 tamen,
661 759 806 789 aeterno
826 749 995 788 invisens
1017 749 1103 788 loca
1121 751 1337 798 curriculo,
1368 765 1448 791 nox

365 816 483 868 Signa
503 815 612 854 dedit
632 816 777 861 nautis,
808 815 942 854 cun&i
963 829 1049 868 quae
1070 816 1226 854 noscere
1246 817 1413 870 poffent,

363 881 654 920 commiserans
676 881 889 919 hominum
909 881 1142 920 metuendos
1164 882 1341 935 undique
1361 883 1484 924 casus,

362 947 470 986 Nam
491 961 583 985 cum
605 946 828 999 fulgentem
848 960 981 985 cernes
1003 947 1082 985 fine
1100 947 1276 987 nubibus
1297 950 1392 988 atris
1411 942 1415 945 ⁵

361 1015 485 1052 Aram
506 1014 576 1052 sub
593 1014 721 1051 media
741 1013 827 1051 caeli
846 1014 1005 1065 regione
1024 1013 1210 1060 locatam,

362 1080 401 1117 A
422 1079 573 1117 summa
593 1087 700 1131 parte
721 1077 884 1116 obscura
903 1078 1073 1130 caligine
1093 1080 1252 1125 tectam,

362 1146 473 1184 Tum
495 1145 632 1183 validis
653 1143 786 1196 fugito
805 1144 980 1183 devitans
1001 1145 1152 1183 viribus
1173 1146 1363 1185 Austrum
1382 1161 1395 1187 τ

361 1212 495 1263 Qem
515 1212 541 1248 fi
561 1210 802 1263 prospiciens
824 1211 1019 1255 vitaveris,
1051 1211 1185 1249 omnia
1204 1221 1317 1250 caute

360 1277 620 1314 Armamenta
638 1274 787 1320 locans,
819 1283 907 1312 tuto
927 1274 1056 1312 labere
1071 1289 1141 1328 per
1160 1276 1298 1315 undas.

362 1341 429 1378 Sin
448 1340 575 1393 gravis
596 1339 781 1377 inciderit
800 1338 1026 1378 vehementi
1047 1339 1206 1378 flamine
1225 1350 1374 1380 ventus·

362 1406 586 1459 Perfringet
606 1406 727 1444 celsos
749 1405 878 1444 defixo
899 1406 1038 1444 robore
1058 1406 1198 1452 malos,

361 1473 420 1510 Ut
441 1460 498 1510 res
521 1472 630 1509 nulla
649 1470 747 1509 feras
769 1471 883 1524 poffit
903 1471 1077 1510 mulcere
1098 1472 1306 1525 procellas,

360 1538 420 1577 Ni
441 1547 548 1590 parte
564 1551 612 1575 ex
634 1537 848 1589 Aquilonis
869 1550 1030 1590 opacam
1052 1537 1197 1590 pellere
1218 1539 1369 1578 nubem

361 1604 553 1656 Coeperit,
585 1613 623 1641 et
639 1603 778 1641 subitis
800 1603 902 1641 auris
924 1603 1123 1642 diduxerit
1143 1605 1238 1643 Ara.

361 1670 427 1708 Sin
449 1669 634 1707 humeros
656 1669 789 1707 medio
809 1670 850 1707 in
872 1669 968 1708 caelo
990 1671 1211 1709 Centaurus
1232 1669 1412 1716 habebit,

359 1735 523 1788 Ipsaque
542 1734 705 1773 caerulea
724 1736 927 1773 contectus
950 1735 1055 1772 nube
1074 1734 1237 1781 feretur,

359 1803 493 1854 Atque
514 1802 634 1839 Aram
657 1801 766 1838 tenui
787 1801 958 1853 caligans
981 1801 1113 1839 vestiet
1135 1801 1289 1848 umbra,

359 1867 423 1905 Ad
444 1867 643 1920 fignorum
665 1867 822 1904 obitum
843 1867 900 1904 vis
921 1866 974 1903 est
995 1867 1205 1905 metuenda
1226 1867 1393 1906 Favoni.

359 1933 433 1972 Ille
452 1943 584 1972 autem
605 1934 825 1971 Centaurus
846 1932 888 1970 in
908 1932 986 1970 alta
1004 1932 1090 1970 sede
1110 1933 1277 1979 locatus,

359 2000 449 2051 Qa
468 1999 543 2038 sese
563 1999 712 2037 clarum
734 1998 936 2037 collucens
959 1999 1142 2051 Scorpius
1163 1998 1299 2045 infert,

360 2065 458 2102 Haec
478 2065 610 2103 subter
630 2073 780 2117 partem
799 2072 1038 2117 praeportans
1060 2063 1140 2116 ipse
1160 2064 1316 2103 virilem

359 2130 491 2175 Cedit,
523 2131 630 2184 Equi
650 2139 777 2184 partes
798 2143 1008 2183 properans
1029 2131 1270 2183 conjungere
1290 2129 1446 2170 Chelis.

357 2195 439 2233 Hic
461 2196 636 2234 dextram
656 2210 841 2250 porgens,
871 2196 1092 2250 quadrupes
1114 2210 1191 2249 qua
1208 2197 1311 2235 vasta
1329 2206 1503 2244 tenetur,

358 2262 491 2313 Qam
513 2275 628 2300 nemo
648 2272 755 2301 certo
775 2263 935 2301 donavit
956 2263 1118 2301 nomine
1138 2262 1323 2309 Graium,

358 2327 523 2372 Tendit,
545 2336 582 2365 et
604 2328 794 2367 illustrem
815 2329 1063 2367 truculentus
1084 2329 1191 2367 cedit
1209 2329 1257 2367 ad
1276 2330 1418 2368 Aram.

359 2393 440 2432 Hic
462 2393 536 2431 sese
557 2392 721 2432 infernis
742 2394 789 2432 de
808 2396 985 2448 partibus
1006 2396 1123 2448 erigit
1144 2395 1283 2447 Hydra

359 2459 556 2514 Praecipiti
577 2459 700 2514 lapsu,
731 2459 832 2500 flexo
851 2474 945 2500 cum
965 2474 1128 2515 corpore
1147 2460 1318 2514 serpens.

1685 212 1760 253 127

1674 571 1757 612 420

1675 899 1755 940 435

1672 1228 1753 1267 440

1671 1554 1751 1596 445

1670 1883 1752 1925 450

1669 2210 1748 2252 455
