2335 3009
519 243 597 295 164

513 339 560 375 de
578 351 597 375 a
614 339 714 375 nobis
734 340 896 377 sententia
923 342 1125 388 reperietur,
1151 352 1187 378 et

514 389 614 423 causa
632 388 836 435 proferetur,
863 402 970 437 quare
988 391 1023 426 id
1048 391 1188 439 scriptor

515 435 660 478 senserit,
686 438 784 485 quod
813 438 1025 486 perscripsit3
1060 450 1095 475 et
1124 440 1185 474 de—

516 485 764 521 monstrabitur
801 487 963 535 scriptum
997 487 1082 523 illud
1123 488 1186 524 esse

514 533 680 577 dilucide,
707 535 870 578 breviter,
896 537 1092 578 commode,
1111 548 1188 582 per-

514 580 615 625 fecte,
641 592 734 619 certa
757 595 838 619 cum
864 584 1006 620 ratione.
1049 585 1188 620 Deinde

514 632 678 677 exempla
692 631 920 679 proferentur,
932 644 1012 679 quae
1026 644 1090 674 τες,
1104 645 1185 668 cum

514 680 560 714 ab
576 681 770 715 adversariis
789 681 953 716 sententia
975 681 1186 724 redderetur,

514 738 551 763 et
583 729 744 764 voluntas
777 729 968 771 afferretur,
1010 741 1030 764 a
1063 730 1187 777 scripto

514 779 631 823 potius
641 776 806 824 judicatae
820 778 895 813 sint.
924 778 1060 813 Deinde
1075 778 1187 814 osten-

514 825 630 868 detur,
668 837 773 873 quam
817 827 1044 874 periculosum
1086 827 1125 862 fit
1166 839 1187 863 a

515 872 640 920 scripto
667 875 832 910 recedere.
875 874 995 910 Locus
1025 886 1184 911 commu-

515 922 568 956 nis
585 923 632 957 est
661 933 780 958 contra
801 935 896 965 eum,
922 924 996 970 qui,
1023 935 1103 959 curn
1135 924 1185 959 fa·

513 980 637 1012 teatur‚
665 971 694 1006 se
713 982 832 1006 contra
856 973 903 1015 id,
929 972 1025 1018 quod
1046 973 1183 1019 legibus

513 1018 695 1061 sancitum,
721 1030 781 1055 aut
799 1020 1005 1055 testamento
1020 1021 1183 1068 perscrip-

513 1076 589 1102 tum
608 1068 659 1110 fit,
678 1068 803 1111 feciss‘e,
821 1079 937 1104 tamen
956 1069 1036 1105 faeti
1053 1079 1186 1116 quaerat

513 1115 761 1152 defensionem.

562 1164 610 1200 X.
653 1165 688 1200 A
734 1164 897 1200 sententia
940 1164 984 1200 fic
1018 1164 1184 1200 dicemus.

513 1211 675 1248 Primum
734 1213 953 1249 laudabimus
1015 1212 1186 1261 scriptoris

513 1261 799 1297 commoditatem
828 1273 934 1310 atque
965 1261 1185 1304 brevitatem,

513 1311 610 1356 quod
638 1320 775 1346 tantum
801 1311 978 1359 scripserit,
1003 1312 1098 1357 quod
1127 1323 1185 1346 ne·

513 1359 597 1393 ceffe
615 1357 744 1401 fuerit·,
771 1360 869 1402 illud,
887 1358 982 1407 quod
1002 1359 1069 1394 fine
1083 1359 1185 1406 scrip-

514 1415 552 1442 to
568 1407 711 1455 intelligi
729 1409 892 1454 potuerit,
919 1420 987 1443 non
1006 1408 1187 1443 neceffario

513 1455 730 1491 scribendum
758 1457 898 1504 putarit.
942 1457 1077 1492 Deinde
1095 1457 1185 1491 dice-

514 1515 594 1538 mus
624 1505 880 1540 calumniatoris
912 1506 975 1540 ess'e
1017 1505 1184 1547 officium,

513 1553 620 1588 verba
647 1563 682 1588 et
716 1554 829 1589 literas
863 1553 970 1600 sequi,
1008 1553 1186 1600 negligere

512 1601 739 1638 volumtem.
759 1603 895 1638 Deinde
915 1603 960 1643 id,
975 1604 1071 1649 quod
1086 1602 1186 1649 scrip-

513 1659 589 1684 tum
621 1651 674 1693 fit,
701 1660 760 1686 aut
790 1663 857 1686 non
886 1651 979 1699 poss'e
1006 1651 1091 1693 fieri,
1123 1661 1183 1686 aut

513 1709 581 1733 non
600 1699 690 1746 lege,
718 1711 786 1734 non
820 1711 927 1742 more,
955 1711 1022 1734 non
1050 1710 1182 1743 natura,

512 1757 582 1782 non
615 1759 720 1795 aequo
749 1758 782 1783 et
818 1749 923 1790 bono,
962 1749 1054 1794 poffe
1085 1749 1182 1791 fieri,

510 1807 592 1841 quae
641 1797 759 1832 omnia
800 1796 998 1842 scriptorem
1042 1797 1183 1833 voluiffe

511 1855 619 1890 quam
647 1847 824 1881 rec‘tiffime
851 1845 923 1881 fieri
951 1857 1055 1880 nemo
1084 1846 1185 1881 dubi-

514 1903 563 1928 tet
580 1907 587 1928 z
616 1904 650 1928 at
667 1906 720 1936 ea,
750 1906 830 1941 quae
848 1906 867 1928 a
887 1894 983 1929 nobis
1001 1894 1090 1929 faeta
1109 1895 1183 1937 sint,

507 1939 685 1987 justissime
714 1942 815 1978 facta.
859 1943 995 1977 Deinde
1021 1946 1184 1979 contrari-

512 2002 568 2024 am
589 1990 786 2026 sententiam
808 2001 867 2025 aut
885 1992 1015 2026 nullam
1030 1993 1108 2034 effe,
1124 2003 1184 2028 aut

513 2038 665 2082 stultam,
706 2050 765 2074 aut
809 2039 978 2086 injustam,
1021 2051 1079 2074 aut
1114 2053 1181 2076 non

512 2088 604 2133 posse
631 2088 715 2130 fieri,
742 2099 801 2122 aut
830 2101 896 2123 non
921 2088 1074 2123 constare
1102 2101 1181 2125 cum

513 2136 741 2182 superioribus
759 2147 794 2171 et
819 2137 1037 2172 inferioribus
1056 2137 1182 2172 senten-

513 2185 582 2227 tiis,
608 2195 667 2219 aut
693 2197 772 2220 cum
798 2183 876 2232 jure
906 2187 1099 2227 communi,
1126 2197 1183 2221 aut

511 2244 592 2268 cum
610 2234 682 2269 aliis
702 2234 838 2281 legibus
851 2234 1109 2275 communibus,
1125 2246 1183 2270 aut

512 2294 592 2317 cum
608 2283 710 2317 rebus
722 2282 898 2329 judicatis,
912 2283 1094 2318 dissentire.
1116 2284 1182 2318 De-

512 2330 590 2365 inde
617 2332 855 2378 exemplorum
885 2344 904 2366 a
929 2332 1120 2375 voluntate,
1146 2343 1181 2367 et

510 2390 629 2414 contra
650 2380 826 2426 scriptum,
841 2379 1078 2426 judicatorum
1097 2393 1181 2415 enu-

511 2429 696 2463 meratione
716 2439 880 2470 utemur,
907 2429 1031 2464 deinde
1060 2429 1178 2476 legum

508 2486 543 2510 et
563 2477 819 2523 stipulationum
836 2478 984 2513 breviter
1001 2488 1179 2527 excerpta-

822 245 1600 288 RHETORICORUM

1237 354 1326 386 rum,
1354 342 1388 378 in
1410 343 1540 390 quibus
1565 341 1777 390 intelligatur
1801 340 1904 390 scrip-

1236 401 1351 426 torum
1373 392 1533 426 voluntas
1554 402 1589 427 et
1613 391 1789 439 expositio.
1833 391 1906 426 Lo-

1235 451 1296 474 cus
1329 441 1527 475 communis
1561 450 1680 475 contra
1713 452 1806 481 eum,
1846 439 1905 487 qui

1235 488 1399 535 scriptum
1423 490 1554 530 recitet,
1585 498 1621 523 et
1649 488 1818 535 scriptoris
1847 499 1906 522 vo·

1236 537 1406 572 luntatem
1428 549 1497 572 non
1515 539 1768 584 interpretetur.
1812 537 1904 571 Cum

1236 585 1318 619 duae
1335 585 1428 632 leges
1456 585 1543 620 inter
1568 584 1598 620 se
1626 585 1829 632 discrepant,
1856 587 1906 620 vi-

1235 633 1388 668 dendum
1407 633 1455 668 est
1473 633 1638 680 primum,
1655 645 1738 668 num
1757 645 1827 679 qua
1843 633 1907 668 ob·

1236 682 1372 728 rogatio
1388 692 1448 716 aut
1464 681 1644 729 derogatio
1661 681 1712 716 lit.
1757 681 1906 723 Deinde,

1237 740 1355 765 utrum
1370 730 1463 777 leges
1481 731 1527 765 ita
1539 731 1746 772 dissentiant,
1757 739 1796 764 ut
1803 730 1907 765 altera

1229 776 1367 824 jubeat,
1378 779 1484 814 altera
1495 789 1586 814 vetet
1601 791 1610 814 ι
1625 791 1666 813 an
1678 780 1737 819 ita,
1748 789 1788 813 ut
1802 778 1908 813 altera

1235 827 1456 875 cogat,altera
1467 827 1654 876 permittat.
1668 827 1906 863 Infirmaenim

1234 877 1299 910 erit
1312 874 1385 922 ejus
1400 875 1562 919 defensio,
1576 876 1636 923 qui
1652 875 1793 923 negabit
1806 875 1837 910 se
1854 875 1906 910 fe-

1234 925 1309 959 cisse
1320 925 1414 971 quod
1427 934 1622 972 cogeretur,
1636 936 1717 959 cum
1728 924 1832 959 altera
1848 924 1908 959 lex

1234 975 1460 1019 permitteret.
1498 974 1579 1008 Plus
1596 974 1689 1007 enim
1707 973 1798 1008 valet
1815 973 1908 1007 sanc-

1234 1021 1283 1056 tio
1307 1022 1532 1067 permistione.
1576 1021 1665 1055 Item
1685 1021 1740 1055 illa
1757 1020 1910 1056 defensio

1234 1071 1345 1104 tenuis
1361 1070 1421 1111 est,
1434 1081 1514 1104 cum
1529 1069 1758 1105 ostenditurid
1776 1068 1910 1104 faetum

1235 1118 1313 1160 esse,
1338 1118 1433 1164 quod
1457 1130 1497 1153 ea
1520 1118 1573 1152 lex
1594 1117 1730 1159 sanciat,
1756 1118 1813 1152 cui
1836 1118 1907 1165 legi

1234 1165 1460 1212 obrogatum,
1502 1166 1558 1200 vel
1594 1166 1798 1214 derogatum
1843 1167 1906 1202 fit:

1236 1213 1283 1256 id,
1308 1215 1404 1261 quod
1429 1215 1606 1262 posteriori
1638 1215 1715 1262 lege
1740 1215 1906 1251 sancitum

1236 1263 1290 1305 fit,
1331 1264 1396 1298 effe
1442 1263 1649 1311 negleetum.
1693 1264 1784 1299 Cum
1831 1263 1906 1299 haec

1235 1322 1339 1346 erunt
1372 1312 1595 1354 considerata,
1637 1311 1749 1347 statim
1784 1313 1907 1348 nostrae

1235 1359 1322 1407 legis
1351 1360 1573 1407 expositione,
1599 1361 1809 1403 recitatione,
1835 1362 1907 1397 col-

1234 1409 1443 1451 laudatione,
1473 1420 1624 1444 utemur.
1667 1409 1804 1444 Deinde
1821 1421 1908 1445 con-

1235 1458 1347 1492 tratiae
1378 1458 1464 1505 legis
1494 1458 1722 1493 enodabimus
1749 1459 1906 1494 volunta-

1236 1515 1320 1547 tem,
1346 1516 1380 1540 et
1405 1519 1481 1541 eam
1509 1508 1685 1541 trahemus
1711 1507 1752 1541 ad
1781 1507 1907 1543 nostrae

1235 1553 1343 1589 causae:
1361 1556 1600 1590 commodum.
1637 1555 1773 1590 Deinde
1792 1554 1907 1602 deju-

1235 1603 1376 1637 ridiciali
1410 1603 1565 1638 absoluta
1599 1603 1772 1638 sumemus
1806 1607 1906 1639 ratio-

1234 1663 1314 1686 nem
1346 1650 1440 1697 juris,
1477 1662 1510 1687 et
1540 1664 1738 1699 quaeremus
1770 1664 1903 1699 partem

1228 1699 1327 1746 juris,
1367 1711 1484 1736 utrum
1515 1712 1595 1736 cum
1626 1712 1666 1736 ea
1695 1700 1824 1742 faciat;
1862 1703 1907 1737 de

1232 1761 1301 1796 qua
1320 1759 1416 1795 parte
1435 1749 1600 1796 posterius
1616 1749 1829 1784 differemus.

1283 1798 1349 1833 Xl.
1377 1799 1411 1833 Si
1429 1799 1638 1845 ambiguum
1657 1797 1705 1835 est
1726 1798 1904 1845 scripturn,

1236 1855 1274 1880 ut
1302 1856 1386 1893 puta
1411 1847 1505 1894 quod
1534 1848 1566 1882 in
1588 1847 1674 1882 duas
1703 1857 1761 1881 aut
1788 1848 1904 1894 plures

1234 1895 1416 1930 sententias
1447 1896 1533 1931 trahi
1566 1897 1677 1943 ponit,
1705 1895 1769 1930 hoc
1799 1898 1904 1931 modo

1234 1945 1451 1980 tractandum
1494 1946 1552 1979 est.
1607 1945 1778 1986 Primum,
1821 1944 1904 1980 sitne

1233 1993 1457 2040 ambiguum,
1482 1993 1712 2040 quaerendum
1729 1993 1786 2028 est.
1835 1994 1904 2028 De-

1233 2040 1324 2083 inde,
1350 2044 1529 2089 quomodo
1560 2040 1721 2089 scriptum
1752 2042 1845 2083 esset,
1879 2043 1902 2078 si

1234 2089 1281 2127 id.
1309 2091 1403 2136 quod
1423 2090 1599 2125 adversarii
1624 2091 1902 2136 interpretantur,

1233 2137 1371 2185 scriptor
1383 2139 1452 2174 fieri
1471 2139 1638 2181 voluisset,
1653 2138 1901 2175 ostendendum

1233 2187 1290 2221 cst.
1335 2188 1472 2223 Deinde
1500 2188 1546 2228 id,
1581 2188 1674 2234 quod
1708 2200 1766 2222 nos
1799 2189 1902 2223 inter·

1232 2245 1419 2281 pretemur,
1437 2246 1470 2271 et
1490 2235 1560 2271 fieri
1580 2237 1683 2282 posse,
1698 2247 1730 2271 et
1749 2237 1901 2279 honeste,

1233 2285 1332 2325 recte,
1366 2285 1455 2331 lege,
1493 2297 1600 2325 more,
1639 2295 1772 2328 natura,
1808 2286 1902 2321 bono

1231 2342 1264 2366 et
1285 2345 1402 2380 requo,
1431 2333 1500 2368 fieri
1521 2334 1631 2380 posle:
1660 2334 1754 2380 quod
1780 2335 1900 2369 adver-

1231 2380 1302 2415 sarii
1338 2382 1617 2429 interpretentur.
1656 2394 1675 2418 e
1707 2383 1898 2418 contrario:

1232 2441 1293 2463 nec
1327 2431 1391 2465 esse
1422 2431 1586 2477 ambigue
1616 2430 1791 2478 scriptum,
1818 2442 1899 2466 cum

1230 2478 1453 2526 intelligatur,
1476 2491 1553 2515 utra
1570 2479 1734 2516 sententia
1752 2491 1831 2515 vera
1849 2479 1899 2515 fit.
