2335 3009
616 211 715 250 AD
774 205 1290 248 HERENNIUM
1348 207 1482 248 LIB.
1533 210 1590 249 11.

410 307 499 342 Sunt
515 305 577 353 qui
596 305 805 341 arbitrantur
821 302 863 337 ad
894 302 980 337 hanc
998 313 1078 337 cau·

410 355 480 389 sam
507 354 717 389 tractandam
736 352 952 387 vehementer
973 350 1078 398 perti-

410 415 488 437 nere
521 401 757 449 cognitionem
785 400 1078 447 amphiboliarum

407 463 581 497 eam,quae
593 463 611 484 a
621 447 1078 496 dialefficisprofertur.nios

407 511 491 534 vero
515 498 733 539 arbitramur,
760 509 828 531 non
853 497 958 532 modo
982 497 1080 531 nullo

407 546 606 593 adjumento
622 547 698 590 esse,
720 546 773 580 sed
792 545 908 593 potius
926 545 1078 580 maximo

407 595 665 643 impedimento.
725 596 856 630 Omnes
893 595 984 628 enim
1027 594 1077 628 illi

406 644 634 691 amphibolias
648 653 878 690 aucupantur,
889 654 944 677 eas
961 642 1076 685 etiam,

407 704 489 739 quae
519 705 563 727 ex
601 693 704 727 altera
743 702 838 739 parte
881 691 1076 725 sententiam

406 742 539 776 nullam
558 741 695 788 poffunt
715 739 936 787 interpretari.
957 740 1078 786 Itaque

406 800 440 824 et
465 789 565 825 alieni
582 789 742 824 sermonis
761 788 892 823 molesti
920 788 1077 835 interpel-

407 838 544 879 latores,
569 849 603 873 et
620 837 734 885 scripti
754 847 828 872 tum
855 836 975 878 odiosi,
1003 847 1078 871 tum

407 887 556 929 obscuri,
585 887 782 933 interpretes
810 885 912 926 sunt·‚
939 895 973 920 et
993 886 1079 920 dum

408 946 507 970 caute
523 946 557 970 et
573 936 730 982 expedite
747 935 844 981 loqui
863 934 1000 975 volunt,
1029 935 1077 969 in—

408 983 582 1018 fantiffimi
617 984 842 1030 reperiuntur.
907 983 960 1017 lta
993 983 1078 1017 dum

409 1042 567 1067 metuunt
587 1032 618 1066 in
637 1033 796 1074 dicendo,
823 1044 864 1066 ne
893 1031 979 1077 quid
1007 1043 1078 1066 am—

409 1081 556 1127 biguum
587 1081 713 1121 dicant,
742 1092 865 1115 nomen
882 1079 981 1114 suum
1000 1092 1078 1127 pro-

409 1130 564 1164 nuntiare
581 1142 648 1164 non
669 1129 816 1176 possunt.
857 1128 987 1162 Verum
1019 1129 1079 1162 lio-

409 1190 486 1212 rum
518 1178 663 1225 pueriles
689 1178 866 1225 opiniones
895 1177 1080 1212 reetissimis

409 1227 612 1267 rationibus,
637 1238 717 1260 cum
738 1226 845 1266 voles,
874 1225 1076 1260 refellemus.

409 1275 450 1310 In
483 1275 660 1322 praesentia
686 1275 751 1309 hoc
782 1274 980 1308 interdicere
1010 1285 1078 1308 non

408 1324 557 1358 alienum
591 1322 670 1364 fuit,
715 1332 753 1356 ut
785 1321 887 1367 hujus
924 1321 1077 1356 infantiae

405 1373 579 1419 garrulam
608 1371 823 1418 disciplinam
846 1380 1074 1405 contemnere-

405 1433 495 1456 muS.

454 1470 538 1504 XII.
578 1469 672 1504 Cum
699 1468 897 1503 definitione
927 1477 1076 1510 utemur,

406 1519 559 1566 primum
593 1517 772 1552 afferemus
803 1517 941 1551 brevem
976 1529 1076 1551 voca-

408 1567 482 1602 buli
500 1567 746 1608 definitionem,
765 1566 830 1601 hoc
849 1567 974 1600 modo:
995 1568 1075 1601 Ma-

397 1617 540 1663 jestatem
569 1618 596 1650 is
623 1618 745 1655 minuit,
771 1617 822 1662 qui
855 1626 892 1648 ea
920 1614 1014 1655 tollit,
1041 1627 1078 1648 ex

406 1665 515 1712 quibus
531 1665 621 1698 rebus
648 1666 793 1698 ‹ivitatis
818 1663 986 1709 amplitudo
1009 1676 1077 1698 con-

396 1715 466 1758 stat
480 1727 492 1748 .·
518 1726 584 1760 quae
592 1713 670 1759 sunt
689 1725 724 1747 ea
739 1714 756 1747 ?
782 1724 849 1759 quae
867 1714 991 1758 capiunt
1001 1712 1072 1758 suf-

397 1762 514 1809 fragia
527 1761 646 1807 populi,
672 1770 701 1796 et
719 1763 920 1807 magistratus
940 1761 1072 1804 corfilia.

405 1811 526 1857 Nempe
543 1813 642 1856 igitur
661 1818 696 1845 tu
713 1818 742 1844 et
756 1811 901 1855 populum
920 1809 1078 1855 Jiaeffragio

404 1868 436 1894 et
461 1860 673 1907 magistratum
696 1859 813 1902 cmfii'io
835 1861 982 1904 privasti,
1010 1870 1077 1893 cum

402 1917 511 1954 pontes
530 1908 714 1953 disturbasti.
757 1907 844 1942 Item
870 1918 913 1941 ex
942 1918 1061 1942 contra

407 1958 482 1993 rio:
509 1958 709 2004 Majefiatem
737 1958 762 1990 is
791 1958 915 1995 minuit,
940 1959 991 2002 qui
1009 1967 1076 1990 am-

401 2006 583 2053 plnudinen.
615 2008 756 2040 civitatis
772 2003 954 2039 detrimento
970 2003 1077 2050 afficit.

406 2055 476 2101 Ego
503 2067 563 2090 non
589 2054 694 2100 affeci,
723 2053 782 2099 Jied
800 2054 949 2098 prohibui
977 2055 1076 2087 aetri-

406 2113 506 2138 mento
522 2121 532 2145 -,
556 2105 705 2138 ararium
722 2104 799 2137 enim
817 2102 1012 2147 conservavi,
1038 2101 1076 2136 Ii-

406 2151 504 2186 bidini
542 2153 693 2187 malorum
734 2152 844 2193 restiti,
892 2152 1077 2197 majestatem

406 2213 520 2235 omnem
536 2204 665 2236 interire
682 2212 740 2235 non
758 2199 859 2246 paffus
875 2201 956 2245 sum.
999 2200 1074 2235 Pri-

407 2261 504 2284 mum
523 2249 627 2296 igitur
639 2250 803 2284 vocabuli
823 2248 980 2283 sententia
1000 2249 1074 2283 bre-

406 2299 506 2339 viter,
536 2307 569 2332 et
599 2298 640 2332 ad
669 2297 851 2332 utilitatem
879 2297 989 2332 causae
1019 2309 1057 2332 ac

407 2345 636 2387 commodate,
671 2345 886 2381 describetur.
939 2346 1074 2380 Deinde

407 2394 537 2430 fac'tum
578 2393 730 2429 nostrum
766 2405 848 2429 cum
885 2394 981 2429 verbi
1015 2395 1072 2429 de-

404 2444 586 2493 scriptione
637 2441 875 2490 conjungetur.
939 2442 1075 2478 Deinde

1723 213 1799 267 165

1129 303 1308 338 contrariae
1325 303 1560 353 descriptionis
1589 306 1675 343 ratio
1702 308 1800 344 refel-

1129 352 1230 393 letur,
1259 352 1281 386 si
1301 363 1361 387 aut
1377 351 1459 389 falsa
1475 355 1552 397 erit,
1579 366 1638 391 aut
1657 358 1801 401 inutilis,

1130 410 1189 434 aut
1207 401 1332 453 turpis,
1360 412 1420 436 aut
1438 401 1605 449 injuriosa.
1651 406 1692 440 Id
1710 419 1799 453 quo-

1129 461 1198 496 que
1214 461 1254 483 ex
1276 449 1365 495 Juris
1393 452 1549 496 partibus
1580 453 1732 489 sumetur
1756 456 1800 491 de

1124 496 1311 544 juridiciali
1330 498 1495 540 absoluta,
1516 501 1558 535 de
1575 501 1729 548 quajam
1749 504 1800 539 lo·

1127 558 1287 593 quemur.
1322 547 1507 594 Qaeritur
1525 549 1558 583 in
1576 551 1799 587 transsationi-

1129 595 1206 636 bus,
1235 595 1399 640 primum,
1419 609 1502 631 num
1521 597 1645 644 aliquis
1663 598 1734 646 ejus
1752 601 1799 636 rei

1128 643 1296 678 astionem
1315 657 1375 691 per
1393 645 1591 691 petitionem
1611 657 1670 682 aut
1693 649 1799 695 perse-

1128 692 1303 727 cutionem
1321 693 1455 736 habeat,
1483 706 1587 741 quem
1611 708 1679 730 non
1696 709 1800 744 opor-

1128 750 1222 783 teat·,
1259 753 1342 776 num
1378 742 1445 776 alio
1475 744 1592 786 modo,
1633 755 1798 793 tempore,

1129 789 1218 832 loco,
1258 801 1341 824 num
1378 791 1442 825 alia
1487 791 1571 838 lege,
1616 805 1699 828 num
1733 795 1802 830 alio

1129 849 1318 884 quaerente,
1345 849 1404 874 aut
1421 851 1551 886 agente.
1604 842 1698 877 Haec
1717 843 1801 890 legi-

1131 887 1208 928 bus,
1236 888 1404 929 moribus,
1431 900 1537 935 aequo
1557 899 1592 924 et
1619 891 1723 933 bono,
1750 904 1800 927 re-

1129 936 1314 982 perientur,
1339 937 1381 971 de
1398 937 1527 983 quibus
1544 938 1677 974 dicetur
1695 941 1727 974 in
1740 939 1799 987 ju-

1130 984 1272 1019 ridiciali
1291 984 1454 1020 absoluta.
1499 986 1539 1020 ln
1569 988 1667 1022 causa
1697 990 1801 1024 ratio·

1130 1033 1195 1067 nali
1227 1033 1379 1079 primum
1398 1044 1586 1080 quaeretur,
1611 1037 1737 1084 ecquid
1765 1039 1802 1073 in

1131 1082 1232 1116 rebus
1263 1081 1462 1128 majoribus,
1505 1094 1564 1118 aut
1594 1085 1800 1129 minoribus,

1130 1141 1189 1164 aut
1224 1130 1404 1173 similibus,
1441 1132 1593 1167 similiter
1635 1133 1799 1180 scriptum

1130 1189 1188 1212 aut
1203 1177 1396 1225 judicatum
1416 1179 1466 1215 fit.
1507 1181 1653 1224 Deinde,
1681 1194 1801 1219 utrum

1128 1239 1166 1261 ea
1186 1240 1234 1261 res
1253 1227 1369 1262 similis
1388 1228 1428 1262 sit
1444 1229 1473 1263 ei
1493 1229 1552 1270 rei,
1579 1242 1649 1276 qua
1666 1231 1708 1266 de
1725 1233 1798 1279 agi-

1130 1285 1198 1317 tur,
1227 1287 1268 1309 an
1286 1276 1462 1311 dissimilis.
1508 1277 1654 1321 Deinde,
1680 1291 1798 1316 utrum

1128 1323 1284 1358 consulto
1302 1325 1344 1358 de
1360 1337 1398 1358 ea
1417 1337 1451 1359 re
1467 1325 1631 1372 scriptum
1651 1341 1719 1363 non
1745 1330 1799 1372 sit,

1128 1372 1225 1418 quod
1253 1373 1401 1407 noluerit
1418 1385 1548 1415 cavere,
1576 1386 1618 1409 an
1637 1377 1732 1422 quod
1751 1378 1798 1412 sa—

1129 1430 1171 1455 tis
1202 1431 1343 1455 cautum
1370 1422 1513 1468 putarit,
1540 1434 1681 1471 propter
1698 1436 1800 1461 caete-

1129 1481 1246 1504 rorum
1289 1469 1494 1517 scriptorum
1531 1472 1798 1511 similitudinem.

1128 1519 1184 1553 De
1214 1518 1557 1566 partibuslegitirnae
1585 1522 1799 1558 constitutio-

1128 1567 1179 1601 nis
1198 1567 1272 1602 satis
1291 1567 1423 1602 dic‘tum
1441 1569 1487 1603 est
1504 1586 1514 1610 ·‚
1542 1582 1632 1605 nunc
1651 1571 1694 1606 ad
1709 1570 1796 1618 juri-

1127 1616 1283 1650 dicialem
1303 1627 1523 1653 revertamur.

1179 1665 1277 1700 XIII.
1307 1665 1479 1700 Absoluta
1500 1665 1683 1713 juridiciali
1715 1681 1796 1705 con-

1124 1713 1299 1748 stitutione
1318 1725 1466 1757 utemur,
1492 1727 1573 1750 curn
1590 1717 1694 1763 ipsam
1712 1731 1797 1762 rem,

1125 1774 1231 1808 quam
1251 1775 1311 1796 nos
1339 1762 1451 1798 feciffe
1481 1765 1696 1807 confitemur,
1718 1766 1798 1813 jure

1127 1810 1252 1845 fastam
1270 1811 1437 1853 dicemus,
1466 1812 1531 1847 sine
1549 1814 1619 1847 ulla
1646 1815 1795 1864 affump-

1127 1859 1219 1894 tione
1247 1860 1403 1894 extrariae
1432 1859 1645 1897 defensionis.
1691 1865 1729 1899 In
1758 1877 1800 1900 ea.

1125 1909 1235 1954 quaeri
1255 1910 1426 1949 convenit,
1447 1907 1569 1955 jurene
1585 1909 1716 1947 faetum
1743 1915 1795 1949 sit.

1126 1957 1182 1991 De
1209 1969 1250 1992 eo
1274 1957 1373 1991 causa
1399 1958 1508 2004 posita
1531 1959 1642 1994 dicere
1670 1963 1796 2008 poteri-

1126 2017 1216 2047 mus,
1252 2006 1289 2048 si,
1323 2017 1367 2040 ex
1395 2007 1525 2053 quibus
1557 2008 1713 2054 partibus
1736 2010 1796 2056 jus

1126 2054 1269 2097 constet,
1317 2055 1593 2102 cognoverimus.
1654 2059 1797 2095 Constat

1128 2102 1234 2150 igitur
1266 2115 1308 2138 ex
1343 2103 1394 2138 his
1435 2104 1616 2151 partibus;
1661 2117 1794 2151 natura,

1127 2152 1212 2199 lege,
1232 2151 1487 2195 consuetudine,
1500 2152 1670 2200 judicato,
1689 2167 1794 2203 aequo

1124 2210 1158 2235 et
1185 2201 1290 2243 bono,
1316 2201 1428 2248 paCto.
1486 2203 1620 2237 Natura
1643 2202 1702 2249 jus
1731 2205 1792 2247 est,

1124 2249 1222 2296 quod
1238 2250 1451 2296 cognationis
1467 2260 1527 2284 aut
1545 2250 1678 2295 pietatis
1695 2253 1796 2289 causa

1123 2297 1347 2339 observatum
1383 2310 1456 2345 quo
1482 2297 1561 2344 jure
1587 2310 1742 2345 parentes
1772 2315 1793 2337 a

1123 2346 1250 2389 liberis,
1276 2357 1310 2380 et
1335 2358 1352 2380 a
1382 2347 1580 2393 parentibus
1597 2348 1707 2392 liberi,
1733 2362 1795 2387 co-

1123 2395 1254 2429 luntur.
1294 2395 1390 2442 Lege
1402 2394 1461 2441 jus
1477 2395 1524 2430 est
1542 2395 1589 2439 id,
1614 2398 1710 2443 quod
1729 2411 1796 2446 po-

1124 2443 1198 2490 puli
1220 2441 1314 2490 juffu
1332 2443 1496 2479 sancitum
1513 2444 1585 2488 est3
1611 2447 1706 2494 quod
1731 2460 1796 2496 ge-
