2335 3009
538 231 614 260 100
988 217 1473 257 EPISTOLAE

538 316 613 354 tibi
634 315 839 355 meliorem
860 316 1150 369 rempublicam
1169 316 1242 355 effe
1262 316 1481 356 faciendam
1496 336 1508 363 ;
1531 325 1612 363 aut,
1635 317 1661 357 fi
1681 318 1779 372 quid
1799 316 1929 358 offen-

538 381 624 421 sum
646 383 704 428 fit,
734 395 805 435 per
826 390 863 420 te
883 381 956 421 esse
975 382 1137 421 eandem
1160 383 1477 435 recuperandam.
1511 383 1623 422 Vale.

934 584 1178 623 CICERO
1230 583 1444 622 Bau-ro
1496 583 1534 622 S,

539 714 596 753 11.
622 712 898 786 PLANCI
927 712 1107 751 animum
1127 712 1168 750 in
1189 711 1479 765 rempublicam
1498 712 1717 765 egregium,
1739 711 1931 766 legiones,

699 779 858 823 auxilia,
890 779 1037 831 copias,
1068 791 1116 816 ex
1140 777 1265 817 literis
1285 779 1385 830 ejus,
1416 791 1584 831 quarum
1604 778 1835 831 exemplum
1857 779 1934 817 tibi

538 845 698 885 miffum
718 845 900 890 arbitror,
932 844 1148 898 perspicere
1168 843 1345 898 potuisti.
1380 844 1524 897 Lepidi
1544 844 1604 883 tui
1625 844 1821 883 neceffarii
1844 845 1934 898 (qui

540 911 756 950 secundum
778 909 941 949 fratrem
961 911 1094 949 affines
1114 909 1249 956 habet,
1279 923 1379 963 quos
1406 909 1549 956 oderit,
1581 909 1802 963 proximos)
1832 910 1933 949 levi-

541 986 722 1017 tatem-et
742 977 1059 1022 inconstantiam,
1087 977 1346 1030 animumque
1366 976 1517 1029 semper
1537 977 1750 1014 inimicum
1770 975 1934 1029 reipub-

539 1043 642 1089 licae,
667 1045 752 1096 jam
783 1043 900 1082 credo
932 1043 1008 1081 tibi
1038 1056 1088 1081 ex
1119 1051 1280 1081 tuorum
1302 1042 1426 1080 literis
1447 1041 1519 1080 effe
1538 1041 1799 1094 perspectum.
1846 1041 1935 1080 Nos

540 1109 759 1161 expediatio
789 1109 990 1153 sollicitat,
1021 1121 1109 1160 quae
1135 1107 1190 1145 est
1215 1107 1346 1145 omnis
1361 1108 1445 1159 jam
1466 1107 1508 1145 in
1527 1115 1752 1146 extremum
1770 1107 1937 1146 adducta

539 1174 766 1213 discrimen.
812 1173 882 1212 Est
901 1174 1010 1212 euim
1030 1172 1114 1226 spes
1135 1173 1266 1212 omnis
1287 1173 1330 1211 in
1349 1173 1474 1212 Bruto
1495 1172 1754 1226 expediendo,
1787 1173 1835 1212 de
1854 1187 1936 1227 quo

539 1238 794 1278 vehementer
824 1238 1078 1278 timebamus.
1122 1239 1213 1291 Ego
1245 1237 1314 1276 hic
1347 1251 1442 1276 cum
1471 1237 1636 1277 homine
1668 1237 1817 1278 furioso
1846 1238 1936 1278 satis

540 1304 668 1344 habeo
689 1305 840 1358 negotii
861 1304 1025 1342 Servilio
1041 1322 1054 1349 ;
1084 1316 1204 1356 quem
1227 1303 1302 1341 tuli
1322 1303 1488 1349 diutius,
1519 1317 1638 1357 quam
1659 1304 1830 1357 dignitas
1851 1318 1939 1344 mea

541 1371 785 1425 patiebatur:
809 1369 873 1409 sed
894 1370 970 1408 tuli
990 1369 1220 1423 reipublicae
1240 1368 1365 1414 causa,
1383 1383 1431 1408 ne
1452 1370 1583 1408 darem
1600 1370 1764 1423 perditis
1780 1371 1936 1410 civibus

539 1437 748 1477 hominem
769 1449 907 1489 parum
927 1436 1063 1474 sanum
1083 1435 1201 1474 illurn
1222 1435 1400 1488 quidem,
1418 1435 1483 1474 sed
1498 1445 1630 1474 tamen
1646 1436 1837 1482 nobilem,
1855 1450 1937 1490 quo

539 1512 846 1543 concurrerent:
869 1502 977 1556 quod
998 1501 1151 1540 faciunt
1172 1501 1461 1541 nihilominus:
1490 1501 1552 1540 sed
1572 1515 1664 1540 eum
1685 1501 1939 1542 alienandum

539 1583 563 1609 a
591 1569 795 1623 republica
826 1581 906 1607 non
936 1568 1139 1621 putabam.
1186 1567 1330 1606 Finem
1351 1566 1428 1606 feci
1448 1568 1532 1620 ejus
1553 1566 1705 1606 ferendi
1721 1586 1734 1613 5
1765 1577 1939 1621 coeperat

541 1636 651 1674 enim
671 1635 743 1674 esse
765 1643 872 1674 tanta
898 1633 1120 1679 insolentia,
1152 1641 1196 1672 ut
1229 1633 1429 1672 neminem
1462 1633 1634 1671 liberum
1663 1632 1838 1673 duceret.
1888 1635 1937 1672 In

544 1701 681 1741 Planci
701 1714 792 1739 vero
812 1699 924 1738 causa
943 1699 1081 1738 exarfit
1101 1698 1328 1738 incredibili
1350 1698 1499 1744 dolore,
1524 1712 1763 1751 mecumque
1783 1713 1852 1751 per
1872 1699 1936 1737 bi-

543 1768 669 1807 duum
698 1767 753 1805 ita
781 1765 1002 1810 contendit,
1033 1774 1073 1803 et
1093 1779 1113 1803 a
1133 1779 1196 1804 me
1217 1766 1271 1803 ita
1291 1764 1434 1803 fractus
1455 1764 1523 1810 est,
1557 1774 1600 1803 ut
1620 1778 1711 1803 eum
1732 1765 1775 1802 in
1795 1779 1936 1818 perpe-

543 1843 660 1874 tuum
694 1832 969 1872 modestiorem
1005 1831 1154 1884 sperem
1189 1831 1286 1877 for-e.
1334 1832 1469 1884 Atque
1499 1831 1542 1870 in
1575 1830 1648 1870 hac
1682 1833 1939 1870 contentione

542 1901 639 1954 ipsa,
670 1914 764 1938 cum
785 1899 956 1938 maxime
978 1912 1035 1937 res
1057 1908 1235 1951 ageretur
1253 1911 1288 1937 a.
1312 1898 1352 1937 d.
1383 1911 1407 1935 v
1431 1897 1491 1937 Id.
1522 1897 1653 1951 April.
1682 1897 1805 1936 literae
1836 1898 1939 1937 mihi

544 1967 586 2005 in
608 1966 739 2005 senatu
762 1964 920 2003 redditae
941 1964 1030 2002 sunt
1050 1978 1070 2002 a
1091 1964 1266 2003 Lentulo
1287 1963 1432 2010 nostro,
1463 1964 1510 2002 de
1532 1963 1673 2008 Caffio,
1699 1963 1746 2002 de
1768 1963 1939 2016 legioni-

545 2034 634 2079 bus,
666 2033 713 2072 de
734 2032 864 2084 Syria:
897 2044 993 2084 quas
1014 2030 1143 2069 statim
1164 2045 1257 2069 cum
1279 2030 1548 2076 recitaviffem,
1571 2030 1715 2069 cecidit
1736 2031 1938 2077 Servilius,

544 2100 770 2153 complures
793 2107 1000 2152 praeterea:
1034 2097 1122 2136 sunt
1142 2098 1250 2136 enim
1282 2097 1451 2150 insignes
1483 2097 1650 2150 aliquot,
1682 2097 1751 2149 qui
1784 2097 1938 2150 impro-

546 2167 698 2206 biffime
720 2165 907 2204 sentiunt.
955 2164 1027 2202 Sed
1048 2164 1288 2202 acerbissime
1309 2163 1402 2202 tulit
1425 2164 1625 2209 Servilius,
1658 2163 1845 2201 ass'cnsum
1865 2163 1941 2202 esse

545 2231 648 2272 mihi
678 2232 725 2271 de
756 2231 917 2270 Planco.
965 2230 1164 2283 Magnum
1194 2230 1296 2269 illud
1324 2229 1546 2269 monstrum
1575 2230 1617 2268 in
1647 2229 1850 2283 republica
1868 2228 1937 2275 est,

545 2298 609 2338 sed
630 2312 710 2352 quo
740 2301 763 2325 ⁴*
788 2301 810 2326 *
832 2297 979 2351 ΒςΙὶιηῐ
998 2296 1148 2351 reliqua.
