2335 3009
554 244 634 282 244
866 232 930 271 M.

556 326 672 362 scribit
690 327 813 362 Cicero
833 336 890 373 pro
918 332 955 363 C.
976 327 1122 368 Rabirio,
1149 336 1218 373 cap.

556 388 591 423 9.
617 386 651 410 et
680 376 837 410 Valerius
867 376 919 410 lib.
951 376 1051 411 VlIl.
1087 385 1154 422 cap.
1190 388 1219 411 1.

557 424 619 471 qui
637 423 696 465 ait,
721 435 801 459 eum
819 425 893 470 lege
921 425 1069 471 Agraria
1095 424 1221 471 gratio-

557 473 631 507 sum
657 471 765 508 fuisse.
817 473 879 508 Est
907 485 990 520 ergo
1013 473 1054 515 is,
1079 473 1122 507 de
1150 485 1223 520 quo

557 520 758 567 Obsequens
789 520 822 555 in
854 521 1000 556 Antonii
1037 531 1070 556 et
1100 521 1223 556 Albini

557 567 748 604 Consulatu
776 569 851 604 haec
884 569 1024 604 scribit:
1057 571 1128 604 Sex.
1167 570 1223 604 ‘Ti-

557 619 620 653 tius
651 618 787 662 (Sextius
817 614 850 653 in
877 617 1099 665 Obsequente
1127 630 1222 652 men-

557 665 636 701 dose
653 665 795 713 legitur)
823 667 966 701 tribunus
979 666 1062 712 pleb.
1081 666 1118 700 de
1135 668 1224 711 agris

555 713 729 749 dividendis
748 714 873 761 populo,
900 727 968 749 cum
985 715 1224 761 repugnantibus

556 763 689 810 collegis,
731 764 938 808 pertinaciter
978 763 1072 809 legem
1105 763 1223 808 ferret,

557 814 647 847 corvi
662 812 719 846 duo
737 823 859 846 numero
878 813 912 846 in
933 811 997 846 alto
1020 810 1160 846 volantes
1176 813 1224 846 ita

553 868 782 906 pugnaverunt
792 861 892 906 supra
909 861 1087 902 concionem,
1106 867 1142 895 ut
1159 860 1223 905 ros-

557 911 619 943 tris
647 908 850 955 unguibusque
873 908 1100 944 lacerarentur.
1152 910 1223 944 Ha-

557 957 688 1003 ruspices
707 958 806 1002 sacra
831 957 990 1002 Apollinis
1019 956 1156 1000 litanda,
1195 965 1224 992 et

556 1005 595 1041 de
611 1005 685 1052 lege,
701 1006 953 1053 quaeferebatur,
970 1005 1224 1052 supersedendum

551 1057 817 1100 pronuntiarunt.
870 1054 976 1089 Unde
992 1054 1224 1089 emendandus

556 1103 605 1138 est
623 1103 719 1137 locus
736 1102 911 1138 Ciceronis
928 1103 981 1137 lib.
1003 1103 1045 1138 ll.
1076 1103 1112 1137 de
1130 1104 1223 1149 Legi-

556 1151 625 1194 bus,
652 1160 720 1197 cap.
756 1163 808 1186 12.
837 1160 1020 1197 corruptus
1047 1151 1159 1185 adhuc
1188 1151 1222 1185 in

556 1200 720 1234 omnibus
756 1198 866 1241 libris,
907 1200 1009 1234 etiam
1044 1199 1222 1234 Manutia·

556 1248 608 1282 nis
643 1247 831 1295 postremis.
870 1247 925 1282 Sic
949 1247 1041 1283 enim
1069 1247 1217 1294 legitur:

553 1295 646 1342 Qid
672 1296 840 1343 religiofius
877 1307 970 1343 quam
1000 1308 1067 1332 cum
1094 1297 1219 1343 populo,

555 1357 623 1379 cum
635 1345 722 1391 plebe
750 1344 860 1391 agendi
872 1345 933 1391 jus
963 1353 1021 1380 aut
1049 1344 1137 1387 dare,
1163 1352 1221 1380 aut

554 1405 615 1428 non
659 1394 736 1428 dare
749 1394 768 1427 ?
809 1395 903 1440 quid,
936 1394 1014 1440 leges
1054 1405 1114 1428 non
1142 1395 1221 1440 jure

552 1451 684 1487 rogatas
729 1441 847 1485 tollere,
884 1450 919 1477 ut
959 1445 1054 1477 etiam
1102 1441 1221 1477 decreto

554 1491 682 1536 collegii,
708 1498 744 1525 ut
774 1491 904 1532 Livias,
930 1492 1048 1534 confilio
1081 1491 1221 1537 Philippi

553 1540 689 1585 Consulis
713 1547 743 1574 et
769 1540 928 1586 auguris?
956 1539 995 1574 In
1013 1540 1130 1575 codice
1150 1552 1220 1575 rna-

555 1588 730 1636 nuscripto
760 1600 835 1636 pro,
874 1596 908 1622 ut
933 1590 1041 1630 etiam,
1082 1589 1220 1636 legitur,

553 1645 590 1672 ut
619 1640 754 1678 tetiam-,
782 1646 833 1678 tu,
860 1645 895 1671 ut
923 1637 1055 1679 Titiam,
1072 1642 1219 1685 repone.

553 1686 649 1721 Nam
677 1685 711 1720 in
728 1685 849 1720 eodem
874 1685 976 1729 libro,
1006 1687 1126 1722 Levias
1158 1698 1222 1734 pro

553 1735 670 1769 Livias
687 1733 851 1781 scriptum
864 1733 922 1769 est.

603 1783 673 1817 His
714 1781 913 1817 consulibus
955 1782 997 1817 C.
1031 1782 1219 1819 Claudium

554 1831 745 1867 Pulchrum
762 1843 855 1872 eum,
883 1830 943 1878 qui
969 1831 1113 1878 septimo
1130 1844 1220 1867 anno

552 1880 629 1927 post
645 1879 762 1915 consul
794 1878 872 1922 fuit,
901 1880 1037 1915 aedilem
1062 1881 1219 1916 curulem

551 1927 651 1963 fuilse
679 1940 721 1963 ex
749 1928 851 1963 Plinii
881 1928 936 1963 lib.
959 1929 1054 1964 VIII.
1083 1939 1149 1975 cap.
1183 1941 1217 1976 7.

551 1976 800 2023 cognoscimus.
861 1977 954 2012 Eum
996 1979 1217 2024 magnificen-

552 2026 673 2060 tissima
690 2025 852 2060 aedilitate
882 2024 1043 2060 funCIum
1068 2027 1131 2062 esse
1157 2027 1217 2062 Ci-

551 2085 642 2117 cero,
667 2073 722 2108 lib.
756 2074 798 2120 ll.
828 2073 870 2108 de
892 2074 1040 2115 Officiis,
1067 2085 1134 2120 cap.
1162 2076 1214 2110 16.

550 2121 607 2157 ait.
660 2122 716 2157 De
751 2121 872 2157 eodem
914 2123 946 2157 in
979 2123 1119 2158 Verrem
1150 2123 1213 2159 Vl.

549 2183 623 2218 cap.
647 2182 679 2217 3.
729 2171 765 2205 C.
785 2170 944 2213 Claudius,
971 2172 1054 2215 cujus
1079 2171 1215 2207 aedilita·

549 2228 608 2254 tcm
636 2219 952 2265 magnficenttffimam
974 2220 1088 2264 scimus
1109 2221 1215 2268 suiffe,

548 2269 615 2309 usus
640 2270 679 2311 est
706 2268 762 2302 hoc
786 2268 935 2314 Cupidine
961 2276 1026 2302 tam
1050 2269 1116 2310 diu,
1142 2271 1214 2304 dum

539 2319 648 2361 sorum
684 2318 754 2352 Diis
789 2317 1014 2352 immortalibus
1043 2319 1214 2365 populoque

547 2366 688 2400 Romano
706 2366 814 2401 hahuit
833 2374 988 2401 ornatum.

991 233 1045 271 T.
1107 233 1636 273 CICERONIS

1289 330 1400 368 Anno
1422 330 1529 369 Urbis
1550 331 1600 383 65
1607 344 1645 383 5.
1680 330 1859 370 Ciceronis
1878 344 1919 383 9.

1415 402 1606 442 Consules
1636 402 1798 442 fuerunt

1292 463 1360 514 Q
1379 463 1617 502 CAEC1L1us
1655 464 1918 503 Meri-:Ltus

1366 523 1537 568 Nepos,
1568 526 1622 563 T.
1657 525 1844 564 Dmms.

1323 618 1385 653 Ab
1403 619 1454 653 his
1485 620 1696 656 Consulibus
1727 620 1793 656 lata
1820 621 1867 656 est
1884 621 1940 657 lex

1273 666 1417 702 Caecilia
1446 667 1564 710 Didia,
1599 668 1643 703 ab
1674 669 1851 716 utriusque
1880 682 1940 705 no.

1275 715 1366 750 mine
1395 715 1497 751 dicta.
1549 715 1661 764 Cujus
1695 718 1851 753 meminit
1879 717 1940 753 Ci-

1274 775 1352 798 cero
1379 773 1438 810 pro
1477 766 1588 808 Domo,
1626 775 1692 811 cap.
1730 767 1783 802 16.
1822 774 1854 801 et
1881 778 1939 803 20.

1274 811 1444 857 Philipv.
1460 823 1528 859 cap.
1549 825 1581 859 3.
1600 815 1685 859 epist.
1706 827 1740 861 9.
1762 815 1800 861 [l.
1819 815 1870 861 8.]
1883 815 1936 850 lib.

1273 859 1318 896 ll.
1337 860 1382 895 ad
1398 863 1495 897 Attic.
1520 862 1582 897 ubi
1599 863 1709 910 vulgo
1727 863 1857 899 Caeliam
1874 865 1939 900 Di-

1272 908 1370 950 diam,
1410 910 1496 945 sicut
1532 923 1597 958 pro
1626 911 1743 947 Sextio
1772 923 1848 959 cap.
1880 913 1937 956 64.

1273 957 1409 993 Aciliam
1438 959 1583 1001 Didiam,
1615 959 1775 995 mendose
1803 961 1939 1007 legitur.

1274 1005 1395 1052 Hujus
1423 1007 1506 1053 legis
1535 1008 1608 1042 duo
1636 1008 1750 1055 capita
1774 1007 1939 1045 fuerunt:

1275 1066 1397 1096 unum,
1433 1067 1475 1089 ne
1503 1055 1642 1090 diversis
1673 1057 1716 1090 de
1748 1057 1849 1092 rebus
1884 1057 1941 1093 lex

1274 1101 1444 1144 ferretur;
1479 1103 1638 1147 alterum,
1675 1114 1714 1139 ut
1754 1105 1844 1151 leges
1879 1106 1940 1142 tri-

1273 1150 1429 1186 nundino
1447 1153 1760 1200 promulgarentur.
1802 1154 1942 1190 Auctor

1273 1200 1396 1234 Cicero
1414 1200 1498 1235 locis
1509 1199 1583 1248 jam
1602 1201 1725 1237 citatis.

1320 1248 1504 1284 Manutius
1532 1249 1566 1284 in
1596 1250 1686 1285 libro
1715 1250 1759 1286 de
1780 1250 1939 1299 Legibus

1269 1296 1356 1332 duas
1382 1297 1472 1345 leges
1501 1297 1660 1334 Caecilias
1688 1299 1811 1335 Didias
1839 1301 1940 1337 fuisse

1270 1346 1430 1388 affirmat,
1455 1358 1560 1394 quem
1578 1347 1662 1394 lege.
1708 1348 1792 1383 Hoc
1809 1360 1851 1384 ex
1870 1349 1938 1385 As-

1270 1394 1372 1429 conio
1402 1394 1611 1438 addendum,
1648 1395 1771 1443 Hujus
1800 1397 1937 1434 Metelli

1271 1442 1418 1478 consulis
1460 1443 1573 1479 filium
1613 1443 1711 1480 fuisse
1750 1445 1937 1483 Metellum

1274 1491 1445 1538 Nepotem
1474 1504 1567 1535 eum,
1593 1493 1654 1540 qui
1672 1505 1754 1528 cum
1772 1494 1940 1531 Cicerone

1273 1539 1466 1575 inimicitias
1483 1543 1590 1588 geffit.
1642 1543 1762 1590 Qiem
1788 1543 1937 1579 Herbes-

1272 1598 1328 1623 tus
1347 1588 1456 1624 nescio
1478 1590 1569 1636 quis,
1595 1602 1708 1625 errore
1737 1603 1805 1626 non
1827 1590 1938 1628 feren-

1271 1637 1329 1679 do,
1354 1638 1502 1673 eundem
1520 1651 1601 1674 cum
1618 1649 1714 1687 patre
1730 1638 1826 1676 facit.

1267 1739 1379 1777 Anno
1399 1737 1507 1778 Urbis
1526 1739 1550 1777 6
1556 1740 1620 1792 56.
1666 1741 1846 1780 Ciceronis
1870 1755 1936 1783 10.

1411 1811 1601 1851 Consules
1631 1811 1794 1852 fuerunt

1270 1871 1319 1910 C.
1353 1872 1621 1912 Commius
1660 1874 1933 1922 Lamnus,

1331 1932 1376 1971 P.
1400 1932 1618 1973 L1cm1us
1643 1935 1867 1975 CnAssus.

1316 2028 1356 2063 P.
1385 2029 1522 2065 Crass‘us
1549 2041 1644 2079 pater
1659 2031 1707 2067 est
1732 2032 1787 2067 M.
1815 2034 1934 2074 ctam,

1265 2077 1307 2112 de
1321 2076 1419 2124 cujus
1434 2078 1572 2115 censura
1584 2080 1626 2115 ad
1641 2092 1768 2115 annum
1787 2094 1931 2118 cccxiv.

1265 2126 1307 2160 de
1335 2126 1471 2162 interitu
1497 2128 1539 2163 ad
1557 2141 1635 2164 ann.
1663 2141 1814 2165 Dctxvi.
1846 2130 1933 2166 infra

1266 2174 1431 2210 dicemus.
1480 2175 1568 2223 Ejus
1595 2175 1662 2213 fuit
1688 2179 1813 2213 domus
1832 2180 1931 2214 Cice-

1268 2223 1372 2266 tonis,
1396 2234 1434 2259 ut
1449 2224 1496 2259 est
1516 2225 1549 2260 in
1567 2226 1717 2262 Sallustii
1745 2228 1932 2271 lnveffiva,

1264 2281 1330 2317 cap.
1351 2284 1382 2307 2.

1316 2320 1447 2356 Eodem
1463 2333 1552 2357 anno
1569 2324 1719 2359 censores
1738 2324 1770 2359 in
1784 2325 1933 2361 Tabulis

1262 2369 1468 2416 Capitolinis
1482 2371 1714 2413 inveniuntur,
1730 2373 1933 2409 L.Valerius

1264 2418 1408 2453 flaccus
1435 2429 1468 2453 ct
1494 2421 1546 2454 M.
1568 2422 1757 2462 Antonius.
1783 2422 1826 2457 de
1852 2423 1932 2469 qui-

1264 2466 1328 2501 bus
1351 2467 1504 2505 Valerius
1531 2468 1629 2506 Max.
1656 2470 1711 2507 lsh.
1731 2471 1775 2507 11.
1802 2479 1871 2516 cap.
1894 2484 1933 2516 4.
