2335 3009
672 235 767 274 AD
824 234 894 286 Q
941 233 1306 273 FRATREM
1366 236 1498 275 LIB.
1552 238 1584 276 1.
1779 254 1819 280 11

434 333 755 387 conjunctionem
782 333 967 372 videlicet
994 333 1194 387 potestatis
1223 347 1267 372 ac
1297 333 1507 386 sapientiae,
1539 334 1653 372 saluti
1674 335 1824 374 censuit

433 399 659 439 civitatibus
680 399 753 437 effe
772 399 899 452 poffe:
923 399 1031 452 quod
1050 398 1205 437 fortaffe
1224 399 1435 451 aliquando
1457 399 1640 439 universae
1661 400 1822 452 reipub-

431 465 517 503 licae
538 463 689 510 nostrae,
721 477 828 502 nunc
848 464 1011 517 quidem
1031 463 1208 516 profecto
1229 463 1289 502 isti
1309 464 1537 516 provinciae,
1568 465 1753 517 contigit,
1781 472 1825 503 ut

432 529 464 568 is
486 529 527 567 in
548 543 591 568 ea
611 529 806 568 summam
833 530 1062 583 potestatem
1091 528 1267 574 haberet,
1299 530 1365 567 cui
1394 530 1436 567 in
1466 529 1656 575 doctrina,
1687 531 1752 569 cui
1783 531 1824 568 in

432 595 577 633 virtute
611 605 728 648 atque
762 595 1008 634 humanitate
1041 595 1307 649 percipienda,
1349 595 1570 648 plurimum
1604 609 1625 633 a
1658 597 1826 648 pueritia

430 660 548 699 studii
568 660 700 699 fuiss'et
719 670 759 700 et
780 662 983 715 temporis.
1017 663 1148 713 Qare
1169 675 1275 706 cura,
1294 670 1339 699 ut
1358 661 1425 699 hic
1446 675 1591 707 annus,
1609 663 1678 714 qui
1699 662 1745 699 ad
1766 663 1823 700 la-

432 726 569 765 borem
590 736 706 766 tuum
726 728 893 773 acceffit,
920 727 1024 766 idem
1047 727 1094 765 ad
1114 727 1278 766 salutem
1299 727 1398 766 Afiae
1418 737 1650 780 prorogatus
1671 728 1742 766 effe
1763 728 1824 766 vi-

430 792 580 832 deatur.
624 794 827 846 Qoniam
857 794 897 832 in
921 803 958 832 te
978 793 1184 832 retinendo
1203 792 1282 831 fuit
1302 793 1391 831 Asia
1411 792 1581 838 felicior,
1613 807 1732 846 quam
1753 807 1823 832 nos

430 859 471 898 in
493 859 746 905 deducendo;
770 860 928 913 perfice,
947 869 991 898 ut
1011 860 1147 898 laetitia
1162 859 1375 913 provinciae
1396 859 1629 898 defiderium
1650 859 1826 898 nostrum

430 926 614 966 leniatur.
653 927 831 972 Etenim,
864 927 890 965 sl
912 927 953 965 in
974 926 1250 980 promerendo,
1281 936 1326 964 ut
1347 926 1422 964 tibi
1444 927 1541 964 tanti
1562 926 1730 966 honores
1751 926 1824 965 ha-

430 992 630 1039 berentur,
662 993 801 1046 quanti
825 993 931 1032 haud
952 993 1031 1032 scio
1051 1007 1099 1032 an
1121 993 1287 1038 nemini,
1319 992 1427 1031 fuisti
1448 993 1631 1032 omnium
1652 993 1825 1045 diligen-

430 1058 626 1104 tiffimus;
659 1059 789 1097 multo
822 1060 1011 1112 majorem
1042 1060 1083 1097 in
1111 1058 1173 1097 his
1200 1058 1421 1097 honoribus
1455 1058 1610 1097 tuendis
1640 1057 1826 1097 adhibere

430 1123 680 1175 diligentiam
701 1124 834 1162 debes.
880 1126 934 1162 Et
964 1124 1126 1177 quidem
1156 1125 1204 1163 de
1233 1125 1305 1163 isto
1335 1139 1474 1176 genere
1503 1124 1702 1163 honorum
1728 1123 1826 1177 quid

430 1187 630 1233 sentirem,
661 1189 792 1241 scripfi
821 1188 869 1226 ad
902 1198 939 1227 te
969 1198 1072 1227 ante.
1120 1190 1281 1242 Semper
1311 1203 1376 1227 eos
1408 1190 1557 1242 putavi,
1589 1190 1615 1228 fi
1648 1190 1825 1241 vulgares

430 1254 564 1299 effent‚
596 1254 720 1299 viles;
754 1254 780 1291 fi
807 1255 996 1306 temporis
1017 1254 1128 1292 causa
1148 1255 1492 1299 constituerentur,
1524 1256 1655 1301 leves;
1688 1256 1713 1294 fi
1736 1269 1826 1294 vero

432 1319 492 1372 (id
513 1319 620 1371 quod
641 1319 695 1357 ita
713 1317 864 1357 factum
885 1319 955 1370 est)
980 1319 1131 1357 meritis
1154 1320 1230 1357 tuis
1254 1319 1535 1365 tribuerentur,
1553 1321 1824 1360 existimabam

428 1386 599 1425 multam
620 1385 694 1423 tibi
715 1385 757 1423 in
776 1384 839 1423 his
861 1384 1080 1424 honoribus
1102 1385 1258 1424 tuendis
1291 1399 1448 1439 operam
1481 1386 1554 1425 effe
1584 1386 1823 1439 ponendam.

429 1453 576 1505 Qare,
594 1452 784 1504 quoniam
804 1453 845 1490 in
867 1452 947 1490 istis
971 1452 1136 1490 urbibus
1157 1466 1251 1490 cum
1271 1452 1427 1490 summo
1447 1452 1615 1506 imperio
1635 1463 1672 1491 et
1692 1453 1824 1506 potes-

429 1527 507 1556 tate
528 1518 700 1562 versaris,
731 1518 773 1555 in
795 1518 940 1570 quibus
962 1527 1046 1557 tuas
1068 1518 1232 1557 virtutes
1254 1518 1509 1564 consecratas,
1539 1528 1578 1557 et
1598 1520 1640 1557 in
1660 1519 1826 1559 deorum

429 1597 596 1622 numero
630 1583 856 1630 collocatas,
887 1584 994 1623 vides
1012 1602 1024 1630 ;
1067 1585 1109 1622 in
1144 1585 1332 1623 omnibus
1367 1585 1498 1631 rebus,
1536 1598 1631 1638 quas
1666 1585 1823 1633 statues,

428 1663 523 1703 quas
545 1650 743 1696 decernes,
775 1664 871 1703 quas
899 1664 1002 1703 ages,
1033 1651 1131 1704 quid
1157 1651 1276 1689 tantis
1305 1650 1519 1690 hominum
1549 1652 1822 1704 opinionibus,

428 1718 547 1755 tantis
570 1717 617 1755 de
647 1727 684 1755 te
708 1717 889 1770 judiciis,
921 1718 1040 1756 tantis
1069 1717 1305 1763 honoribus,
1336 1717 1490 1763 debeas,
1521 1719 1730 1771 cogitabis.
1777 1719 1823 1758 Id

427 1792 560 1822 autem
579 1783 654 1821 erit
673 1782 882 1836 ejusmodi,
911 1792 956 1822 ut
977 1782 1154 1822 consulas
1175 1784 1379 1829 omnibus,
1403 1793 1446 1821 ut
1469 1784 1644 1822 medeare
1664 1785 1822 1824 incom-
1848 1772 1850 1775 Ι

428 1849 557 1888 modis
578 1848 808 1895 hominum,
838 1849 1042 1903 provideas
1063 1849 1192 1895 saluti,
1218 1860 1263 1888 ut
1285 1859 1321 1888 te
1341 1859 1543 1903 parentem
1564 1850 1663 1890 Afiae
1683 1860 1722 1890 et
1742 1851 1823 1891 dici

427 1924 467 1954 et
486 1914 623 1954 haberi
642 1915 754 1954 velis.
1744 1951 1751 1964 ,

484 1981 560 2020 ΧΙ.
593 1982 729 2033 Atque
760 1980 856 2019 huic
889 1990 965 2020 tuae
996 1981 1192 2020 voluntati
1222 1994 1267 2020 ac
1301 1980 1518 2034 diligentiae
1545 1981 1823 2023 difficultatem

427 2060 613 2099 magnam
633 2046 802 2085 afferunt
823 2047 1056 2100 publicani;
1079 2047 1225 2100 quibus
1247 2048 1272 2086 s1
1294 2047 1552 2093 adversamur,
1574 2048 1754 2087 ordinem
1775 2050 1823 2089 de

428 2113 541 2151 nobis
562 2113 715 2166 optime
734 2114 938 2159 meritum,
970 2123 1008 2153 et
1028 2127 1097 2167 per
1116 2126 1187 2152 nos
1208 2128 1302 2153 cum
1323 2114 1526 2167 republica
1544 2116 1820 2167 conjunctum,

427 2188 467 2216 et
487 2192 507 2216 a
527 2179 641 2217 nobis
662 2188 701 2217 et
722 2193 741 2217 a
761 2180 964 2233 republica
992 2179 1246 2232 dijungemus
1265 2195 1274 2218 z
1308 2180 1363 2219 fin
1394 2189 1526 2218 autem
1558 2181 1746 2220 omnibus
1778 2183 1820 2220 in

428 2244 542 2283 rebus
562 2245 839 2299 obsequemur,
870 2245 1052 2285 funditus
1073 2259 1137 2284 eos
1160 2247 1284 2299 perire
1306 2247 1514 2299 patiemur,
1547 2260 1718 2298 quorum
1740 2261 1821 2288 non

427 2310 547 2348 modo
568 2311 697 2358 saluti,
728 2311 791 2350 sed
821 2312 939 2350 etiam
971 2312 1208 2357 commodis,
1240 2312 1442 2350 consulere
1468 2312 1672 2352 debemus.
1720 2314 1821 2353 Haec

427 2374 480 2413 est
501 2389 578 2413 una
600 2376 645 2428 (fi
664 2391 752 2416 vere
771 2379 944 2431 cogitare
964 2377 1169 2428 volumus)
1193 2378 1232 2416 in
1256 2387 1339 2416 toto
1363 2378 1532 2431 imperio
1553 2388 1622 2417 tuo
1643 2378 1819 2418 difficul-

427 2449 499 2480 tas.
534 2441 640 2480 Nam
659 2442 733 2480 effe
752 2443 1011 2483 abstinentem
1028 2463 1039 2489 3
1063 2444 1265 2482 continere
1285 2457 1422 2482 omnes
1443 2444 1704 2497 cupiditates;
1733 2446 1819 2484 suos

427 2520 633 2554 coercere,
674 2508 775 2560 juris
810 2511 1042 2562 aequabilem
1080 2520 1211 2549 tenere
1243 2511 1463 2555 rationem3
1511 2509 1670 2550 facilem
1705 2519 1743 2550 te
1777 2511 1819 2549 in

1431 2577 1460 2614 Β
1493 2588 1515 2614 2
