2335 3009
529 252 578 294 μ
882 207 1572 277 EPISTOLARUM

843 473 1110 513 MAncus
1157 470 1511 524 QFaArnx
1558 469 1596 508 S.

529 603 607 642 111.
634 600 680 673 S
694 601 808 640 CRI
824 601 920 640 PSI
950 601 996 639 ad
1018 608 1055 638 te
1075 608 1186 638 antea
1204 598 1425 651 superiora:
1449 611 1556 637 nunc
1577 595 1768 649 cognosce
1787 596 1916 650 postea

712 680 798 720 quae
831 665 904 704 sint
935 667 1029 704 afta.
1076 665 1113 702 A
1145 663 1223 701 kal.
1256 663 1353 701 Feb.
1386 663 1600 716 legationes
1621 663 1663 700 in
1684 661 1771 700 idus
1793 662 1913 701 Febr.

526 733 819 787 rejiciebantur.
866 732 927 769 Eo
959 731 1021 768 die
1053 742 1110 767 res
1142 728 1320 767 confecta
1351 741 1431 766 non
1462 728 1530 768 est.
1576 730 1629 767 A.
1660 727 1700 766 d.
1732 741 1793 765 1v.
1816 741 1914 767 non.

528 799 626 839 Feb.
661 797 769 836 Milo
788 795 916 834 affuit.
960 795 1010 833 Ei
1032 795 1244 846 Pompeius
1265 793 1473 832 advocatus
1494 793 1617 831 venit.
1661 793 1778 831 Dixit
1799 792 1914 830 Mar-

526 864 651 903 cellus
673 876 693 901 a
713 875 776 900 me
797 869 969 914 rogatus.
1001 859 1176 898 Honeste
1197 858 1450 897 disceffimus.
1485 858 1679 897 Producta
1697 857 1779 896 dies
1799 857 1854 895 est
1872 858 1915 896 in

529 943 574 968 xv
598 928 651 967 id.
676 927 793 966 Febr.
837 925 1001 964 Interim
1023 925 1173 976 rejectis
1194 923 1458 976 legationibus
1480 925 1521 962 in
1541 923 1645 968 idus,
1676 921 1916 961 referebatur

526 994 575 1032 de
595 992 808 1046 provinciis
828 990 1079 1043 quaestorum,
1110 998 1149 1027 et
1178 988 1225 1026 de
1245 989 1428 1027 ornandis
1454 988 1715 1041 praetoribus:
1747 988 1812 1026 sed
1839 1001 1914 1033 res,

526 1059 665 1098 multis
687 1057 854 1111 querelis
876 1056 923 1093 de
943 1055 1146 1107 republica
1164 1054 1476 1106 interponendis,
1507 1054 1617 1092 nulla
1640 1052 1825 1091 transacta
1844 1052 1914 1091 est.

526 1126 628 1163 Cato
647 1125 776 1175 legem
797 1121 1064 1174 promulgavit
1083 1120 1131 1157 de
1157 1119 1325 1170 imperio
1352 1119 1517 1156 Lentuli
1547 1119 1798 1170 abrogando:
1830 1118 1916 1156 ves-

524 1190 648 1227 titum
676 1188 782 1226 filius
812 1186 995 1224 mutavit.
1042 1186 1093 1222 A.
1126 1184 1166 1222 d.
1199 1197 1243 1221 ιν
1265 1182 1320 1221 id.
1344 1183 1463 1222 Febr.
1495 1183 1604 1222 Milo
1623 1182 1752 1221 affuit.
1797 1183 1917 1222 Dixit

526 1253 756 1306 Pompeius,
788 1251 863 1290 five
882 1249 1038 1294 voluit;
1070 1262 1162 1287 nam
1182 1257 1227 1286 ut
1247 1247 1427 1293 surrexit,
1459 1261 1584 1300 operae
1605 1248 1807 1286 Clodianae
1831 1248 1915 1286 cla-

525 1332 679 1359 morem
700 1316 936 1355 sustulerunt
952 1333 964 1359 5
995 1313 1114 1366 idque
1134 1314 1170 1351 ei
1201 1322 1388 1366 perpetua
1415 1314 1590 1352 oratione
1618 1314 1804 1366 contigit,
1836 1327 1917 1353 non

525 1383 647 1423 modo
667 1391 711 1421 ut
731 1380 1026 1424 acclamatione,
1058 1378 1122 1417 sed
1142 1387 1186 1416 ut
1206 1377 1388 1416 convicio
1407 1386 1447 1416 et
1476 1378 1711 1423 maledictis,
1742 1379 1916 1431 impedi-

526 1458 647 1488 retur.
692 1447 775 1499 Qi
807 1455 851 1484 ut
882 1445 1090 1498 peroravit,
1125 1445 1236 1496 (nam
1264 1443 1306 1481 in
1330 1456 1377 1481 eo
1396 1442 1484 1481 sane
1502 1442 1616 1482 fortis
1637 1442 1731 1488 fuit,
1762 1457 1842 1482 non
1863 1444 1918 1498 est

526 1514 750 1558 deterritus,
780 1511 883 1550 dixit
913 1511 1062 1555 omnia,
1093 1518 1211 1562 atque
1241 1508 1442 1546 interdum
1473 1509 1594 1547 etiam
1623 1509 1791 1554 filentio‚
1821 1523 1918 1549 cum

527 1580 754 1619 auctoritate
785 1576 1002 1630 peregerat)
1033 1575 1103 1614 *sed
1138 1584 1182 1613 ut
1215 1575 1424 1627 peroravit,
1456 1574 1622 1614 surrexit
1652 1575 1847 1615 Clodius:
1880 1577 1917 1615 ei

525 1655 659 1685 tantus
680 1644 829 1683 clamor
849 1655 869 1680 a
889 1641 1027 1681 nostris
1051 1641 1267 1694 (placuerat
1287 1641 1395 1680 enim
1414 1639 1556 1680 referre
1575 1641 1759 1693 gratiam)
1780 1651 1823 1679 ut
1844 1655 1915 1680 ne-

526 1725 605 1765 que
625 1718 772 1754 mente,
804 1722 930 1761 neque
951 1708 1102 1759 lingua,
1133 1720 1259 1759 neque
1279 1720 1359 1752 ore,
1391 1706 1625 1745 consisteret.
1672 1707 1730 1745 Ea
1757 1719 1813 1744 res
1835 1709 1918 1745 acta

525 1775 594 1821 est,
625 1788 719 1813 cum
750 1772 846 1811 hora
876 1786 920 1810 v1
957 1772 1023 1810 vix
1054 1772 1266 1824 Pompeius
1299 1771 1518 1824 perorasset,
1551 1771 1672 1823 usque
1701 1771 1747 1809 ad
1777 1770 1916 1811 horam

527 1854 634 1886 vm,
674 1852 767 1878 cum
801 1839 935 1877 omnia
968 1837 1188 1883 maledicta,
1222 1837 1350 1875 versus
1385 1838 1504 1875 etiam
1537 1836 1832 1882 obscoenislimi,
1875 1838 1916 1876 in

526 1905 718 1945 Clodium
739 1913 776 1942 et
799 1903 983 1942 Clodiam
1004 1903 1240 1941 dicerentur.
1288 1902 1362 1941 Ille
1391 1901 1524 1941 furens
1555 1912 1593 1941 et
1617 1902 1823 1955 exsanguis
1850 1903 1915 1941 in-

526 1971 747 2024 terrogabat
768 1969 854 2008 suos
883 1969 923 2007 in
944 1969 1115 2007 clamore
1143 1968 1240 2020 ipso,
1272 1969 1360 2020 quis
1391 1968 1496 2013 effet,
1527 1969 1598 2020 qui
1627 1968 1785 2021 plebem
1813 1968 1916 2007 fame

526 2046 696 2077 necaret.
742 2033 1048 2087 Respondebant
1081 2047 1222 2086 operae,
1254 2033 1455 2086 Pompeius.
1500 2033 1602 2086 Qis
1635 2033 1917 2072 Alexandriam

525 2103 582 2141 ire
602 2110 777 2154 cuperet.
810 2099 1128 2152 Respondebant,
1161 2098 1361 2151 Pompeius.
1404 2100 1537 2150 Qem
1559 2099 1614 2136 ire
1635 2099 1796 2137 vellent.
1831 2100 1913 2137 Re-

527 2167 784 2221 spondebant,
818 2163 992 2217 erffiam.
1026 2165 1062 2202 Is
1090 2163 1217 2202 aderat
1240 2173 1325 2202 tum
1349 2163 1497 2202 Miloni
1518 2164 1651 2202 animo
1672 2178 1750 2203 non
1772 2165 1915 2204 amico.

528 2234 638 2273 Hora
668 2231 749 2270 fere
783 2244 846 2276 lx,
878 2230 982 2283 quasi
1018 2229 1124 2282 signo
1155 2229 1259 2274 dato,
1293 2229 1477 2267 Clodiani
1510 2229 1656 2267 nostros
1687 2230 1917 2283 consputare

528 2306 747 2350 coeperunt.
794 2295 946 2334 Exarsit
978 2294 1103 2333 dolor.
1150 2297 1298 2347 Urgcre
1324 2294 1399 2339 illi,
1432 2304 1474 2332 ut
1496 2294 1585 2333 loco
1606 2308 1675 2333 nos
1698 2305 1914 2335 moverent.

531 2365 670 2403 Faetus
692 2362 744 2400 cst
765 2375 784 2399 a
806 2361 942 2400 nostris
965 2362 1135 2414 impetus
1156 2376 1164 2399 :
1200 2360 1292 2412 suga
1311 2374 1531 2413 operarum.
1566 2361 1723 2413 chc‘lus
1745 2362 1790 2399 dc
1813 2361 1915 2400 Ros-

529 2429 600 2467 tris
623 2426 816 2465 Clodius:
848 2440 890 2464 ac
914 2440 982 2464 nos
1004 2439 1161 2479 quoque
1184 2436 1269 2464 tum
1292 2424 1484 2478 fugimus,
1517 2439 1563 2463 nc
1590 2426 1686 2477 quid
1718 2427 1757 2464 in
1786 2426 1913 2464 turba.

526 2495 690 2533 Senatus
721 2501 880 2533 vocatus
909 2493 953 2532 in
981 2492 1158 2532 curiam:
1193 2492 1405 2545 Pompeius
1440 2491 1620 2532 domum.
1668 2492 1811 2545 Neque
1841 2505 1916 2544 ego
