<?xml version="1.0" encoding="UTF-8"?>
<!DOCTYPE html PUBLIC "-//W3C//DTD XHTML 1.0 Transitional//EN"
    "http://www.w3.org/TR/xhtml1/DTD/xhtml1-transitional.dtd">
<html xmlns="http://www.w3.org/1999/xhtml" xml:lang="en" lang="en">
 <head>
  <title>
</title>
<meta http-equiv="Content-Type" content="text/html;charset=utf-8" />
  <meta name='ocr-system' content='tesseract 3.04.00' />
  <meta name='ocr-capabilities' content='ocr_page ocr_carea ocr_par ocr_line ocrx_word'/>
</head>
<body>
  <div class='ocr_page' id='page_1' title='image "./operacumindicibu09ciceuoft_0270.png"; bbox 0 0 2335 3009; ppageno 0'>
   <div class='ocr_carea' id='block_1_1' title="bbox 564 241 645 284">
    <p class='ocr_par' dir='ltr' id='par_1_1' title="bbox 564 241 645 284">
     <span class='ocr_line' id='line_1_1' title="bbox 564 241 645 284; baseline -0.012 -1"><span class='ocrx_word' id='word_1_1' title='bbox 564 241 645 284; x_wconf 85' lang='lat'>262</span> 
     </span>
    </p>
   </div>
   <div class='ocr_carea' id='block_1_2' title="bbox 561 332 1234 773">
    <p class='ocr_par' dir='ltr' id='par_1_2' title="bbox 561 332 1234 773">
     <span class='ocr_line' id='line_1_2' title="bbox 561 332 1231 380; baseline -0.009 -7"><span class='ocrx_word' id='word_1_2' title='bbox 561 337 629 373; x_wconf 81' lang='lat' dir='ltr'>Cic.</span> <span class='ocrx_word' id='word_1_3' title='bbox 644 335 700 372; x_wconf 80' lang='lat' dir='ltr'>lib.</span> <span class='ocrx_word' id='word_1_4' title='bbox 720 335 768 372; x_wconf 93' lang='lat'>11.</span> <span class='ocrx_word' id='word_1_5' title='bbox 795 333 833 370; x_wconf 85' lang='lat' dir='ltr'>de</span> <span class='ocrx_word' id='word_1_6' title='bbox 861 333 981 380; x_wconf 88' lang='lat' dir='ltr'><em>Officiis</em></span> <span class='ocrx_word' id='word_1_7' title='bbox 1009 332 1137 376; x_wconf 84' lang='lat' dir='ltr'>scribit,</span> <span class='ocrx_word' id='word_1_8' title='bbox 1162 343 1231 380; x_wconf 86' lang='lat' dir='ltr'>cap.</span> 
     </span>
     <span class='ocr_line' id='line_1_3' title="bbox 568 380 1232 431; baseline -0.008 -10"><span class='ocrx_word' id='word_1_9' title='bbox 568 386 624 421; x_wconf 79' lang='lat'>16.</span> <span class='ocrx_word' id='word_1_10' title='bbox 676 385 758 420; x_wconf 91' lang='lat' dir='ltr'>Hac</span> <span class='ocrx_word' id='word_1_11' title='bbox 785 395 852 431; x_wconf 88' lang='lat' dir='ltr'>ego</span> <span class='ocrx_word' id='word_1_12' title='bbox 881 380 1078 429; x_wconf 70' lang='lat' dir='ltr'>conjectura</span> <span class='ocrx_word' id='word_1_13' title='bbox 1094 382 1232 424; x_wconf 64' lang='lat' dir='ltr'>ductus,</span> 
     </span>
     <span class='ocr_line' id='line_1_4' title="bbox 563 430 1231 479; baseline -0.007 -9"><span class='ocrx_word' id='word_1_14' title='bbox 563 433 610 470; x_wconf 89' lang='lat' dir='ltr'>L.</span> <span class='ocrx_word' id='word_1_15' title='bbox 629 432 776 469; x_wconf 87' lang='lat' dir='ltr'>Luculli</span> <span class='ocrx_word' id='word_1_16' title='bbox 793 431 1024 479; x_wconf 86' lang='lat' dir='ltr'>magistratus,</span> <span class='ocrx_word' id='word_1_17' title='bbox 1049 442 1138 478; x_wconf 88' lang='lat' dir='ltr'>quos</span> <span class='ocrx_word' id='word_1_18' title='bbox 1156 430 1231 466; x_wconf 89' lang='lat' dir='ltr'><strong>Cic.</strong></span> 
     </span>
     <span class='ocr_line' id='line_1_5' title="bbox 563 478 1234 521; baseline -0.006 -4"><span class='ocrx_word' id='word_1_19' title='bbox 563 482 663 517; x_wconf 87' lang='lat' dir='ltr'>initio</span> <span class='ocrx_word' id='word_1_20' title='bbox 691 480 820 517; x_wconf 87' lang='lat' dir='ltr'><em>Luculli</em></span> <span class='ocrx_word' id='word_1_21' title='bbox 848 479 1006 521; x_wconf 77' lang='lat' dir='ltr'>recenset,</span> <span class='ocrx_word' id='word_1_22' title='bbox 1034 479 1081 514; x_wconf 90' lang='lat' dir='ltr'>ita</span> <span class='ocrx_word' id='word_1_23' title='bbox 1110 478 1234 514; x_wconf 90' lang='lat' dir='ltr'>consti-</span> 
     </span>
     <span class='ocr_line' id='line_1_6' title="bbox 562 527 1233 572; baseline -0.006 -6"><span class='ocrx_word' id='word_1_24' title='bbox 562 539 642 572; x_wconf 88' lang='lat' dir='ltr'>tuo,</span> <span class='ocrx_word' id='word_1_25' title='bbox 668 540 709 565; x_wconf 93' lang='lat' dir='ltr'>ut</span> <span class='ocrx_word' id='word_1_26' title='bbox 729 530 795 565; x_wconf 91' lang='lat' dir='ltr'>hoc</span> <span class='ocrx_word' id='word_1_27' title='bbox 813 541 904 565; x_wconf 88' lang='lat' dir='ltr'>anno</span> <span class='ocrx_word' id='word_1_28' title='bbox 921 527 1044 569; x_wconf 77' lang='lat' dir='ltr'>aedilis,</span> <span class='ocrx_word' id='word_1_29' title='bbox 1071 528 1182 563; x_wconf 90' lang='lat' dir='ltr'>Bruto</span> <span class='ocrx_word' id='word_1_30' title='bbox 1197 537 1233 562; x_wconf 90' lang='lat' dir='ltr'>et</span> 
     </span>
     <span class='ocr_line' id='line_1_7' title="bbox 562 575 1232 626; baseline -0.007 -12"><span class='ocrx_word' id='word_1_31' title='bbox 562 579 746 615; x_wconf 84' lang='lat' dir='ltr'>Mamerco</span> <span class='ocrx_word' id='word_1_32' title='bbox 775 578 855 614; x_wconf 87' lang='lat' dir='ltr'>coff.</span> <span class='ocrx_word' id='word_1_33' title='bbox 883 587 1014 626; x_wconf 86' lang='lat' dir='ltr'>praetor</span> <span class='ocrx_word' id='word_1_34' title='bbox 1042 575 1159 618; x_wconf 87' lang='lat' dir='ltr'>fuerit,</span> <span class='ocrx_word' id='word_1_35' title='bbox 1185 575 1232 610; x_wconf 88' lang='lat' dir='ltr'>se-</span> 
     </span>
     <span class='ocr_line' id='line_1_8' title="bbox 561 625 1232 675; baseline -0.009 -12"><span class='ocrx_word' id='word_1_36' title='bbox 561 627 685 675; x_wconf 87' lang='lat' dir='ltr'>quenti</span> <span class='ocrx_word' id='word_1_37' title='bbox 715 625 875 662; x_wconf 89' lang='lat' dir='ltr'>Africam</span> <span class='ocrx_word' id='word_1_38' title='bbox 900 625 1102 667; x_wconf 86' lang='lat' dir='ltr'>obtinuerit,</span> <span class='ocrx_word' id='word_1_39' title='bbox 1128 634 1232 671; x_wconf 89' lang='lat' dir='ltr'>atque</span> 
     </span>
     <span class='ocr_line' id='line_1_9' title="bbox 563 673 1233 712; baseline -0.006 -1"><span class='ocrx_word' id='word_1_40' title='bbox 563 675 643 711; x_wconf 89' lang='lat' dir='ltr'>inde</span> <span class='ocrx_word' id='word_1_41' title='bbox 654 675 806 712; x_wconf 68' lang='lat' dir='ltr'>Octavio</span> <span class='ocrx_word' id='word_1_42' title='bbox 821 684 855 710; x_wconf 90' lang='lat' dir='ltr'>et</span> <span class='ocrx_word' id='word_1_43' title='bbox 871 673 978 710; x_wconf 89' lang='lat' dir='ltr'>Cotta</span> <span class='ocrx_word' id='word_1_44' title='bbox 993 673 1073 708; x_wconf 77' lang='lat' dir='ltr'>coss.</span> <span class='ocrx_word' id='word_1_45' title='bbox 1091 673 1135 708; x_wconf 86' lang='lat' dir='ltr'>ad</span> <span class='ocrx_word' id='word_1_46' title='bbox 1150 684 1233 708; x_wconf 89' lang='lat' dir='ltr'>con·</span> 
     </span>
     <span class='ocr_line' id='line_1_10' title="bbox 562 721 1074 773; baseline -0.01 -13"><span class='ocrx_word' id='word_1_47' title='bbox 562 724 692 761; x_wconf 88' lang='lat' dir='ltr'>sulatus</span> <span class='ocrx_word' id='word_1_48' title='bbox 708 724 911 773; x_wconf 88' lang='lat' dir='ltr'>petitionem</span> <span class='ocrx_word' id='word_1_49' title='bbox 929 721 1074 757; x_wconf 88' lang='lat' dir='ltr'>redierit.</span> 
     </span>
    </p>
   </div>
   <div class='ocr_carea' id='block_1_3' title="bbox 564 868 1228 925">
    <p class='ocr_par' dir='ltr' id='par_1_3' title="bbox 564 868 1228 925">
     <span class='ocr_line' id='line_1_11' title="bbox 564 868 1228 925; baseline -0.011 -11"><span class='ocrx_word' id='word_1_50' title='bbox 564 875 675 915; x_wconf 88' lang='lat' dir='ltr'>Anno</span> <span class='ocrx_word' id='word_1_51' title='bbox 697 871 806 913; x_wconf 84' lang='lat' dir='ltr'><em>Urbis</em></span> <span class='ocrx_word' id='word_1_52' title='bbox 826 873 921 925; x_wconf 83' lang='lat'><strong>675.</strong></span> <span class='ocrx_word' id='word_1_53' title='bbox 961 868 1141 910; x_wconf 85' lang='lat' dir='ltr'><em>Ciceronis</em></span> <span class='ocrx_word' id='word_1_54' title='bbox 1162 881 1228 922; x_wconf 90' lang='lat'>29.</span> 
     </span>
    </p>
   </div>
   <div class='ocr_carea' id='block_1_4' title="bbox 575 943 1217 1120">
    <p class='ocr_par' dir='ltr' id='par_1_4' title="bbox 575 943 1217 1120">
     <span class='ocr_line' id='line_1_12' title="bbox 708 943 1094 984; baseline -0.005 0"><span class='ocrx_word' id='word_1_55' title='bbox 708 945 901 984; x_wconf 87' lang='lat' dir='ltr'><strong>Consules</strong></span> <span class='ocrx_word' id='word_1_56' title='bbox 930 943 1094 984; x_wconf 87' lang='lat' dir='ltr'>fuerunt</span> 
     </span>
     <span class='ocr_line' id='line_1_13' title="bbox 592 1007 1204 1048; baseline -0.008 -2"><span class='ocrx_word' id='word_1_57' title='bbox 592 1007 659 1046; x_wconf 92' lang='lat' dir='ltr'>M.</span> <span class='ocrx_word' id='word_1_58' title='bbox 705 1008 936 1045; x_wconf 79' lang='lat' dir='ltr'>A1M1L1us</span> <span class='ocrx_word' id='word_1_59' title='bbox 982 1007 1204 1048; x_wconf 67' lang='lat' dir='ltr'>Lemnos,</span> 
     </span>
     <span class='ocr_line' id='line_1_14' title="bbox 575 1067 1217 1120; baseline -0.008 -13"><span class='ocrx_word' id='word_1_60' title='bbox 575 1069 645 1120; x_wconf 75' lang='lat' dir='ltr'><em>Q</em></span> <span class='ocrx_word' id='word_1_61' title='bbox 673 1068 929 1106; x_wconf 69' lang='lat' dir='ltr'>Lu-rmms</span> <span class='ocrx_word' id='word_1_62' title='bbox 971 1067 1217 1105; x_wconf 82' lang='lat' dir='ltr'>CATuLus.</span> 
     </span>
    </p>
   </div>
   <div class='ocr_carea' id='block_1_5' title="bbox 556 1160 1238 2530">
    <p class='ocr_par' dir='ltr' id='par_1_5' title="bbox 564 1160 1236 1550">
     <span class='ocr_line' id='line_1_15' title="bbox 613 1160 1236 1208; baseline -0.008 -9"><span class='ocrx_word' id='word_1_63' title='bbox 613 1164 686 1199; x_wconf 87' lang='lat' dir='ltr'>His</span> <span class='ocrx_word' id='word_1_64' title='bbox 729 1162 929 1198; x_wconf 85' lang='lat' dir='ltr'>consulibus</span> <span class='ocrx_word' id='word_1_65' title='bbox 963 1161 1060 1208; x_wconf 88' lang='lat' dir='ltr'>Sylla</span> <span class='ocrx_word' id='word_1_66' title='bbox 1088 1160 1123 1196; x_wconf 92' lang='lat' dir='ltr'>in</span> <span class='ocrx_word' id='word_1_67' title='bbox 1151 1171 1236 1207; x_wconf 85' lang='lat' dir='ltr'>agro</span> 
     </span>
     <span class='ocr_line' id='line_1_16' title="bbox 564 1212 1233 1256; baseline -0.009 -7"><span class='ocrx_word' id='word_1_68' title='bbox 564 1213 728 1248; x_wconf 90' lang='lat' dir='ltr'>Cumano</span> <span class='ocrx_word' id='word_1_69' title='bbox 745 1221 905 1248; x_wconf 88' lang='lat' dir='ltr'>mortuus</span> <span class='ocrx_word' id='word_1_70' title='bbox 922 1222 961 1246; x_wconf 90' lang='lat' dir='ltr'>ac</span> <span class='ocrx_word' id='word_1_71' title='bbox 987 1212 1139 1245; x_wconf 87' lang='lat' dir='ltr'>Romam</span> <span class='ocrx_word' id='word_1_72' title='bbox 1156 1220 1233 1256; x_wconf 87' lang='lat' dir='ltr'>per—</span> 
     </span>
     <span class='ocr_line' id='line_1_17' title="bbox 565 1258 1236 1308; baseline -0.009 -11"><span class='ocrx_word' id='word_1_73' title='bbox 565 1262 656 1297; x_wconf 85' lang='lat' dir='ltr'>latus</span> <span class='ocrx_word' id='word_1_74' title='bbox 673 1273 754 1296; x_wconf 90' lang='lat' dir='ltr'>cum</span> <span class='ocrx_word' id='word_1_75' title='bbox 772 1271 898 1306; x_wconf 85' lang='lat' dir='ltr'>magna</span> <span class='ocrx_word' id='word_1_76' title='bbox 909 1270 1041 1308; x_wconf 90' lang='lat' dir='ltr'>pompa</span> <span class='ocrx_word' id='word_1_77' title='bbox 1058 1258 1092 1293; x_wconf 92' lang='lat' dir='ltr'>in</span> <span class='ocrx_word' id='word_1_78' title='bbox 1109 1268 1236 1305; x_wconf 90' lang='lat' dir='ltr'>campo</span> 
     </span>
     <span class='ocr_line' id='line_1_18' title="bbox 564 1307 1236 1358; baseline -0.009 -12"><span class='ocrx_word' id='word_1_79' title='bbox 564 1310 700 1346; x_wconf 88' lang='lat' dir='ltr'>Martio</span> <span class='ocrx_word' id='word_1_80' title='bbox 716 1309 869 1358; x_wconf 89' lang='lat' dir='ltr'>sepultus</span> <span class='ocrx_word' id='word_1_81' title='bbox 897 1309 959 1349; x_wconf 92' lang='lat' dir='ltr'>est,</span> <span class='ocrx_word' id='word_1_82' title='bbox 985 1307 1084 1355; x_wconf 91' lang='lat' dir='ltr'>quod</span> <span class='ocrx_word' id='word_1_83' title='bbox 1109 1316 1236 1354; x_wconf 84' lang='lat' dir='ltr'>praeter</span> 
     </span>
     <span class='ocr_line' id='line_1_19' title="bbox 564 1354 1234 1403; baseline -0.009 -8"><span class='ocrx_word' id='word_1_84' title='bbox 564 1369 709 1395; x_wconf 84' lang='lat' dir='ltr'>caeteros</span> <span class='ocrx_word' id='word_1_85' title='bbox 745 1359 910 1403; x_wconf 84' lang='lat' dir='ltr'><em>Appianas</em></span> <span class='ocrx_word' id='word_1_86' title='bbox 940 1357 996 1392; x_wconf 84' lang='lat' dir='ltr'>lib.</span> <span class='ocrx_word' id='word_1_87' title='bbox 1028 1357 1059 1392; x_wconf 94' lang='lat'>1.</span> <span class='ocrx_word' id='word_1_88' title='bbox 1097 1354 1234 1402; x_wconf 85' lang='lat' dir='ltr'>copiose</span> 
     </span>
     <span class='ocr_line' id='line_1_20' title="bbox 565 1403 1235 1452; baseline -0.009 -9"><span class='ocrx_word' id='word_1_89' title='bbox 565 1417 690 1443; x_wconf 88' lang='lat' dir='ltr'>narrat.</span> <span class='ocrx_word' id='word_1_90' title='bbox 742 1406 881 1442; x_wconf 86' lang='lat' dir='ltr'><strong>Primus</strong></span> <span class='ocrx_word' id='word_1_91' title='bbox 905 1415 1021 1441; x_wconf 86' lang='lat' dir='ltr'>autem</span> <span class='ocrx_word' id='word_1_92' title='bbox 1046 1416 1066 1439; x_wconf 93' lang='lat' dir='ltr'>e</span> <span class='ocrx_word' id='word_1_93' title='bbox 1081 1403 1235 1452; x_wconf 86' lang='lat' dir='ltr'>patriciis</span> 
     </span>
     <span class='ocr_line' id='line_1_21' title="bbox 564 1453 1235 1502; baseline -0.009 -10"><span class='ocrx_word' id='word_1_94' title='bbox 564 1455 735 1492; x_wconf 87' lang='lat' dir='ltr'>Corneliis</span> <span class='ocrx_word' id='word_1_95' title='bbox 764 1455 861 1502; x_wconf 89' lang='lat' dir='ltr'>Sylla</span> <span class='ocrx_word' id='word_1_96' title='bbox 887 1455 959 1502; x_wconf 83' lang='lat' dir='ltr'>igni</span> <span class='ocrx_word' id='word_1_97' title='bbox 978 1453 1090 1489; x_wconf 92' lang='lat' dir='ltr'>voluit</span> <span class='ocrx_word' id='word_1_98' title='bbox 1107 1463 1235 1488; x_wconf 90' lang='lat' dir='ltr'>crema-</span> 
     </span>
     <span class='ocr_line' id='line_1_22' title="bbox 565 1504 1136 1550; baseline -0.007 -10"><span class='ocrx_word' id='word_1_99' title='bbox 565 1505 592 1541; x_wconf 82' lang='lat' dir='ltr'>ri</span> <span class='ocrx_word' id='word_1_100' title='bbox 608 1522 619 1547; x_wconf 85' lang='lat'>;</span> <span class='ocrx_word' id='word_1_101' title='bbox 646 1505 702 1540; x_wconf 81' lang='lat' dir='ltr'>lib.</span> <span class='ocrx_word' id='word_1_102' title='bbox 722 1505 766 1539; x_wconf 90' lang='lat'>11.</span> <span class='ocrx_word' id='word_1_103' title='bbox 784 1505 822 1538; x_wconf 85' lang='lat' dir='ltr'>de</span> <span class='ocrx_word' id='word_1_104' title='bbox 838 1504 974 1550; x_wconf 84' lang='lat' dir='ltr'><em>Legibus</em></span> <span class='ocrx_word' id='word_1_105' title='bbox 990 1512 1060 1548; x_wconf 89' lang='lat' dir='ltr'>cap.</span> <span class='ocrx_word' id='word_1_106' title='bbox 1078 1513 1136 1536; x_wconf 86' lang='lat'>22.</span> 
     </span>
    </p>

    <p class='ocr_par' dir='ltr' id='par_1_6' title="bbox 556 1549 1236 2042">
     <span class='ocr_line' id='line_1_23' title="bbox 614 1549 1233 1600; baseline -0.008 -11"><span class='ocrx_word' id='word_1_107' title='bbox 614 1553 696 1590; x_wconf 90' lang='lat' dir='ltr'>Post</span> <span class='ocrx_word' id='word_1_108' title='bbox 713 1553 821 1600; x_wconf 84' lang='lat' dir='ltr'>Syllae</span> <span class='ocrx_word' id='word_1_109' title='bbox 838 1561 984 1588; x_wconf 91' lang='lat' dir='ltr'>mortem</span> <span class='ocrx_word' id='word_1_110' title='bbox 1008 1550 1163 1586; x_wconf 72' lang='lat' dir='ltr'>dissensio</span> <span class='ocrx_word' id='word_1_111' title='bbox 1181 1549 1233 1585; x_wconf 91' lang='lat' dir='ltr'>in-</span> 
     </span>
     <span class='ocr_line' id='line_1_24' title="bbox 564 1599 1233 1645; baseline -0.009 -7"><span class='ocrx_word' id='word_1_112' title='bbox 564 1611 616 1638; x_wconf 88' lang='lat' dir='ltr'>ter</span> <span class='ocrx_word' id='word_1_113' title='bbox 634 1601 789 1638; x_wconf 88' lang='lat' dir='ltr'>consules</span> <span class='ocrx_word' id='word_1_114' title='bbox 806 1611 882 1637; x_wconf 89' lang='lat' dir='ltr'>orta</span> <span class='ocrx_word' id='word_1_115' title='bbox 896 1601 957 1643; x_wconf 89' lang='lat' dir='ltr'>est,</span> <span class='ocrx_word' id='word_1_116' title='bbox 975 1611 1058 1635; x_wconf 91' lang='lat' dir='ltr'>cum</span> <span class='ocrx_word' id='word_1_117' title='bbox 1072 1599 1233 1645; x_wconf 32' lang='lat' dir='ltr'>‚Lepidus</span> 
     </span>
     <span class='ocr_line' id='line_1_25' title="bbox 564 1649 1234 1698; baseline -0.007 -12"><span class='ocrx_word' id='word_1_118' title='bbox 564 1652 672 1698; x_wconf 83' lang='lat' dir='ltr'>Syllae</span> <span class='ocrx_word' id='word_1_119' title='bbox 699 1651 775 1685; x_wconf 69' lang='lat' dir='ltr'>acta</span> <span class='ocrx_word' id='word_1_120' title='bbox 801 1649 986 1685; x_wconf 85' lang='lat' dir='ltr'>rescindere</span> <span class='ocrx_word' id='word_1_121' title='bbox 1011 1657 1167 1689; x_wconf 87' lang='lat' dir='ltr'>tentaret,</span> <span class='ocrx_word' id='word_1_122' title='bbox 1198 1656 1234 1682; x_wconf 92' lang='lat' dir='ltr'>et</span> 
     </span>
     <span class='ocr_line' id='line_1_26' title="bbox 564 1697 1233 1736; baseline -0.009 0"><span class='ocrx_word' id='word_1_123' title='bbox 564 1700 713 1736; x_wconf 80' lang='lat' dir='ltr'>Catulus</span> <span class='ocrx_word' id='word_1_124' title='bbox 742 1698 773 1734; x_wconf 90' lang='lat' dir='ltr'>ei</span> <span class='ocrx_word' id='word_1_125' title='bbox 809 1699 980 1734; x_wconf 83' lang='lat' dir='ltr'>resisteret.</span> <span class='ocrx_word' id='word_1_126' title='bbox 1021 1697 1114 1732; x_wconf 85' lang='lat' dir='ltr'>Vide</span> <span class='ocrx_word' id='word_1_127' title='bbox 1141 1697 1233 1731; x_wconf 90' lang='lat' dir='ltr'>Oro·</span> 
     </span>
     <span class='ocr_line' id='line_1_27' title="bbox 564 1747 1232 1791; baseline -0.009 -6"><span class='ocrx_word' id='word_1_128' title='bbox 564 1749 654 1785; x_wconf 85' lang='lat' dir='ltr'>fium</span> <span class='ocrx_word' id='word_1_129' title='bbox 697 1747 851 1784; x_wconf 90' lang='lat' dir='ltr'>nostrum</span> <span class='ocrx_word' id='word_1_130' title='bbox 893 1747 947 1782; x_wconf 83' lang='lat' dir='ltr'>lib.</span> <span class='ocrx_word' id='word_1_131' title='bbox 982 1747 1026 1781; x_wconf 91' lang='lat' dir='ltr'>V.</span> <span class='ocrx_word' id='word_1_132' title='bbox 1069 1755 1139 1791; x_wconf 88' lang='lat' dir='ltr'>cap.</span> <span class='ocrx_word' id='word_1_133' title='bbox 1175 1755 1232 1780; x_wconf 87' lang='lat'>22.</span> 
     </span>
     <span class='ocr_line' id='line_1_28' title="bbox 565 1794 1234 1841; baseline -0.009 -8"><span class='ocrx_word' id='word_1_134' title='bbox 565 1798 664 1835; x_wconf 89' lang='lat' dir='ltr'>Hinc</span> <span class='ocrx_word' id='word_1_135' title='bbox 682 1797 806 1833; x_wconf 90' lang='lat' dir='ltr'>Cicero</span> <span class='ocrx_word' id='word_1_136' title='bbox 824 1796 858 1831; x_wconf 90' lang='lat' dir='ltr'>in</span> <span class='ocrx_word' id='word_1_137' title='bbox 878 1795 980 1831; x_wconf 88' lang='lat' dir='ltr'>Catil.</span> <span class='ocrx_word' id='word_1_138' title='bbox 999 1794 1063 1831; x_wconf 92' lang='lat'>111.</span> <span class='ocrx_word' id='word_1_139' title='bbox 1083 1805 1159 1841; x_wconf 84' lang='lat' dir='ltr'>cap.</span> <span class='ocrx_word' id='word_1_140' title='bbox 1180 1804 1234 1828; x_wconf 84' lang='lat'>10.</span> 
     </span>
     <span class='ocr_line' id='line_1_29' title="bbox 564 1842 1234 1893; baseline -0.01 -11"><span class='ocrx_word' id='word_1_141' title='bbox 564 1845 710 1893; x_wconf 72' lang='lat' dir='ltr'>Diffitfit</span> <span class='ocrx_word' id='word_1_142' title='bbox 736 1848 788 1881; x_wconf 94' lang='lat' dir='ltr'>M.</span> <span class='ocrx_word' id='word_1_143' title='bbox 808 1844 946 1892; x_wconf 85' lang='lat' dir='ltr'>Lepidus</span> <span class='ocrx_word' id='word_1_144' title='bbox 971 1857 992 1879; x_wconf 86' lang='lat' dir='ltr'>a</span> <span class='ocrx_word' id='word_1_145' title='bbox 1021 1842 1180 1887; x_wconf 80' lang='lat' dir='ltr'>clariffimo</span> <span class='ocrx_word' id='word_1_146' title='bbox 1204 1848 1234 1876; x_wconf 85' lang='lat' dir='ltr'>et</span> 
     </span>
     <span class='ocr_line' id='line_1_30' title="bbox 556 1890 1236 1941; baseline -0.009 -11"><span class='ocrx_word' id='word_1_147' title='bbox 556 1895 721 1941; x_wconf 84' lang='lat' dir='ltr'>fortiffimo</span> <span class='ocrx_word' id='word_1_148' title='bbox 747 1897 820 1928; x_wconf 86' lang='lat' dir='ltr'>viro</span> <span class='ocrx_word' id='word_1_149' title='bbox 858 1894 905 1941; x_wconf 90' lang='lat' dir='ltr'><em>Q</em></span> <span class='ocrx_word' id='word_1_150' title='bbox 936 1893 1059 1928; x_wconf 82' lang='lat' dir='ltr'>Catulo.</span> <span class='ocrx_word' id='word_1_151' title='bbox 1112 1890 1236 1927; x_wconf 84' lang='lat' dir='ltr'>Attulit</span> 
     </span>
     <span class='ocr_line' id='line_1_31' title="bbox 566 1940 1235 1989; baseline -0.007 -11"><span class='ocrx_word' id='word_1_152' title='bbox 566 1956 625 1979; x_wconf 88' lang='lat' dir='ltr'>non</span> <span class='ocrx_word' id='word_1_153' title='bbox 641 1952 708 1979; x_wconf 87' lang='lat' dir='ltr'>tam</span> <span class='ocrx_word' id='word_1_154' title='bbox 727 1943 821 1989; x_wconf 81' lang='lat' dir='ltr'>ipstus</span> <span class='ocrx_word' id='word_1_155' title='bbox 846 1945 993 1978; x_wconf 81' lang='lat' dir='ltr'>interitus</span> <span class='ocrx_word' id='word_1_156' title='bbox 1016 1943 1093 1987; x_wconf 89' lang='lat' dir='ltr'>reip.</span> <span class='ocrx_word' id='word_1_157' title='bbox 1122 1940 1235 1975; x_wconf 63' lang='lat' dir='ltr'>luc‘tum</span> 
     </span>
     <span class='ocr_line' id='line_1_32' title="bbox 563 1999 865 2042; baseline -0.007 -15"><span class='ocrx_word' id='word_1_158' title='bbox 563 2005 656 2042; x_wconf 75' lang='lat' dir='ltr'>quam</span> <span class='ocrx_word' id='word_1_159' title='bbox 674 1999 865 2027; x_wconf 68' lang='lat' dir='ltr'>ceterorum.</span> 
     </span>
    </p>

    <p class='ocr_par' dir='ltr' id='par_1_7' title="bbox 566 2036 1238 2530">
     <span class='ocr_line' id='line_1_33' title="bbox 617 2036 1234 2083; baseline -0.01 -7"><span class='ocrx_word' id='word_1_160' title='bbox 617 2041 692 2077; x_wconf 89' lang='lat' dir='ltr'>Ubi</span> <span class='ocrx_word' id='word_1_161' title='bbox 721 2052 802 2074; x_wconf 86' lang='lat' dir='ltr'>vero</span> <span class='ocrx_word' id='word_1_162' title='bbox 831 2040 886 2075; x_wconf 89' lang='lat' dir='ltr'>M.</span> <span class='ocrx_word' id='word_1_163' title='bbox 905 2038 1031 2074; x_wconf 93' lang='lat' dir='ltr'>Tullio</span> <span class='ocrx_word' id='word_1_164' title='bbox 1057 2037 1100 2072; x_wconf 89' lang='lat' dir='ltr'>de</span> <span class='ocrx_word' id='word_1_165' title='bbox 1127 2036 1234 2083; x_wconf 85' lang='lat' dir='ltr'>Syllae</span> 
     </span>
     <span class='ocr_line' id='line_1_34' title="bbox 566 2085 1236 2128; baseline -0.01 -2"><span class='ocrx_word' id='word_1_166' title='bbox 566 2099 678 2125; x_wconf 87' lang='lat' dir='ltr'>morte</span> <span class='ocrx_word' id='word_1_167' title='bbox 719 2088 875 2124; x_wconf 85' lang='lat' dir='ltr'>Athenas</span> <span class='ocrx_word' id='word_1_168' title='bbox 917 2088 1060 2122; x_wconf 87' lang='lat' dir='ltr'>allatum</span> <span class='ocrx_word' id='word_1_169' title='bbox 1092 2085 1152 2128; x_wconf 88' lang='lat' dir='ltr'>est,</span> <span class='ocrx_word' id='word_1_170' title='bbox 1195 2094 1236 2119; x_wconf 89' lang='lat' dir='ltr'>ut</span> 
     </span>
     <span class='ocr_line' id='line_1_35' title="bbox 566 2133 1220 2181; baseline -0.011 -6"><span class='ocrx_word' id='word_1_171' title='bbox 566 2137 775 2175; x_wconf 81' lang='lat' dir='ltr'>Plutarchus</span> <span class='ocrx_word' id='word_1_172' title='bbox 804 2136 931 2177; x_wconf 82' lang='lat' dir='ltr'>scribit,</span> <span class='ocrx_word' id='word_1_173' title='bbox 957 2147 1039 2171; x_wconf 90' lang='lat' dir='ltr'>cum</span> <span class='ocrx_word' id='word_1_174' title='bbox 1056 2133 1130 2181; x_wconf 89' lang='lat' dir='ltr'>jam</span> <span class='ocrx_word' id='word_1_175' title='bbox 1160 2145 1220 2168; x_wconf 90' lang='lat' dir='ltr'>cor</span> 
     </span>
     <span class='ocr_line' id='line_1_36' title="bbox 567 2182 1234 2235; baseline -0.01 -12"><span class='ocrx_word' id='word_1_176' title='bbox 567 2200 633 2235; x_wconf 86' lang='lat' dir='ltr'>pus</span> <span class='ocrx_word' id='word_1_177' title='bbox 667 2185 740 2234; x_wconf 81' lang='lat' dir='ltr'>ejus</span> <span class='ocrx_word' id='word_1_178' title='bbox 777 2184 1079 2221; x_wconf 84' lang='lat' dir='ltr'>exercitationibus</span> <span class='ocrx_word' id='word_1_179' title='bbox 1109 2182 1234 2218; x_wconf 89' lang='lat' dir='ltr'>confir-</span> 
     </span>
     <span class='ocr_line' id='line_1_37' title="bbox 567 2230 1236 2278; baseline -0.01 -6"><span class='ocrx_word' id='word_1_180' title='bbox 567 2246 700 2271; x_wconf 85' lang='lat' dir='ltr'>matum</span> <span class='ocrx_word' id='word_1_181' title='bbox 720 2234 858 2270; x_wconf 88' lang='lat' dir='ltr'>meliore</span> <span class='ocrx_word' id='word_1_182' title='bbox 877 2233 997 2269; x_wconf 90' lang='lat' dir='ltr'>habitu</span> <span class='ocrx_word' id='word_1_183' title='bbox 1022 2233 1086 2268; x_wconf 76' lang='lat' dir='ltr'>esse</span> <span class='ocrx_word' id='word_1_184' title='bbox 1112 2230 1236 2278; x_wconf 85' lang='lat' dir='ltr'>coepis-</span> 
     </span>
     <span class='ocr_line' id='line_1_38' title="bbox 569 2280 1238 2327; baseline -0.009 -7"><span class='ocrx_word' id='word_1_185' title='bbox 569 2286 626 2327; x_wconf 86' lang='lat' dir='ltr'>set,</span> <span class='ocrx_word' id='word_1_186' title='bbox 650 2294 685 2320; x_wconf 86' lang='lat' dir='ltr'>et</span> <span class='ocrx_word' id='word_1_187' title='bbox 703 2295 772 2319; x_wconf 85' lang='lat' dir='ltr'>vox</span> <span class='ocrx_word' id='word_1_188' title='bbox 792 2283 838 2318; x_wconf 86' lang='lat' dir='ltr'>ita</span> <span class='ocrx_word' id='word_1_189' title='bbox 853 2281 1068 2318; x_wconf 88' lang='lat' dir='ltr'>conformata</span> <span class='ocrx_word' id='word_1_190' title='bbox 1084 2280 1174 2322; x_wconf 82' lang='lat' dir='ltr'>ess‘et,</span> <span class='ocrx_word' id='word_1_191' title='bbox 1197 2289 1238 2315; x_wconf 88' lang='lat' dir='ltr'>ut</span> 
     </span>
     <span class='ocr_line' id='line_1_39' title="bbox 567 2330 1236 2378; baseline -0.007 -9"><span class='ocrx_word' id='word_1_192' title='bbox 567 2346 649 2370; x_wconf 87' lang='lat' dir='ltr'>cum</span> <span class='ocrx_word' id='word_1_193' title='bbox 667 2332 788 2368; x_wconf 89' lang='lat' dir='ltr'>auditu</span> <span class='ocrx_word' id='word_1_194' title='bbox 811 2331 922 2367; x_wconf 84' lang='lat' dir='ltr'>suavis</span> <span class='ocrx_word' id='word_1_195' title='bbox 952 2342 990 2366; x_wconf 79' lang='lat' dir='ltr'>ac</span> <span class='ocrx_word' id='word_1_196' title='bbox 1020 2330 1133 2378; x_wconf 84' lang='lat' dir='ltr'>plena,</span> <span class='ocrx_word' id='word_1_197' title='bbox 1159 2338 1236 2364; x_wconf 86' lang='lat' dir='ltr'>tum</span> 
     </span>
     <span class='ocr_line' id='line_1_40' title="bbox 569 2378 1234 2429; baseline -0.008 -12"><span class='ocrx_word' id='word_1_198' title='bbox 569 2383 610 2417; x_wconf 82' lang='lat' dir='ltr'>ad</span> <span class='ocrx_word' id='word_1_199' title='bbox 628 2381 782 2429; x_wconf 82' lang='lat' dir='ltr'>corporis</span> <span class='ocrx_word' id='word_1_200' title='bbox 809 2379 1088 2416; x_wconf 81' lang='lat' dir='ltr'>constitutionem</span> <span class='ocrx_word' id='word_1_201' title='bbox 1117 2378 1234 2413; x_wconf 89' lang='lat' dir='ltr'>mode-</span> 
     </span>
     <span class='ocr_line' id='line_1_41' title="bbox 569 2428 1235 2470; baseline -0.008 -4"><span class='ocrx_word' id='word_1_202' title='bbox 569 2442 637 2467; x_wconf 84' lang='lat' dir='ltr'>rate</span> <span class='ocrx_word' id='word_1_203' title='bbox 655 2431 915 2465; x_wconf 83' lang='lat' dir='ltr'>accommodata</span> <span class='ocrx_word' id='word_1_204' title='bbox 938 2428 1029 2470; x_wconf 79' lang='lat' dir='ltr'>esset,</span> <span class='ocrx_word' id='word_1_205' title='bbox 1056 2436 1172 2463; x_wconf 88' lang='lat' dir='ltr'>motus</span> <span class='ocrx_word' id='word_1_206' title='bbox 1200 2436 1235 2461; x_wconf 89' lang='lat' dir='ltr'>et</span> 
     </span>
     <span class='ocr_line' id='line_1_42' title="bbox 567 2478 1235 2530; baseline -0.007 -14"><span class='ocrx_word' id='word_1_207' title='bbox 567 2479 730 2530; x_wconf 75' lang='lat' dir='ltr'>precibus</span> <span class='ocrx_word' id='word_1_208' title='bbox 747 2479 918 2526; x_wconf 81' lang='lat' dir='ltr'>literisque</span> <span class='ocrx_word' id='word_1_209' title='bbox 936 2478 1139 2520; x_wconf 81' lang='lat' dir='ltr'>amicorum,</span> <span class='ocrx_word' id='word_1_210' title='bbox 1152 2487 1235 2523; x_wconf 74' lang='lat' dir='ltr'>qua:</span> 
     </span>
    </p>
   </div>
   <div class='ocr_carea' id='block_1_6' title="bbox 879 235 1652 279">
    <p class='ocr_par' dir='ltr' id='par_1_8' title="bbox 879 235 1652 279">
     <span class='ocr_line' id='line_1_43' title="bbox 879 235 1652 279; baseline -0.006 0"><span class='ocrx_word' id='word_1_211' title='bbox 879 237 946 279; x_wconf 92' lang='lat' dir='ltr'>M.</span> <span class='ocrx_word' id='word_1_212' title='bbox 1005 238 1062 279; x_wconf 91' lang='lat' dir='ltr'>T.</span> <span class='ocrx_word' id='word_1_213' title='bbox 1120 235 1652 277; x_wconf 90' lang='lat' dir='ltr'>CICERONIS</span> 
     </span>
    </p>
   </div>
   <div class='ocr_carea' id='block_1_7' title="bbox 1273 328 1972 2523">
    <p class='ocr_par' dir='ltr' id='par_1_9' title="bbox 1281 328 1951 612">
     <span class='ocr_line' id='line_1_44' title="bbox 1282 328 1951 379; baseline -0.004 -10"><span class='ocrx_word' id='word_1_214' title='bbox 1282 334 1402 369; x_wconf 88' lang='lat' dir='ltr'>Roma</span> <span class='ocrx_word' id='word_1_215' title='bbox 1417 330 1614 379; x_wconf 88' lang='lat' dir='ltr'>frequentes</span> <span class='ocrx_word' id='word_1_216' title='bbox 1631 329 1675 366; x_wconf 91' lang='lat' dir='ltr'>ad</span> <span class='ocrx_word' id='word_1_217' title='bbox 1704 328 1816 378; x_wconf 88' lang='lat' dir='ltr'>ipsum</span> <span class='ocrx_word' id='word_1_218' title='bbox 1833 328 1951 366; x_wconf 84' lang='lat' dir='ltr'>affere-</span> 
     </span>
     <span class='ocr_line' id='line_1_45' title="bbox 1282 378 1951 424; baseline -0.006 -6"><span class='ocrx_word' id='word_1_219' title='bbox 1282 382 1421 424; x_wconf 88' lang='lat' dir='ltr'>bantur,</span> <span class='ocrx_word' id='word_1_220' title='bbox 1446 391 1481 415; x_wconf 95' lang='lat' dir='ltr'>et</span> <span class='ocrx_word' id='word_1_221' title='bbox 1507 379 1744 415; x_wconf 88' lang='lat' dir='ltr'>cohortatione</span> <span class='ocrx_word' id='word_1_222' title='bbox 1767 378 1951 421; x_wconf 87' lang='lat' dir='ltr'>Antiochi,</span> 
     </span>
     <span class='ocr_line' id='line_1_46' title="bbox 1284 426 1951 477; baseline -0.006 -11"><span class='ocrx_word' id='word_1_223' title='bbox 1284 440 1324 466; x_wconf 89' lang='lat' dir='ltr'>ut</span> <span class='ocrx_word' id='word_1_224' title='bbox 1365 429 1538 477; x_wconf 81' lang='lat' dir='ltr'>rempubl.</span> <span class='ocrx_word' id='word_1_225' title='bbox 1581 428 1772 476; x_wconf 77' lang='lat' dir='ltr'>capesseret,</span> <span class='ocrx_word' id='word_1_226' title='bbox 1813 426 1951 462; x_wconf 87' lang='lat' dir='ltr'>dicendi</span> 
     </span>
     <span class='ocr_line' id='line_1_47' title="bbox 1283 475 1950 515; baseline -0.007 0"><span class='ocrx_word' id='word_1_227' title='bbox 1283 479 1357 515; x_wconf 85' lang='lat' dir='ltr'>vim</span> <span class='ocrx_word' id='word_1_228' title='bbox 1374 490 1437 514; x_wconf 90' lang='lat' dir='ltr'>ceu</span> <span class='ocrx_word' id='word_1_229' title='bbox 1456 478 1720 513; x_wconf 85' lang='lat' dir='ltr'>instrumentum</span> <span class='ocrx_word' id='word_1_230' title='bbox 1749 475 1862 511; x_wconf 84' lang='lat' dir='ltr'>rursus</span> <span class='ocrx_word' id='word_1_231' title='bbox 1890 487 1950 511; x_wconf 85' lang='lat' dir='ltr'>ex-</span> 
     </span>
     <span class='ocr_line' id='line_1_48' title="bbox 1281 524 1950 573; baseline -0.006 -10"><span class='ocrx_word' id='word_1_232' title='bbox 1281 528 1402 569; x_wconf 89' lang='lat' dir='ltr'>coluit,</span> <span class='ocrx_word' id='word_1_233' title='bbox 1429 526 1637 573; x_wconf 90' lang='lat' dir='ltr'>civilemque</span> <span class='ocrx_word' id='word_1_234' title='bbox 1665 524 1867 560; x_wconf 86' lang='lat' dir='ltr'>facultatem</span> <span class='ocrx_word' id='word_1_235' title='bbox 1890 536 1950 560; x_wconf 84' lang='lat' dir='ltr'>ex-</span> 
     </span>
     <span class='ocr_line' id='line_1_49' title="bbox 1281 585 1412 612; baseline -0.015 0"><span class='ocrx_word' id='word_1_236' title='bbox 1281 585 1412 612; x_wconf 78' lang='lat' dir='ltr'>citavit.</span> 
     </span>
    </p>

    <p class='ocr_par' dir='ltr' id='par_1_10' title="bbox 1273 619 1972 1889">
     <span class='ocr_line' id='line_1_50' title="bbox 1330 619 1952 671; baseline -0.005 -12"><span class='ocrx_word' id='word_1_237' title='bbox 1330 625 1451 670; x_wconf 89' lang='lat' dir='ltr'>ltaque</span> <span class='ocrx_word' id='word_1_238' title='bbox 1467 623 1633 671; x_wconf 73' lang='lat' dir='ltr'>primum.</span> <span class='ocrx_word' id='word_1_239' title='bbox 1659 629 1699 656; x_wconf 88' lang='lat' dir='ltr'>ut</span> <span class='ocrx_word' id='word_1_240' title='bbox 1727 619 1846 668; x_wconf 80' lang='lat' dir='ltr'>ipsein</span> <span class='ocrx_word' id='word_1_241' title='bbox 1865 621 1952 656; x_wconf 85' lang='lat' dir='ltr'>Bru-</span> 
     </span>
     <span class='ocr_line' id='line_1_51' title="bbox 1282 669 1952 719; baseline -0.004 -11"><span class='ocrx_word' id='word_1_242' title='bbox 1282 681 1325 714; x_wconf 88' lang='lat' dir='ltr'>to,</span> <span class='ocrx_word' id='word_1_243' title='bbox 1351 681 1419 718; x_wconf 83' lang='lat' dir='ltr'>cap.</span> <span class='ocrx_word' id='word_1_244' title='bbox 1440 684 1498 719; x_wconf 79' lang='lat'>9¹.</span> <span class='ocrx_word' id='word_1_245' title='bbox 1525 671 1652 712; x_wconf 89' lang='lat' dir='ltr'>scribit,</span> <span class='ocrx_word' id='word_1_246' title='bbox 1679 669 1827 704; x_wconf 88' lang='lat' dir='ltr'>Athenis</span> <span class='ocrx_word' id='word_1_247' title='bbox 1857 670 1952 717; x_wconf 87' lang='lat' dir='ltr'>apud</span> 
     </span>
     <span class='ocr_line' id='line_1_52' title="bbox 1282 720 1954 766; baseline -0.001 -10"><span class='ocrx_word' id='word_1_248' title='bbox 1282 720 1502 756; x_wconf 87' lang='lat' dir='ltr'>Demetrium</span> <span class='ocrx_word' id='word_1_249' title='bbox 1539 721 1678 766; x_wconf 88' lang='lat' dir='ltr'>Syrum,</span> <span class='ocrx_word' id='word_1_250' title='bbox 1725 727 1875 753; x_wconf 85' lang='lat' dir='ltr'>veterem</span> <span class='ocrx_word' id='word_1_251' title='bbox 1916 727 1954 755; x_wconf 92' lang='lat' dir='ltr'>et</span> 
     </span>
     <span class='ocr_line' id='line_1_53' title="bbox 1283 766 1952 817; baseline -0.006 -12"><span class='ocrx_word' id='word_1_252' title='bbox 1283 782 1353 805; x_wconf 89' lang='lat' dir='ltr'>non</span> <span class='ocrx_word' id='word_1_253' title='bbox 1371 769 1560 817; x_wconf 86' lang='lat' dir='ltr'>ignobilem</span> <span class='ocrx_word' id='word_1_254' title='bbox 1577 767 1712 807; x_wconf 89' lang='lat' dir='ltr'>dicendi</span> <span class='ocrx_word' id='word_1_255' title='bbox 1736 766 1952 814; x_wconf 79' lang='lat' dir='ltr'>magistrum,</span> 
     </span>
     <span class='ocr_line' id='line_1_54' title="bbox 1279 816 1949 854; baseline -0.003 0"><span class='ocrx_word' id='word_1_256' title='bbox 1279 817 1425 854; x_wconf 83' lang='lat' dir='ltr'>studiose</span> <span class='ocrx_word' id='word_1_257' title='bbox 1440 817 1672 853; x_wconf 85' lang='lat' dir='ltr'>exercebatur.</span> <span class='ocrx_word' id='word_1_258' title='bbox 1725 816 1806 850; x_wconf 90' lang='lat' dir='ltr'>Post</span> <span class='ocrx_word' id='word_1_259' title='bbox 1837 825 1949 852; x_wconf 87' lang='lat' dir='ltr'>totam</span> 
     </span>
     <span class='ocr_line' id='line_1_55' title="bbox 1281 863 1951 914; baseline -0.003 -12"><span class='ocrx_word' id='word_1_260' title='bbox 1281 867 1400 902; x_wconf 77' lang='lat' dir='ltr'>Asiam</span> <span class='ocrx_word' id='word_1_261' title='bbox 1443 864 1638 914; x_wconf 84' lang='lat' dir='ltr'>peragravit</span> <span class='ocrx_word' id='word_1_262' title='bbox 1683 876 1765 899; x_wconf 91' lang='lat' dir='ltr'>cum</span> <span class='ocrx_word' id='word_1_263' title='bbox 1808 863 1951 901; x_wconf 80' lang='lat' dir='ltr'>summis</span> 
     </span>
     <span class='ocr_line' id='line_1_56' title="bbox 1282 913 1951 962; baseline -0.006 -11"><span class='ocrx_word' id='word_1_264' title='bbox 1282 915 1492 957; x_wconf 85' lang='lat' dir='ltr'>oratoribus,</span> <span class='ocrx_word' id='word_1_265' title='bbox 1529 913 1739 962; x_wconf 85' lang='lat' dir='ltr'>quibuscum</span> <span class='ocrx_word' id='word_1_266' title='bbox 1768 913 1951 948; x_wconf 78' lang='lat' dir='ltr'>exerceba-</span> 
     </span>
     <span class='ocr_line' id='line_1_57' title="bbox 1284 963 1952 1012; baseline -0.003 -13"><span class='ocrx_word' id='word_1_267' title='bbox 1284 973 1342 999; x_wconf 90' lang='lat' dir='ltr'>tur</span> <span class='ocrx_word' id='word_1_268' title='bbox 1359 963 1437 1012; x_wconf 84' lang='lat' dir='ltr'>ipfis</span> <span class='ocrx_word' id='word_1_269' title='bbox 1455 963 1657 998; x_wconf 89' lang='lat' dir='ltr'>lubentibus</span> <span class='ocrx_word' id='word_1_270' title='bbox 1673 976 1681 997; x_wconf 90' lang='lat'>:</span> <span class='ocrx_word' id='word_1_271' title='bbox 1709 973 1861 1009; x_wconf 90' lang='lat' dir='ltr'>quorum</span> <span class='ocrx_word' id='word_1_272' title='bbox 1879 971 1952 998; x_wconf 91' lang='lat' dir='ltr'>erat</span> 
     </span>
     <span class='ocr_line' id='line_1_58' title="bbox 1283 1009 1952 1060; baseline -0.001 -13"><span class='ocrx_word' id='word_1_273' title='bbox 1283 1012 1443 1060; x_wconf 81' lang='lat' dir='ltr'>princeps</span> <span class='ocrx_word' id='word_1_274' title='bbox 1460 1011 1654 1058; x_wconf 83' lang='lat' dir='ltr'>Menippus</span> <span class='ocrx_word' id='word_1_275' title='bbox 1680 1009 1952 1053; x_wconf 78' lang='lat' dir='ltr'>Stratonicenfis,</span> 
     </span>
     <span class='ocr_line' id='line_1_59' title="bbox 1283 1058 1954 1108; baseline -0.006 -12"><span class='ocrx_word' id='word_1_276' title='bbox 1283 1073 1388 1108; x_wconf 92' lang='lat' dir='ltr'>quem</span> <span class='ocrx_word' id='word_1_277' title='bbox 1408 1059 1615 1095; x_wconf 85' lang='lat' dir='ltr'>Plutarchus</span> <span class='ocrx_word' id='word_1_278' title='bbox 1643 1058 1857 1105; x_wconf 77' lang='lat' dir='ltr'>Menippum</span> <span class='ocrx_word' id='word_1_279' title='bbox 1883 1059 1954 1093; x_wconf 87' lang='lat' dir='ltr'>Ca-</span> 
     </span>
     <span class='ocr_line' id='line_1_60' title="bbox 1283 1107 1955 1150; baseline -0.001 -6"><span class='ocrx_word' id='word_1_280' title='bbox 1283 1121 1355 1144; x_wconf 91' lang='lat' dir='ltr'>rem</span> <span class='ocrx_word' id='word_1_281' title='bbox 1373 1108 1540 1150; x_wconf 86' lang='lat' dir='ltr'>nominat,</span> <span class='ocrx_word' id='word_1_282' title='bbox 1565 1107 1640 1143; x_wconf 92' lang='lat' dir='ltr'>Cic.</span> <span class='ocrx_word' id='word_1_283' title='bbox 1670 1119 1750 1142; x_wconf 89' lang='lat' dir='ltr'>eum</span> <span class='ocrx_word' id='word_1_284' title='bbox 1781 1116 1852 1141; x_wconf 91' lang='lat' dir='ltr'>tota</span> <span class='ocrx_word' id='word_1_285' title='bbox 1869 1107 1955 1143; x_wconf 81' lang='lat' dir='ltr'>Afia</span> 
     </span>
     <span class='ocr_line' id='line_1_61' title="bbox 1285 1154 1954 1205; baseline -0.001 -12"><span class='ocrx_word' id='word_1_286' title='bbox 1285 1158 1352 1193; x_wconf 86' lang='lat' dir='ltr'>illis</span> <span class='ocrx_word' id='word_1_287' title='bbox 1369 1156 1585 1205; x_wconf 87' lang='lat' dir='ltr'>temporibus</span> <span class='ocrx_word' id='word_1_288' title='bbox 1602 1155 1852 1191; x_wconf 79' lang='lat' dir='ltr'>disertissimum</span> <span class='ocrx_word' id='word_1_289' title='bbox 1869 1154 1954 1192; x_wconf 88' lang='lat' dir='ltr'>fuis-</span> 
     </span>
     <span class='ocr_line' id='line_1_62' title="bbox 1283 1204 1952 1253; baseline -0.003 -11"><span class='ocrx_word' id='word_1_290' title='bbox 1283 1207 1314 1242; x_wconf 92' lang='lat' dir='ltr'>se</span> <span class='ocrx_word' id='word_1_291' title='bbox 1325 1205 1472 1253; x_wconf 87' lang='lat' dir='ltr'>judicat.</span> <span class='ocrx_word' id='word_1_292' title='bbox 1509 1205 1616 1241; x_wconf 91' lang='lat' dir='ltr'>Unde</span> <span class='ocrx_word' id='word_1_293' title='bbox 1633 1205 1757 1240; x_wconf 92' lang='lat' dir='ltr'>Strabo</span> <span class='ocrx_word' id='word_1_294' title='bbox 1774 1204 1830 1239; x_wconf 89' lang='lat' dir='ltr'>lib.</span> <span class='ocrx_word' id='word_1_295' title='bbox 1848 1205 1952 1241; x_wconf 85' lang='lat' dir='ltr'><strong>XIV.</strong></span> 
     </span>
     <span class='ocr_line' id='line_1_63' title="bbox 1283 1254 1955 1301; baseline -0.003 -11"><span class='ocrx_word' id='word_1_296' title='bbox 1283 1258 1436 1298; x_wconf 66' lang='grc' dir='ltr'>Κᾷνταῖ-θη</span> <span class='ocrx_word' id='word_1_297' title='bbox 1452 1257 1485 1290; x_wconf 59' lang='grc' dir='ltr'>,Ν</span> <span class='ocrx_word' id='word_1_298' title='bbox 1498 1261 1556 1301; x_wconf 59' lang='lat' dir='ltr'>&amp;rip</span> <span class='ocrx_word' id='word_1_299' title='bbox 1572 1256 1711 1298; x_wconf 67' lang='grc' dir='ltr'>ἀξιᾶληος</span> <span class='ocrx_word' id='word_1_300' title='bbox 1726 1254 1851 1299; x_wconf 59' lang='grc' dir='ltr'>γ’)θριῧω</span> <span class='ocrx_word' id='word_1_301' title='bbox 1874 1258 1955 1300; x_wconf 62' lang='lat' dir='ltr'>{ii-mg</span> 
     </span>
     <span class='ocr_line' id='line_1_64' title="bbox 1285 1303 1953 1350; baseline -0.004 -10"><span class='ocrx_word' id='word_1_302' title='bbox 1285 1309 1446 1344; x_wconf 59' lang='lat' dir='ltr'>Mt&#39;naew&amp;</span> <span class='ocrx_word' id='word_1_303' title='bbox 1463 1311 1502 1350; x_wconf 54' lang='grc' dir='ltr'>κζ’</span> <span class='ocrx_word' id='word_1_304' title='bbox 1519 1305 1568 1339; x_wconf 73' lang='lat' dir='ltr'>‘nir</span> <span class='ocrx_word' id='word_1_305' title='bbox 1585 1306 1704 1349; x_wconf 59' lang='lat' dir='ltr'>aurigae</span> <span class='ocrx_word' id='word_1_306' title='bbox 1724 1305 1807 1348; x_wconf 64' lang='grc' dir='ltr'>ιἰμὸν,</span> <span class='ocrx_word' id='word_1_307' title='bbox 1833 1303 1953 1342; x_wconf 70' lang='grc' dir='ltr'>Κατύιαι</span> 
     </span>
     <span class='ocr_line' id='line_1_65' title="bbox 1283 1353 1952 1397; baseline -0.004 -8"><span class='ocrx_word' id='word_1_308' title='bbox 1283 1357 1492 1397; x_wconf 54' lang='grc' dir='ltr'>ἔῇῃλέμίμφ·</span> <span class='ocrx_word' id='word_1_309' title='bbox 1517 1355 1546 1388; x_wconf 63' lang='grc' dir='ltr'>ὃν</span> <span class='ocrx_word' id='word_1_310' title='bbox 1563 1356 1668 1396; x_wconf 68' lang='grc' dir='ltr'>μέλιςει</span> <span class='ocrx_word' id='word_1_311' title='bbox 1686 1353 1786 1387; x_wconf 59' lang='grc' dir='ltr'>ἐπαινεῖ</span> <span class='ocrx_word' id='word_1_312' title='bbox 1808 1355 1831 1386; x_wconf 57' lang='grc' dir='ltr'><strong>ἲ</strong></span> <span class='ocrx_word' id='word_1_313' title='bbox 1848 1359 1888 1396; x_wconf 64' lang='lat'>’43&#39;</span> <span class='ocrx_word' id='word_1_314' title='bbox 1904 1357 1952 1387; x_wconf 71' lang='grc' dir='ltr'>τὶν</span> 
     </span>
     <span class='ocr_line' id='line_1_66' title="bbox 1282 1399 1972 1448; baseline -0.001 -11"><span class='ocrx_word' id='word_1_315' title='bbox 1282 1402 1382 1438; x_wconf 68' lang='grc' dir='ltr'><strong><em>Ἀσίαν</em></strong></span> <span class='ocrx_word' id='word_1_316' title='bbox 1396 1405 1519 1448; x_wconf 55' lang='lat' dir='ltr'>‘gn-ripen,</span> <span class='ocrx_word' id='word_1_317' title='bbox 1545 1401 1581 1437; x_wconf 60' lang='grc'>51</span> <span class='ocrx_word' id='word_1_318' title='bbox 1598 1402 1760 1444; x_wconf 56' lang='lat' dir='ltr'>boian,</span> <span class='ocrx_word' id='word_1_319' title='bbox 1779 1402 1900 1445; x_wconf 64' lang='grc' dir='ltr'>Κικέςον,</span> <span class='ocrx_word' id='word_1_320' title='bbox 1917 1399 1954 1436; x_wconf 60' lang='lat' dir='ltr'>Se</span> <span class='ocrx_word' id='word_1_321' title='bbox 1966 1413 1972 1422; x_wconf 87' lang='lat'><em>·</em></span> 
     </span>
     <span class='ocr_line' id='line_1_67' title="bbox 1283 1450 1955 1495; baseline -0.003 -10"><span class='ocrx_word' id='word_1_322' title='bbox 1283 1464 1360 1493; x_wconf 64' lang='grc' dir='ltr'><em>φησιν</em></span> <span class='ocrx_word' id='word_1_323' title='bbox 1376 1450 1404 1486; x_wconf 65' lang='grc' dir='ltr'>’ἕν</span> <span class='ocrx_word' id='word_1_324' title='bbox 1416 1466 1462 1487; x_wconf 70' lang='lat' dir='ltr'>vm</span> <span class='ocrx_word' id='word_1_325' title='bbox 1477 1456 1581 1495; x_wconf 59' lang='grc' dir='ltr'>γραφῇ,</span> <span class='ocrx_word' id='word_1_326' title='bbox 1599 1451 1669 1485; x_wconf 67' lang='grc' dir='ltr'>αὖτῖ</span> <span class='ocrx_word' id='word_1_327' title='bbox 1685 1450 1819 1487; x_wconf 67' lang='grc' dir='ltr'><strong><em>συῖιιᾶνω</em></strong></span> <span class='ocrx_word' id='word_1_328' title='bbox 1833 1450 1955 1484; x_wconf 58' lang='lat' dir='ltr'>Erum:</span> 
     </span>
     <span class='ocr_line' id='line_1_68' title="bbox 1285 1496 1954 1546; baseline -0.006 -11"><span class='ocrx_word' id='word_1_329' title='bbox 1285 1503 1310 1546; x_wconf 56' lang='lat' dir='ltr'>a}</span> <span class='ocrx_word' id='word_1_330' title='bbox 1340 1503 1397 1535; x_wconf 71' lang='grc' dir='ltr'><strong><em>τοῖς</em></strong></span> <span class='ocrx_word' id='word_1_331' title='bbox 1420 1500 1471 1541; x_wconf 65' lang='grc' dir='ltr'>ῃΤ</span> <span class='ocrx_word' id='word_1_332' title='bbox 1497 1503 1586 1534; x_wconf 63' lang='grc' dir='ltr'>ἐκεῖνον</span> <span class='ocrx_word' id='word_1_333' title='bbox 1615 1497 1775 1542; x_wconf 63' lang='grc' dir='ltr'>ἀκμάζοντι.</span> <span class='ocrx_word' id='word_1_334' title='bbox 1831 1497 1871 1532; x_wconf 85' lang='lat' dir='ltr'>ld</span> <span class='ocrx_word' id='word_1_335' title='bbox 1891 1496 1954 1539; x_wconf 83' lang='lat' dir='ltr'>est,</span> 
     </span>
     <span class='ocr_line' id='line_1_69' title="bbox 1282 1546 1954 1593; baseline -0.004 -10"><span class='ocrx_word' id='word_1_336' title='bbox 1282 1548 1358 1583; x_wconf 83' lang='lat' dir='ltr'>Fuit</span> <span class='ocrx_word' id='word_1_337' title='bbox 1387 1548 1430 1582; x_wconf 80' lang='lat' dir='ltr'>ihi</span> <span class='ocrx_word' id='word_1_338' title='bbox 1454 1555 1586 1593; x_wconf 80' lang='lat' dir='ltr'>patrum</span> <span class='ocrx_word' id='word_1_339' title='bbox 1616 1546 1780 1590; x_wconf 82' lang='lat' dir='ltr'>nostrorum</span> <span class='ocrx_word' id='word_1_340' title='bbox 1808 1547 1954 1580; x_wconf 81' lang='lat' dir='ltr'>memoria</span> 
     </span>
     <span class='ocr_line' id='line_1_70' title="bbox 1282 1594 1954 1643; baseline -0.006 -11"><span class='ocrx_word' id='word_1_341' title='bbox 1282 1596 1392 1632; x_wconf 84' lang='lat' dir='ltr'>nobilis</span> <span class='ocrx_word' id='word_1_342' title='bbox 1435 1596 1580 1643; x_wconf 86' lang='lat' dir='ltr'>magister</span> <span class='ocrx_word' id='word_1_343' title='bbox 1619 1594 1738 1630; x_wconf 82' lang='lat' dir='ltr'>dicendi</span> <span class='ocrx_word' id='word_1_344' title='bbox 1770 1595 1954 1641; x_wconf 81' lang='lat' dir='ltr'>Menippus,</span> 
     </span>
     <span class='ocr_line' id='line_1_71' title="bbox 1282 1645 1955 1692; baseline -0.001 -12"><span class='ocrx_word' id='word_1_345' title='bbox 1282 1654 1472 1692; x_wconf 84' lang='lat' dir='ltr'>cognomento</span> <span class='ocrx_word' id='word_1_346' title='bbox 1498 1647 1630 1681; x_wconf 81' lang='lat' dir='ltr'>Catocas</span> <span class='ocrx_word' id='word_1_347' title='bbox 1645 1657 1656 1678; x_wconf 90' lang='lat'><em>:</em></span> <span class='ocrx_word' id='word_1_348' title='bbox 1680 1655 1765 1692; x_wconf 85' lang='lat' dir='ltr'>quem</span> <span class='ocrx_word' id='word_1_349' title='bbox 1793 1645 1898 1679; x_wconf 84' lang='lat' dir='ltr'>Cicero</span> <span class='ocrx_word' id='word_1_350' title='bbox 1916 1655 1955 1679; x_wconf 81' lang='lat' dir='ltr'>ex</span> 
     </span>
     <span class='ocr_line' id='line_1_72' title="bbox 1282 1692 1953 1740; baseline -0.006 -11"><span class='ocrx_word' id='word_1_351' title='bbox 1282 1695 1430 1738; x_wconf 84' lang='lat' dir='ltr'>Asiaticis</span> <span class='ocrx_word' id='word_1_352' title='bbox 1471 1694 1660 1735; x_wconf 84' lang='lat' dir='ltr'>oratoribus,</span> <span class='ocrx_word' id='word_1_353' title='bbox 1705 1705 1777 1740; x_wconf 86' lang='lat' dir='ltr'>quos</span> <span class='ocrx_word' id='word_1_354' title='bbox 1814 1692 1953 1733; x_wconf 77' lang='lat' dir='ltr'>audivit,</span> 
     </span>
     <span class='ocr_line' id='line_1_73' title="bbox 1284 1739 1952 1787; baseline -0.007 -9"><span class='ocrx_word' id='word_1_355' title='bbox 1284 1745 1416 1778; x_wconf 83' lang='lat' dir='ltr'>maxime</span> <span class='ocrx_word' id='word_1_356' title='bbox 1431 1742 1555 1783; x_wconf 77' lang='lat' dir='ltr'>laudat,</span> <span class='ocrx_word' id='word_1_357' title='bbox 1580 1750 1615 1777; x_wconf 84' lang='lat' dir='ltr'>ut</span> <span class='ocrx_word' id='word_1_358' title='bbox 1639 1742 1678 1786; x_wconf 81' lang='lat' dir='ltr'>est</span> <span class='ocrx_word' id='word_1_359' title='bbox 1703 1743 1736 1775; x_wconf 80' lang='lat' dir='ltr'>in</span> <span class='ocrx_word' id='word_1_360' title='bbox 1757 1739 1886 1787; x_wconf 85' lang='lat' dir='ltr'>quodam</span> <span class='ocrx_word' id='word_1_361' title='bbox 1903 1743 1952 1786; x_wconf 77' lang='lat' dir='ltr'>ip-</span> 
     </span>
     <span class='ocr_line' id='line_1_74' title="bbox 1273 1789 1950 1835; baseline -0.004 -9"><span class='ocrx_word' id='word_1_362' title='bbox 1273 1792 1344 1835; x_wconf 82' lang='lat' dir='ltr'>stus</span> <span class='ocrx_word' id='word_1_363' title='bbox 1360 1792 1438 1826; x_wconf 82' lang='lat' dir='ltr'>libro</span> <span class='ocrx_word' id='word_1_364' title='bbox 1452 1805 1463 1826; x_wconf 94' lang='grc'>.·</span> <span class='ocrx_word' id='word_1_365' title='bbox 1490 1791 1544 1826; x_wconf 85' lang='lat' dir='ltr'>ubi</span> <span class='ocrx_word' id='word_1_366' title='bbox 1571 1803 1637 1826; x_wconf 85' lang='lat' dir='ltr'>eum</span> <span class='ocrx_word' id='word_1_367' title='bbox 1654 1801 1720 1824; x_wconf 83' lang='lat' dir='ltr'>cum</span> <span class='ocrx_word' id='word_1_368' title='bbox 1746 1789 1874 1825; x_wconf 76' lang='lat' dir='ltr'>Xenocle</span> <span class='ocrx_word' id='word_1_369' title='bbox 1898 1798 1950 1823; x_wconf 87' lang='lat' dir='ltr'>at-</span> 
     </span>
     <span class='ocr_line' id='line_1_75' title="bbox 1283 1839 1952 1889; baseline -0.004 -13"><span class='ocrx_word' id='word_1_370' title='bbox 1283 1853 1338 1889; x_wconf 85' lang='lat' dir='ltr'>que</span> <span class='ocrx_word' id='word_1_371' title='bbox 1353 1840 1436 1875; x_wconf 85' lang='lat' dir='ltr'>illius</span> <span class='ocrx_word' id='word_1_372' title='bbox 1452 1843 1557 1874; x_wconf 78' lang='lat' dir='ltr'>etatis</span> <span class='ocrx_word' id='word_1_373' title='bbox 1574 1839 1752 1874; x_wconf 82' lang='lat' dir='ltr'>oratoribus</span> <span class='ocrx_word' id='word_1_374' title='bbox 1778 1845 1952 1884; x_wconf 83' lang='lat' dir='ltr'>comparat.</span> 
     </span>
    </p>

    <p class='ocr_par' dir='ltr' id='par_1_11' title="bbox 1284 1886 1958 2523">
     <span class='ocr_line' id='line_1_76' title="bbox 1336 1886 1952 1934; baseline -0.005 -10"><span class='ocrx_word' id='word_1_375' title='bbox 1336 1891 1388 1924; x_wconf 90' lang='lat' dir='ltr'>De</span> <span class='ocrx_word' id='word_1_376' title='bbox 1414 1889 1570 1924; x_wconf 86' lang='lat' dir='ltr'>Xenocle</span> <span class='ocrx_word' id='word_1_377' title='bbox 1594 1889 1860 1934; x_wconf 84' lang='lat' dir='ltr'>Adramytteno,</span> <span class='ocrx_word' id='word_1_378' title='bbox 1896 1886 1952 1921; x_wconf 88' lang='lat' dir='ltr'>cui</span> 
     </span>
     <span class='ocr_line' id='line_1_77' title="bbox 1284 1935 1953 1986; baseline -0.004 -13"><span class='ocrx_word' id='word_1_379' title='bbox 1284 1938 1360 1973; x_wconf 91' lang='lat' dir='ltr'>Cic.</span> <span class='ocrx_word' id='word_1_380' title='bbox 1391 1950 1534 1986; x_wconf 86' lang='lat' dir='ltr'>quoque</span> <span class='ocrx_word' id='word_1_381' title='bbox 1561 1949 1701 1985; x_wconf 86' lang='lat' dir='ltr'>operam</span> <span class='ocrx_word' id='word_1_382' title='bbox 1728 1935 1834 1976; x_wconf 88' lang='lat' dir='ltr'>dedit,</span> <span class='ocrx_word' id='word_1_383' title='bbox 1863 1935 1953 1970; x_wconf 79' lang='lat' dir='ltr'>idem</span> 
     </span>
     <span class='ocr_line' id='line_1_78' title="bbox 1284 1984 1953 2022; baseline -0.003 0"><span class='ocrx_word' id='word_1_384' title='bbox 1284 1987 1409 2022; x_wconf 80' lang='lat' dir='ltr'>Strabo</span> <span class='ocrx_word' id='word_1_385' title='bbox 1426 1987 1481 2022; x_wconf 84' lang='lat' dir='ltr'>lib.</span> <span class='ocrx_word' id='word_1_386' title='bbox 1500 1987 1600 2022; x_wconf 87' lang='lat' dir='ltr'>Xlll.</span> <span class='ocrx_word' id='word_1_387' title='bbox 1652 1986 1738 2021; x_wconf 83' lang='lat' dir='ltr'>Erat</span> <span class='ocrx_word' id='word_1_388' title='bbox 1755 1996 1836 2019; x_wconf 90' lang='lat' dir='ltr'>cum</span> <span class='ocrx_word' id='word_1_389' title='bbox 1854 1984 1953 2020; x_wconf 88' lang='lat' dir='ltr'>Cice-</span> 
     </span>
     <span class='ocr_line' id='line_1_79' title="bbox 1285 2033 1954 2080; baseline -0.006 -9"><span class='ocrx_word' id='word_1_390' title='bbox 1285 2048 1366 2071; x_wconf 91' lang='lat' dir='ltr'>rone</span> <span class='ocrx_word' id='word_1_391' title='bbox 1384 2046 1459 2071; x_wconf 90' lang='lat' dir='ltr'>tum</span> <span class='ocrx_word' id='word_1_392' title='bbox 1475 2035 1578 2070; x_wconf 86' lang='lat' dir='ltr'>etiam</span> <span class='ocrx_word' id='word_1_393' title='bbox 1593 2033 1777 2080; x_wconf 81' lang='lat' dir='ltr'>AEschylus</span> <span class='ocrx_word' id='word_1_394' title='bbox 1794 2034 1954 2075; x_wconf 81' lang='lat' dir='ltr'>Cnidius,</span> 
     </span>
     <span class='ocr_line' id='line_1_80' title="bbox 1286 2082 1954 2129; baseline -0.004 -10"><span class='ocrx_word' id='word_1_395' title='bbox 1286 2085 1499 2119; x_wconf 79' lang='lat' dir='ltr'>affiduiffime</span> <span class='ocrx_word' id='word_1_396' title='bbox 1516 2094 1630 2118; x_wconf 89' lang='lat' dir='ltr'>autem</span> <span class='ocrx_word' id='word_1_397' title='bbox 1645 2083 1832 2128; x_wconf 79' lang='lat' dir='ltr'>Dionysius</span> <span class='ocrx_word' id='word_1_398' title='bbox 1850 2082 1954 2129; x_wconf 82' lang='lat' dir='ltr'>Mag-</span> 
     </span>
     <span class='ocr_line' id='line_1_81' title="bbox 1287 2131 1952 2181; baseline -0.006 -13"><span class='ocrx_word' id='word_1_399' title='bbox 1287 2145 1355 2168; x_wconf 85' lang='lat' dir='ltr'>nes.</span> <span class='ocrx_word' id='word_1_400' title='bbox 1392 2133 1536 2181; x_wconf 80' lang='lat' dir='ltr'>Qibus</span> <span class='ocrx_word' id='word_1_401' title='bbox 1556 2144 1622 2167; x_wconf 91' lang='lat' dir='ltr'>non</span> <span class='ocrx_word' id='word_1_402' title='bbox 1642 2142 1836 2173; x_wconf 74' lang='lat' dir='ltr'>contentuS,</span> <span class='ocrx_word' id='word_1_403' title='bbox 1857 2131 1952 2165; x_wconf 83' lang='lat' dir='ltr'>Rho-</span> 
     </span>
     <span class='ocr_line' id='line_1_82' title="bbox 1285 2180 1954 2227; baseline -0.004 -11"><span class='ocrx_word' id='word_1_404' title='bbox 1285 2182 1372 2216; x_wconf 91' lang='lat' dir='ltr'>dum</span> <span class='ocrx_word' id='word_1_405' title='bbox 1413 2181 1520 2222; x_wconf 88' lang='lat' dir='ltr'>venit,</span> <span class='ocrx_word' id='word_1_406' title='bbox 1565 2181 1664 2227; x_wconf 86' lang='lat' dir='ltr'>seque</span> <span class='ocrx_word' id='word_1_407' title='bbox 1706 2180 1748 2214; x_wconf 83' lang='lat' dir='ltr'>ad</span> <span class='ocrx_word' id='word_1_408' title='bbox 1791 2180 1954 2220; x_wconf 86' lang='lat' dir='ltr'>eundem,</span> 
     </span>
     <span class='ocr_line' id='line_1_83' title="bbox 1286 2229 1954 2278; baseline -0.004 -13"><span class='ocrx_word' id='word_1_409' title='bbox 1286 2242 1391 2278; x_wconf 88' lang='lat' dir='ltr'>quem</span> <span class='ocrx_word' id='word_1_410' title='bbox 1410 2231 1536 2265; x_wconf 88' lang='lat' dir='ltr'>Romae</span> <span class='ocrx_word' id='word_1_411' title='bbox 1554 2230 1742 2270; x_wconf 78' lang='lat' dir='ltr'>audiverat,</span> <span class='ocrx_word' id='word_1_412' title='bbox 1771 2229 1954 2263; x_wconf 84' lang='lat' dir='ltr'>Molonem</span> 
     </span>
     <span class='ocr_line' id='line_1_84' title="bbox 1287 2277 1955 2327; baseline -0.003 -13"><span class='ocrx_word' id='word_1_413' title='bbox 1287 2279 1487 2327; x_wconf 86' lang='lat' dir='ltr'>applicavit,</span> <span class='ocrx_word' id='word_1_414' title='bbox 1514 2290 1595 2314; x_wconf 89' lang='lat' dir='ltr'>cum</span> <span class='ocrx_word' id='word_1_415' title='bbox 1625 2279 1773 2313; x_wconf 74' lang='lat' dir='ltr'>ac&#39;torem</span> <span class='ocrx_word' id='word_1_416' title='bbox 1806 2278 1838 2312; x_wconf 89' lang='lat' dir='ltr'>in</span> <span class='ocrx_word' id='word_1_417' title='bbox 1866 2277 1955 2312; x_wconf 77' lang='lat' dir='ltr'>veris</span> 
     </span>
     <span class='ocr_line' id='line_1_85' title="bbox 1285 2326 1954 2375; baseline -0.004 -12"><span class='ocrx_word' id='word_1_418' title='bbox 1285 2328 1392 2363; x_wconf 80' lang='lat' dir='ltr'>causis</span> <span class='ocrx_word' id='word_1_419' title='bbox 1423 2327 1691 2375; x_wconf 84' lang='lat' dir='ltr'>scriptoremque</span> <span class='ocrx_word' id='word_1_420' title='bbox 1723 2326 1954 2374; x_wconf 75' lang='lat' dir='ltr'>prrestantem,</span> 
     </span>
     <span class='ocr_line' id='line_1_86' title="bbox 1284 2374 1953 2412; baseline -0.004 0"><span class='ocrx_word' id='word_1_421' title='bbox 1284 2386 1360 2412; x_wconf 90' lang='lat' dir='ltr'>tum</span> <span class='ocrx_word' id='word_1_422' title='bbox 1392 2377 1425 2412; x_wconf 91' lang='lat' dir='ltr'>in</span> <span class='ocrx_word' id='word_1_423' title='bbox 1458 2376 1614 2412; x_wconf 79' lang='lat' dir='ltr'>notandis</span> <span class='ocrx_word' id='word_1_424' title='bbox 1633 2374 1953 2410; x_wconf 71' lang='lat' dir='ltr'>animadvertendis-</span> 
     </span>
     <span class='ocr_line' id='line_1_87' title="bbox 1284 2423 1955 2473; baseline -0.004 -13"><span class='ocrx_word' id='word_1_425' title='bbox 1284 2437 1353 2473; x_wconf 92' lang='lat' dir='ltr'>que</span> <span class='ocrx_word' id='word_1_426' title='bbox 1371 2425 1476 2468; x_wconf 77' lang='lat' dir='ltr'>vitiis,</span> <span class='ocrx_word' id='word_1_427' title='bbox 1502 2435 1536 2460; x_wconf 90' lang='lat' dir='ltr'>ct</span> <span class='ocrx_word' id='word_1_428' title='bbox 1558 2424 1764 2460; x_wconf 82' lang='lat' dir='ltr'>instituendo</span> <span class='ocrx_word' id='word_1_429' title='bbox 1780 2423 1955 2459; x_wconf 84' lang='lat' dir='ltr'>docendo-</span> 
     </span>
     <span class='ocr_line' id='line_1_88' title="bbox 1284 2471 1958 2523; baseline -0.006 -12"><span class='ocrx_word' id='word_1_430' title='bbox 1284 2487 1353 2522; x_wconf 85' lang='lat' dir='ltr'>que</span> <span class='ocrx_word' id='word_1_431' title='bbox 1403 2474 1716 2523; x_wconf 82' lang='lat' dir='ltr'>prudentiffimum.</span> <span class='ocrx_word' id='word_1_432' title='bbox 1777 2473 1811 2508; x_wconf 85' lang='lat' dir='ltr'>Is</span> <span class='ocrx_word' id='word_1_433' title='bbox 1859 2471 1958 2508; x_wconf 83' lang='lat' dir='ltr'>dedit</span> 
     </span>
    </p>
   </div>
  </div>
 </body>
</html>
