2335 3009
491 243 541 271 22
839 224 1531 268 EPISTOLARUM

491 329 680 368 Praeterea
699 323 835 377 AEsopi
855 322 1036 375 tragoedi,
1058 319 1177 360 nostri
1197 319 1417 367 familiaris,
1440 319 1620 359 Licinius
1642 318 1785 364 servus,
1803 317 1878 357 tibi

491 402 626 436 notus,
657 389 827 441 aufugit.
865 389 903 426 Is
925 386 1095 425 Athenis
1115 384 1218 439 apud
1239 385 1448 424 Patronem
1471 385 1713 438 Epicureum
1734 397 1805 437 pro
1825 383 1878 422 li-

495 458 588 496 bero
604 455 713 495 fuit:
745 454 838 493 inde
857 454 896 491 in
919 453 1050 492 Afiam
1071 452 1206 490 venit:
1238 450 1367 503 postea
1396 450 1508 488 Plato
1537 449 1698 503 quidam
1727 449 1879 488 Sardia-

493 536 582 567 nuS,
615 521 850 574 Epicureus,
881 518 951 571 qui
983 516 1152 555 Athenis
1182 515 1278 554 solet
1304 515 1376 554 effe
1402 515 1593 560 multum,
1624 524 1663 553 et
1692 515 1761 567 qui
1794 523 1880 552 tum

493 587 664 628 Athenis
685 585 826 630 fuerat,
858 598 950 623 cum
973 583 1154 622 Licinius
1175 596 1220 620 eo
1240 581 1414 627 veniffet,
1437 594 1530 619 cum
1550 594 1641 619 eum
1662 580 1883 633 fugitivum

495 655 623 708 postea
643 653 714 692 effe
735 666 782 690 ex
803 650 939 703 AEsopi
959 649 1082 687 literis
1104 647 1317 700 cognoffet‚
1339 646 1544 686 hominem
1566 645 1882 699 comprehendit,

494 730 534 759 et
563 721 604 758 in
625 718 839 758 custodiam
860 715 1003 768 Ephefi
1023 713 1183 752 tradidit
1198 732 1211 759 ς
1244 713 1307 752 sed
1335 713 1377 751 in
1408 713 1627 765 publicam,
1658 713 1719 751 vel
1740 713 1779 750 in
1802 710 1883 764 pis-

496 786 661 829 trinum,
699 797 778 822 non
813 782 901 820 satis
935 794 983 819 ex
1017 780 1141 818 literis
1175 779 1258 833 ejus
1293 778 1514 831 intelligere
1548 779 1768 831 potuimus.
1814 779 1883 815 Tu

495 864 661 904 quoquo
690 847 825 894 modo,
856 847 1045 900 quoniam
1074 843 1218 899 Ephefi
1247 844 1315 890 est,
1346 843 1552 882 hominem
1582 843 1789 895 investiges
1816 855 1884 880 ve-

497 918 586 962 lim,
617 916 847 967 summaque
875 912 1081 965 diligentia
1109 911 1170 949 vel
1198 921 1329 949 tecum
1356 909 1538 949 deducas.
1585 910 1684 948 Noli
1717 909 1886 962 spectare

496 981 634 1036 quanti
656 981 777 1019 homo
798 980 843 1018 fit
861 998 871 1023 ;
902 979 1010 1031 parvi
1030 977 1138 1016 enim
1160 976 1275 1029 pretii
1296 976 1365 1021 est,
1386 977 1456 1029 qui
1471 977 1555 1028 jam
1577 974 1695 1013 nihili
1716 975 1760 1013 fit
1780 990 1788 1012 :
1822 972 1886 1012 sed

498 1056 607 1086 tanto
628 1046 761 1084 dolore
782 1044 950 1097 AEsopus
970 1042 1023 1081 est
1042 1042 1202 1081 affectus
1226 1051 1386 1094 propter
1415 1041 1511 1079 servi
1541 1041 1664 1078 scelus
1695 1050 1735 1077 et
1766 1038 1884 1077 auda-

496 1113 615 1157 ciam,
647 1120 691 1149 ut
712 1109 814 1148 nihil
834 1110 870 1147 ei
899 1108 1046 1160 gratius
1071 1106 1197 1145 facere
1227 1106 1358 1158 pollis,
1390 1118 1509 1157 quam
1541 1105 1568 1142 fi
1599 1105 1717 1141 illum
1749 1117 1818 1156 per
1849 1111 1888 1141 te

495 1176 747 1230 recuperarit.

553 1241 604 1280 V.
638 1241 760 1279 Nunc
781 1251 824 1276 ea
842 1237 1049 1289 cognosce,
1071 1249 1158 1288 quae
1178 1235 1351 1273 maxime
1370 1243 1546 1287 exoptas.
1579 1233 1890 1286 Rempublicam

497 1307 679 1348 funditus
700 1303 928 1343 amisimus:
960 1301 1056 1340 adeo
1076 1310 1121 1339 ut
1142 1301 1258 1346 Cato,
1288 1299 1509 1338 adolescens
1540 1299 1690 1337 nullius
1720 1299 1888 1345 confilii,

499 1372 564 1412 sed
585 1381 716 1410 tamen
736 1369 833 1407 civis
854 1368 1059 1406 Romanus
1080 1375 1120 1404 et
1140 1366 1256 1412 Cato,
1286 1366 1353 1404 vix
1373 1365 1484 1403 vivus
1516 1364 1734 1417 effugeret;
1766 1365 1890 1418 quod,

498 1451 593 1478 cum
614 1435 835 1476 Gabinium
855 1433 902 1472 de
922 1432 1075 1472 ambitu
1095 1431 1214 1471 vellet
1233 1431 1440 1485 postulare,
1459 1444 1585 1484 neque
1600 1440 1783 1484 praetores
1805 1431 1890 1469 die-

501 1505 575 1543 bus
596 1503 748 1556 aliquot
768 1501 866 1539 adiri
885 1499 1051 1554 poss‘ent,
1083 1498 1143 1537 vel
1175 1497 1404 1551 potestatem
1432 1497 1490 1536 sui
1511 1497 1698 1543 facerent,
1729 1497 1771 1535 in
1792 1510 1891 1535 con-

501 1571 658 1610 cionem
678 1566 864 1612 ascendit,
894 1576 934 1605 et
955 1565 1192 1618 Pompeium
1213 1565 1385 1618 privatus
1407 1563 1637 1602 dictatorem
1664 1563 1890 1616 appellavit.

502 1636 670 1690 Propius
691 1633 793 1673 nihil
814 1633 867 1672 est
887 1631 1050 1677 factum,
1068 1645 1187 1684 quam
1209 1640 1252 1669 ut
1271 1630 1530 1669 occideretur.
1565 1631 1627 1668 Ex
1648 1629 1740 1674 hoc,
1757 1629 1826 1681 qui
1848 1629 1894 1667 fit

502 1703 620 1742 status
642 1701 762 1739 totius
785 1698 1025 1751 reipublicae,
1042 1696 1172 1736 videre
1188 1706 1313 1751 potes.
1347 1696 1498 1736 Nostrae
1521 1706 1650 1734 tamen
1671 1695 1792 1734 caui‘ae
1813 1708 1893 1733 non

501 1767 685 1807 videntur
706 1765 887 1804 homines
908 1762 1098 1802 defuturi.
1138 1762 1370 1801 Mirandum
1393 1762 1433 1800 in
1454 1761 1619 1801 modum
1641 1761 1892 1814 profitentur,

501 1832 675 1872 offerunt
695 1830 746 1876 se,
764 1829 1030 1883 pollicentur;
1053 1838 1091 1867 ct
1111 1828 1274 1880 quidem
1295 1842 1387 1866 cum
1410 1827 1473 1880 spe
1494 1827 1580 1865 sum
1602 1827 1788 1871 maxima,
1808 1835 1895 1864 tum

504 1899 651 1951 majore
671 1897 789 1934 etiam
810 1894 956 1932 animo.
1004 1895 1123 1947 Spero
1151 1893 1363 1946 superiores
1393 1891 1477 1930 fore
1498 1906 1570 1930 nos
1588 1907 1597 1930 :
1630 1890 1788 1930 confido
1808 1891 1895 1928 ani-

504 1976 587 2009 mo,
606 1971 649 2001 ut
670 1962 710 2000 in
731 1959 804 1999 hac
826 1959 1028 2013 republica
1048 1973 1096 1997 ne
1116 1959 1246 1997 casum
1269 1958 1431 2011 quidem
1449 1957 1577 1996 ullum
1600 1957 1892 2010 pertimescam:

506 2028 570 2069 sed
591 2038 720 2066 tamen
743 2039 800 2065 res
821 2025 871 2064 fic
892 2024 929 2063 se
949 2024 1082 2063 habet.
1115 2024 1153 2062 Si
1175 2025 1280 2062 diem
1302 2023 1416 2062 nobis
1438 2023 1605 2062 Clodius
1626 2022 1785 2067 dixerit,
1817 2030 1899 2059 tota

507 2095 620 2135 Italia
640 2101 862 2138 concurret,
894 2101 938 2130 ut
959 2091 1223 2144 multiplicata
1242 2091 1368 2143 gloria
1386 2089 1628 2128 discedamus
1646 2108 1657 2135 ;
1690 2089 1745 2127 fin
1766 2097 1898 2128 autem

506 2162 545 2200 vi
566 2174 676 2214 agere
697 2158 918 2203 conabitur,
939 2157 1046 2211 spero
1067 2156 1149 2196 fore
1170 2157 1305 2196 studiis
1327 2169 1406 2194 non
1429 2155 1555 2195 solum
1577 2155 1811 2199 amicorum,
1835 2152 1899 2192 sed

508 2228 626 2266 etiam
646 2225 879 2269 alienorum,
912 2233 956 2262 ut
976 2224 1014 2262 vi
1036 2223 1263 2263 resistamus.
1311 2224 1464 2260 Omnes
1485 2231 1522 2259 et
1545 2221 1595 2266 se,
1626 2231 1664 2260 ct
1687 2221 1772 2259 suos
1796 2220 1897 2258 libe·

509 2307 586 2339 ros,
617 2292 779 2337 amicos,
810 2291 989 2335 clientes,
1021 2289 1199 2334 libertos,
1230 2288 1372 2333 servos,
1402 2288 1586 2341 pecunias
1608 2287 1776 2339 denique
1800 2285 1898 2332 suas,

510 2358 765 2413 pollicentur.
798 2355 940 2397 Nostra
959 2355 1121 2409 antiqua
1136 2367 1274 2394 manus
1292 2354 1488 2393 bonorum
1509 2352 1615 2392 ardet
1638 2352 1764 2391 studio
1781 2350 1901 2390 nostri

510 2434 627 2478 atque
648 2436 792 2462 amore.
838 2422 877 2460 Si
909 2422 980 2475 qui
1010 2430 1122 2460 antea
1140 2429 1207 2459 aut
1227 2420 1431 2459 alieniores
1452 2418 1621 2462 fuerant.
1654 2428 1719 2457 aut
1741 2415 1899 2469 langui·

510 2491 653 2538 diores,
684 2501 790 2530 nunc
823 2487 970 2529 horum
1002 2501 1143 2543 regum
1175 2486 1268 2528 odio
1297 2486 1334 2527 se
1362 2500 1456 2526 cum
1487 2485 1601 2525 bonis
1631 2486 1897 2538 conjungunt.
