2241 2994
488 218 564 274 308

491 325 574 362 agro
591 311 779 350 Latiniensi
797 312 936 348 auditus
952 309 1022 345 fuit
1041 309 1160 357 strepi-

491 374 548 399 tus
566 363 628 398 sub
646 373 734 397 terra
752 373 834 397 cum
858 359 1012 395 fremitu.
1063 360 1161 407 Qae

491 423 575 447 cum
612 409 806 457 haruspices
847 408 980 456 expiari
1022 408 1162 449 vellent,

494 460 596 495 iratos
624 460 718 494 Deos
744 459 822 502 effe,
848 457 946 505 quod
974 456 1050 492 loca
1075 457 1164 490 sacra

491 518 527 545 et
565 507 732 550 miniosa,
770 505 916 555 profana
946 505 1164 547 haberentur,

494 538 752 604 respenduerunt.

545 606 651 641 Hanc
666 605 880 641 occafionem
902 602 1066 650 arripiens
1081 601 1165 636 Clo-

495 654 574 690 dius
591 655 716 694 aedilis,
744 653 867 688 habuit
892 652 1094 687 concionem
1124 649 1168 684 de

496 703 595 739 sacris
611 714 645 738 et
663 701 913 750 religionibus,
940 710 1044 746 atque
1070 698 1168 733 Cice-

497 751 590 788 ronis
632 752 779 787 domum
818 750 905 784 inter
933 760 972 783 ea
1002 748 1078 782 loca
1105 746 1170 781 effe

498 801 600 843 dixit,
642 812 726 847 quae
767 797 973 839 consecrata,
1023 793 1170 844 profana

498 849 715 886 haberentur.
766 849 890 894 Itaque
918 844 1080 893 postridie
1108 843 1168 878 Ci-

499 909 578 933 cero
597 896 782 932 defendens
800 895 831 930 se
848 895 883 930 in
900 894 1028 936 senatu,
1048 892 1110 941 qui
1127 905 1170 928 ex

499 946 721 994 haruspicum
766 943 923 992 responso
963 943 1171 985 decreverat,

499 1006 541 1031 ut
557 996 600 1030 de
618 995 702 1030 locis
720 994 819 1030 sacris
838 1002 874 1027 et
902 991 1066 1039 religiosis
1087 1002 1170 1026 con-

500 1043 588 1080 sules
613 1044 657 1079 ad
675 1043 826 1078 senatum
846 1040 1020 1083 referrent,
1044 1039 1171 1075 oratio-

501 1105 580 1128 nem
611 1091 734 1127 habuit
761 1091 800 1126 de
825 1089 966 1137 Harusp.
1001 1089 1172 1134 Rqspotfis,

500 1153 583 1189 quae
600 1150 707 1183 extat,
730 1139 765 1174 in
782 1151 854 1187 qua
870 1137 1090 1186 haruspicum
1122 1148 1172 1171 re-

501 1190 620 1237 sponsa
656 1198 777 1225 contra
803 1187 972 1223 Clodium
1007 1187 1171 1234 interpre-

500 1248 604 1275 tatur.

549 1289 650 1323 Tum
681 1297 825 1334 quoque
854 1285 991 1327 Cicero,
1029 1293 1069 1318 ut
1097 1282 1171 1318 Dio

501 1336 629 1378 scribit,
658 1336 796 1370 Milone
824 1344 859 1369 et
875 1332 1084 1381 quibusdam
1111 1331 1171 1367 tri-

503 1385 605 1420 bunis
635 1384 746 1432 plebis
771 1383 947 1424 adhibitis,
974 1381 1008 1416 in
1025 1379 1171 1428 Capito·

502 1434 589 1469 lium
622 1433 730 1475 venit,
766 1441 801 1467 et
829 1431 966 1467 tabulas
999 1431 1042 1465 de
1069 1429 1174 1464 exilio

503 1483 564 1518 suo
581 1495 601 1517 a
626 1481 755 1518 Clodio
780 1481 924 1516 tribuno
950 1479 1062 1527 plebis
1088 1478 1174 1513 fixas

502 1531 636 1579 dejecit.
688 1531 754 1566 Sed
783 1529 930 1565 Clodius
959 1539 1042 1563 cum
1071 1526 1175 1562 fratre

504 1581 604 1623 Caio,
642 1580 705 1628 qui
740 1577 870 1626 praetor
905 1587 994 1619 erat,
1028 1577 1175 1611 interve-

507 1630 613 1677 niens,
638 1641 694 1664 eas
713 1639 787 1663 tum
804 1627 954 1674 eripuit:
983 1625 1099 1674 postea
1116 1637 1175 1660 ve-

507 1692 556 1718 ro,
581 1678 760 1713 observata
777 1675 892 1711 Clodii
911 1674 1072 1716 absentia,
1101 1686 1175 1709 rur-

507 1728 561 1763 sus
593 1727 626 1762 in
653 1725 869 1773 Capitolium
891 1723 1051 1766 ascendit,
1076 1733 1111 1757 et
1128 1733 1177 1757 ta-

511 1777 610 1812 bulas
641 1775 718 1811 inde
748 1774 877 1809 ablatas
905 1773 1053 1808 domum
1084 1771 1178 1807 suam

508 1824 704 1873 asportavit.
758 1823 870 1871 Qod
888 1821 1034 1863 factum,
1061 1833 1079 1854 a
1095 1820 1180 1855 Clo-

507 1874 568 1909 dio
586 1872 837 1921 reprehensum,
863 1883 944 1906 cum
975 1869 1118 1905 Tullius
1146 1869 1180 1904 in

510 1923 637 1964 senatu,
665 1932 704 1957 ut
732 1920 940 1957 Plutarchus
970 1928 1095 1961 narrat,
1135 1919 1179 1953 sic

509 1971 718 2012 defenderet,
757 1979 797 2004 ut
833 1969 975 2009 diceret,
1013 1967 1180 2003 Clodium

510 2031 631 2057 contra
648 2021 738 2066 leges
765 2031 784 2052 e
813 2017 965 2065 patriciis
983 2017 1025 2051 ad
1043 2016 1180 2064 plebem

512 2069 684 2111 transtisse,
732 2067 878 2114 ideoque
921 2065 1006 2100 nihil
1046 2076 1180 2105 eorum,

512 2131 595 2166 quae
631 2117 785 2165 gestisset,
827 2124 939 2150 ratum
985 2113 1182 2148 habendum

512 2169 600 2209 esse,
627 2169 718 2202 Cato
741 2164 938 2212 indignatus
970 2163 1018 2197 illi
1049 2172 1181 2197 contra-

511 2218 623 2253 dixit:
654 2227 723 2251 non
746 2214 843 2262 quod
870 2212 1036 2248 Clodium
1064 2211 1183 2246 lauda-

514 2279 576 2308 ret,
603 2264 704 2312 cujus
730 2265 807 2298 aeta
829 2262 972 2302 oderat·,
1000 2260 1053 2295 sed
1079 2271 1183 2307 grave

513 2327 546 2351 et
564 2315 756 2349 violentum
777 2311 841 2346 effe
865 2310 1104 2350 confirmabat,
1131 2318 1183 2344 tot

513 2367 648 2401 decreta
675 2373 708 2398 et
739 2373 788 2396 res
818 2360 926 2408 gestas
952 2357 1184 2394 senatus-con-

516 2415 604 2449 sulto
633 2412 733 2452 tolli,
762 2410 795 2444 in
813 2409 944 2457 quibus
961 2408 1064 2443 essent
1081 2407 1184 2442 etiam

515 2476 565 2503 en,
592 2473 671 2508 qua:
699 2459 766 2507 ipse
790 2458 824 2494 in
842 2460 962 2506 Cypro
977 2467 1012 2493 et
1029 2456 1185 2504 Byzantii

801 215 867 256 M.
926 215 982 254 T.
1042 209 1570 253 CICERONIS

1211 307 1362 355 geffiss‘et.
1414 304 1471 341 De
1488 305 1618 353 quibus
1637 304 1738 340 rebus
1756 313 1882 353 praeter

1211 355 1389 391 historicos
1406 354 1529 390 Cicero
1542 364 1601 401 pro
1619 355 1733 395 Domo,
1760 362 1830 399 cap.
1847 356 1881 389 8.

1211 407 1246 440 in
1261 406 1421 445 Sestiana,
1448 413 1516 450 cap.
1538 405 1594 438 28.
1619 412 1653 438 et
1669 403 1758 438 alibi.

1263 453 1348 488 Hoc
1378 452 1481 487 etiarn
1511 462 1664 499 ternpore
1696 451 1813 486 aditum
1848 449 1884 485 in

1214 501 1329 537 senatu
1352 500 1421 536 fuit
1445 501 1489 536 de
1517 500 1686 546 stipendio
1713 499 1885 535 exercitus

1214 550 1370 585 Caesaris.
1423 550 1534 596 quue
1559 549 1684 584 Cicero
1699 548 1730 584 se
1747 560 1816 584 non
1834 547 1888 583 so-

1215 599 1290 633 lum
1318 597 1513 640 decrevisse,
1539 597 1593 632 sed
1620 597 1736 639 etiam,
1763 607 1802 632 ut
1829 596 1887 631 alii

1215 647 1445 689 decernerent,
1476 646 1640 681 laboraffe
1668 645 1716 681 ait
1743 647 1776 681 in
1801 652 1887 681 orat.

1217 695 1256 730 de
1284 696 1468 730 Provinciis
1496 694 1582 742 Cons-
1609 704 1677 741 cap.
1714 706 1768 731 ιι.
1820 693 1888 729 Sti-

1218 743 1337 792 pendii
1353 743 1479 779 decreti
1499 743 1655 778 meminit
1671 753 1717 790 ep.
1735 753 1768 789 7.
1786 743 1841 778 lib.
1861 743 1887 778 Ι.

1218 793 1337 828 Famil.
1368 793 1428 828 ubi
1445 802 1480 827 et
1496 792 1538 827 de
1555 793 1673 827 decem
1692 791 1825 840 legatis,
1845 791 1890 826 de

1218 841 1350 889 quibus
1377 842 1422 877 fic
1441 841 1475 876 in
1492 842 1646 877 oratione
1674 842 1718 876 de
1742 839 1890 876 Provin-

1219 891 1304 926 ciis:
1345 893 1458 926 AHum
1486 889 1527 934 est
1556 889 1594 924 de
1622 889 1722 925 decem
1750 890 1889 936 legatis:

1219 951 1292 987 quos
1311 940 1367 974 alii
1383 941 1503 974 omnino
1520 950 1581 973 non
1596 937 1730 979 dabant,
1755 939 1815 973 alii
1837 950 1890 974 ex-

1219 988 1318 1034 empla
1334 987 1527 1036 quaerebant,
1553 987 1610 1021 alii
1636 995 1751 1033 tempus
1767 986 1892 1033 d1ffere-

1220 1037 1310 1078 bam,
1337 1037 1395 1071 alii
1410 1036 1481 1079 fine
1510 1035 1580 1070 ullis
1610 1036 1777 1071 verborum
1800 1046 1894 1070 orna.

1221 1087 1330 1121 mentis
1355 1085 1474 1120 dabant
1488 1097 1500 1120 .·
1529 1086 1563 1119 in
1590 1096 1629 1119 ea
1652 1097 1765 1133 quoque
1790 1096 1826 1119 re
1842 1085 1895 1128 fic

1213 1134 1284 1181 fiam
1317 1134 1445 1175 locutus,
1483 1142 1519 1168 ut
1545 1145 1646 1168 omnes
1673 1134 1894 1181 intelligerent,

1221 1195 1268 1219 me
1294 1183 1338 1225 id,
1372 1182 1453 1231 quod
1479 1182 1655 1228 reipublice
1682 1183 1774 1228 causa
1793 1183 1895 1229 senti-

1222 1243 1302 1275 rem,
1330 1232 1442 1277 facere
1482 1231 1608 1266 uberius
1640 1239 1770 1279 propter
1801 1231 1897 1278 ipfius

1219 1282 1351 1327 Caesaris
1367 1279 1564 1328 dignitatem.
1617 1280 1665 1315 Et
1685 1293 1751 1328 pro
1768 1281 1893 1324 Balbo,

1220 1341 1298 1377 cap.
1320 1341 1379 1377 27.
1430 1328 1514 1366 Idem
1542 1331 1577 1364 in
1603 1330 1751 1376 angqstiis
1781 1331 1894 1365 erarii

1220 1381 1369 1413 vitiorem
1393 1380 1562 1414 exercitum
1579 1377 1735 1424 stspendio
1760 1378 1893 1425 “ffffl‘lz

1223 1427 1412 1473 Imperatori
1451 1426 1552 1462 decem
1583 1427 1702 1474 legatos
1737 1427 1893 1464 decrevit.

1224 1476 1305 1511 Hos
1331 1477 1449 1511 decem
1473 1476 1604 1523 legatos
1628 1487 1647 1510 a
1664 1476 1778 1511 Dione
1796 1476 1894 1512 intel·

1224 1525 1284 1573 ligi
1303 1536 1403 1572 puto,
1430 1537 1512 1560 cum
1541 1525 1584 1560 de
1605 1524 1796 1560 honoribus
1819 1526 1896 1561 Cae-

1224 1574 1285 1610 sari
1304 1574 1429 1609 habitis
1447 1573 1631 1621 lnquit,'eio'f
1648 1591 1679 1611 π
1698 1577 1723 1622 ιζ,
1741 1578 1770 1610 ἐκ
1785 1576 1830 1612 ἧς
1846 1580 1897 1614 βε·

1224 1630 1274 1660 aie
1299 1627 1410 1670 ἕινὴαι,
1436 1627 1472 1659 ὥς
1488 1628 1512 1670 ιζ,
1532 1623 1572 1659 im*
1589 1625 1779 1668 Amafinius·
1796 1640 1897 1660 mn·

1225 1677 1280 1709 λᾶς
1307 1677 1361 1708 ‘nie
1386 1676 1528 1708 Γαλάταις
1551 1674 1696 1709 &ins-enum.
1750 1672 1844 1707 Nam
1864 1683 1899 1708 re

1228 1722 1314 1757 bene
1340 1720 1443 1768 gesta,
1477 1720 1709 1768 dispensandae
1739 1720 1900 1756 cohones.

1227 1770 1414 1817 tandaeque
1453 1769 1622 1810 victoriae,
1661 1780 1701 1803 ut
1741 1769 1900 1805 Manlius

1229 1819 1323 1867 apud
1341 1818 1423 1854 Liv.
1442 1817 1497 1853 lib.
1518 1817 1729 1854 xxxvm.
1753 1828 1819 1865 cap.
1838 1829 1897 1864 47.

1229 1869 1289 1909 ait,
1330 1867 1599 1915 imperatoribus
1639 1867 1758 1902 decem
1796 1867 1900 1915 legati

1227 1916 1509 1953 decernebantur.

1279 1967 1326 2001 A.
1355 1965 1541 2008 Gabinius,
1565 1964 1628 2012 qui
1657 1964 1789 2012 Syriam
1820 1977 1901 2013 pro-

1229 2014 1348 2050 consul
1391 2014 1539 2056 tenebat,
1584 2014 1618 2048 in
1651 2014 1832 2049 Palaestina
1868 2026 1902 2049 re

1232 2064 1317 2098 bene
1333 2063 1425 2110 gesta
1442 2073 1562 2098 contra
1575 2061 1769 2097 Aristobuli
1788 2063 1903 2098 filium

1234 2111 1474 2147 Alexandrum
1504 2111 1685 2159 ipsumque
1715 2112 1902 2147 Aristobu-

1233 2161 1319 2203 lum,
1347 2170 1386 2195 ut
1405 2159 1483 2206 Jose
1510 2159 1574 2195 hus
1601 2160 1655 2195 lib.
1678 2161 1775 2195 XIV.
1804 2162 1903 2196 Anti-

1231 2212 1386 2259 quitatum
1428 2208 1487 2243 scri
1518 2209 1555 2251 it,
1595 2209 1707 2244 literas
1751 2210 1905 2246 Romam

1233 2259 1335 2297 misit.
1362 2257 1492 2306 quibus
1519 2268 1552 2293 et
1583 2271 1651 2293 rem
1673 2259 1757 2293 bene
1773 2260 1902 2306 gestam

1235 2308 1268 2343 in
1294 2308 1386 2343 bello
1412 2307 1595 2348 nuntiavit,
1621 2318 1654 2342 et
1682 2307 1904 2355 supplicatio-

1236 2369 1311 2392 nem
1341 2369 1359 2390 a
1387 2356 1499 2391 senatu
1530 2356 1728 2404 postulavit.
1782 2356 1906 2392 Idibus

1236 2406 1324 2440 Maii
1344 2406 1474 2440 senatus
1498 2404 1659 2452 frequens
1682 2405 1904 2453 supplicatio-

1236 2467 1313 2491 nem
1332 2454 1485 2491 Gabinio
1502 2454 1696 2503 denegavit,
1723 2464 1767 2501 ep.
1788 2465 1821 2502 7.
1847 2453 1903 2489 lib.
