2335 3009
1127 240 1360 297 [22⁶]

784 524 884 612 Q.
1011 520 1734 597 CICERO

1196 725 1232 760 D

1283 723 1318 760 E

535 902 1148 963 PETITIONE
1230 899 1982 972 CONSULATUS,

841 1125 960 1164 AD
1018 1121 1677 1164 M.FRATREM.

659 1318 761 1354 TSI
797 1317 861 1353 tibi
887 1316 1005 1353 omnia
1034 1316 1235 1364 suppetunt,

611 1386 647 1412 A
685 1379 767 1414 quae
796 1365 957 1414 consequi
987 1365 1137 1413 ingenio,
1175 1374 1236 1399 aut

568 1415 629 1450 usu
658 1415 826 1457 homines,
853 1425 913 1450 aut
943 1414 1133 1461 diligentia,
1158 1413 1234 1460 pos-

569 1464 671 1506 sunt·‚
699 1475 811 1499 tamen
841 1464 885 1498 ab
903 1475 1018 1497 amore
1034 1462 1148 1497 nostro
1167 1473 1236 1496 non

570 1515 641 1549 sum
661 1513 843 1548 arbitratus
861 1513 1023 1552 alienum,
1050 1511 1092 1545 ad
1111 1521 1143 1545 te
1162 1522 1236 1557 per-

569 1562 711 1597 icribere
727 1573 779 1603 ea,
801 1573 883 1608 quae
902 1560 984 1595 mihi
1005 1559 1211 1594 veniebant
1205 1571 1237 1593 in

571 1621 732 1652 mentem,
758 1610 828 1645 dies
855 1621 892 1644 ac
911 1609 1026 1644 noctes
1043 1608 1085 1643 de
1102 1607 1238 1661 petitio-

571 1673 612 1695 ne
639 1669 699 1694 tua
725 1659 915 1711 cogitanti:
943 1669 1012 1693 non
1039 1667 1078 1691 ut
1107 1655 1240 1703 aliquid

569 1721 612 1744 ex
643 1708 682 1743 iis
711 1719 792 1742 novi
819 1705 1012 1753 adjicerem,
1037 1705 1093 1740 sed
1119 1715 1159 1739 ut
1185 1716 1238 1746 ea,

571 1769 653 1804 quae
681 1756 714 1791 in
741 1767 775 1790 re
802 1754 947 1803 dispersa
973 1763 1078 1802 atque
1107 1753 1241 1788 infinita

571 1805 768 1840 viderentur
796 1804 873 1847 effe,
909 1803 1038 1838 ratione
1066 1812 1101 1838 et
1129 1801 1239 1836 distri-

574 1854 716 1889 butione
745 1853 808 1888 sub
831 1865 902 1888 uno
919 1851 1055 1899 aspestu
1072 1863 1239 1899 poneren-

574 1913 641 1938 tur.
678 1903 890 1956 Qanquam
909 1900 1101 1948 plurimum
1119 1909 1241 1934 natura

574 1952 690 1993 valet·‚
709 1961 822 1986 tamen
842 1950 979 1985 videtur
997 1961 1030 1984 in
1050 1959 1241 2002 paucorum

574 1999 741 2035 mensium
773 1998 912 2053 negotio
947 1997 1040 2046 poffe
1070 1996 1243 2032 simulatio

574 2059 730 2084 naturam
761 2049 907 2082 vincere.
958 2047 1122 2081 Crvrrais
1150 2057 1240 2089 03¹AE

575 2109 646 2140 sir,
686 2096 826 2143 cogita·,
863 2107 958 2140 Quin
993 2106 1135 2135 ΡετΑες
1173 2105 1239 2138 Qu

566 2158 640 2185 sis.
679 2146 793 2192 Prope
810 2143 966 2192 quotidie
983 2143 1025 2177 ad
1044 2141 1160 2178 forum
1179 2142 1241 2177 tibi

573 2194 800 2236 descendenti,
839 2193 1041 2228 meditatum
1077 2191 1142 2226 hoc
1177 2191 1240 2226 sit:

576 2244 705 2279 Novus
725 2254 825 2284 ευΜ·,
843 2242 1105 2276 CONSULATUM
1127 2252 1241 2280 Ρετος

574 2294 692 2328 Rom
727 2303 806 2326 εςτ.
859 2289 1022 2325 Nominis
1055 2289 1240 2323 novitatem

573 2340 708 2376 dicendi
728 2339 838 2386 gloria
864 2338 1011 2374 maxime
1034 2337 1239 2373 sublevabis.

574 2392 714 2435 Semper
731 2401 768 2422 ea
789 2401 836 2423 res
856 2386 1047 2436 plurimum
1064 2385 1240 2433 dignitatis

576 2438 706 2472 lubuit
761 2439 842 2473 Non
875 2435 997 2484 potest,
1023 2447 1084 2482 qui
1115 2435 1241 2482 dignus

576 2488 719 2522 liabetur
768 2497 933 2534 patronus
977 2483 1241 2526 Consularium,

1284 1315 1448 1363 indignus
1464 1314 1655 1351 Consulatu
1672 1314 1798 1363 putari.
1819 1314 1955 1363 Qam-

1283 1365 1417 1406 obrern,
1454 1363 1621 1411 quoniam
1663 1363 1708 1398 ab
1749 1363 1813 1398 hac
1856 1364 1958 1398 laude

1286 1412 1521 1459 proficisceris,
1556 1423 1590 1448 et
1628 1411 1798 1460 quicquid
1828 1423 1876 1453 es,
1911 1424 1955 1447 ex

1286 1462 1350 1497 hoc
1367 1473 1427 1502 es·,
1454 1461 1500 1496 ita
1530 1471 1669 1508 paratus
1699 1461 1741 1495 ad
1768 1460 1955 1496 dicendum

1287 1510 1416 1550 venito,
1456 1510 1551 1556 quasi
1595 1522 1627 1544 in
1665 1508 1806 1556 singulis
1848 1509 1956 1544 causis

1283 1557 1456 1605 judicium
1486 1559 1528 1593 de
1558 1558 1652 1593 omni
1687 1557 1823 1604 ingenio
1858 1556 1957 1593 futu-

1290 1619 1367 1642 rum
1386 1607 1435 1642 sit.
1484 1605 1570 1654 Ejus
1589 1605 1763 1642 facultatis
1780 1604 1959 1652 adjumen-

1290 1666 1336 1698 ta,
1362 1668 1444 1702 quae
1464 1655 1527 1691 tibi
1554 1655 1622 1690 scio
1649 1655 1713 1690 effe
1738 1653 1891 1703 seposita,
1918 1665 1960 1690 ut

1288 1715 1451 1752 prompta
1477 1715 1515 1738 ac
1542 1713 1659 1751 parata
1685 1703 1762 1745 sint,
1789 1715 1897 1744 cura;
1922 1713 1959 1738 et

1289 1753 1394 1801 saepe,
1416 1765 1511 1807 quae·
1516 1753 1559 1787 de
1575 1751 1816 1787 Demosthenis
1844 1751 1961 1788 studio

1288 1811 1323 1837 et
1338 1801 1580 1837 exercitatione
1600 1800 1728 1848 scripsit
1747 1800 1962 1854 Demetrius,

1291 1850 1476 1885 recordare.
1528 1849 1664 1884 Deinde
1699 1859 1734 1884 et
1766 1849 1958 1884 amicorum

1290 1899 1494 1940 multitudo,
1531 1908 1565 1933 et
1601 1910 1724 1946 genera
1761 1907 1956 1945 appareant.

1291 1947 1414 1983 Habes
1440 1948 1530 1982 enim
1548 1959 1599 1990 ea,
1651 1958 1705 1982 uae
1723 1947 1809 1981 nulli
1829 1947 1958 1982 habue-

1292 2006 1386 2040 runt,
1423 2008 1542 2031 omnes
1584 2007 1632 2044 pu
1661 1995 1803 2037 licanos,
1843 2004 1959 2030 totum

1291 2044 1361 2081 fere
1398 2045 1600 2099 equestrem
1626 2043 1808 2084 ordinem;
1850 2044 1963 2078 multa

1292 2104 1455 2140 praeterea
1471 2093 1672 2140 municipia,
1699 2093 1828 2127 multos
1849 2093 1909 2127 abs
1928 2103 1964 2128 te

1291 2141 1444 2177 defensos
1464 2141 1617 2177 homines
1634 2139 1800 2188 cujusque
1817 2142 1963 2184 ordinis,

1292 2191 1427 2238 aliquot
1455 2190 1624 2238 collegia,
1658 2200 1820 2237 praeterea
1848 2190 1961 2226 studio

1292 2239 1428 2274 dicendi
1456 2239 1655 2274 conciliatos
1683 2239 1851 2285 plurimos
1878 2239 1960 2274 ado-

1292 2287 1508 2330 lescentulos,
1552 2287 1790 2334 quotidianam
1833 2287 1961 2322 amico-

1292 2348 1368 2371 rum
1397 2336 1620 2371 assiduitatem
1651 2346 1686 2371 et
1715 2336 1956 2384 frequentiam.

1292 2385 1385 2420 Haec
1416 2396 1498 2420 cura
1522 2395 1560 2419 ut
1584 2394 1709 2427 teneas,
1734 2395 1767 2420 et
1785 2395 1959 2420 commen-

1291 2434 1418 2476 dando,
1444 2444 1477 2469 et
1496 2434 1661 2481 rogando,
1686 2443 1720 2468 et
1737 2432 1832 2469 omni
1859 2432 1960 2468 ratio-

1293 2495 1334 2519 ne
1362 2482 1556 2526 efficiendo,
1590 2492 1631 2519 ut
1659 2482 1864 2531 intelligant,
1898 2481 1963 2529 qui
