<?xml version="1.0" encoding="UTF-8"?>
<!DOCTYPE html PUBLIC "-//W3C//DTD XHTML 1.0 Transitional//EN"
    "http://www.w3.org/TR/xhtml1/DTD/xhtml1-transitional.dtd">
<html xmlns="http://www.w3.org/1999/xhtml" xml:lang="en" lang="en">
 <head>
  <title>
</title>
<meta http-equiv="Content-Type" content="text/html;charset=utf-8" />
  <meta name='ocr-system' content='tesseract 3.04.00' />
  <meta name='ocr-capabilities' content='ocr_page ocr_carea ocr_par ocr_line ocrx_word'/>
</head>
<body>
  <div class='ocr_page' id='page_1' title='image "./operacumindicibu09ciceuoft_0090.png"; bbox 0 0 2335 3009; ppageno 0'>
   <div class='ocr_carea' id='block_1_1' title="bbox 520 210 1454 257">
    <p class='ocr_par' dir='ltr' id='par_1_1' title="bbox 520 210 1454 257">
     <span class='ocr_line' id='line_1_1' title="bbox 520 210 1454 257; baseline 0.007 -7"><span class='ocrx_word' id='word_1_1' title='bbox 520 210 572 251; x_wconf 82' lang='lat'>82</span> <span class='ocrx_word' id='word_1_2' title='bbox 968 214 1454 257; x_wconf 86' lang='lat' dir='ltr'>EPISTOLAE</span> 
     </span>
    </p>
   </div>
   <div class='ocr_carea' id='block_1_2' title="bbox 519 311 1909 498">
    <p class='ocr_par' dir='ltr' id='par_1_2' title="bbox 519 311 1909 498">
     <span class='ocr_line' id='line_1_2' title="bbox 520 311 1908 369; baseline 0.005 -20"><span class='ocrx_word' id='word_1_3' title='bbox 520 311 758 364; x_wconf 74' lang='lat' dir='ltr'>amplffmum</span> <span class='ocrx_word' id='word_1_4' title='bbox 772 326 787 352; x_wconf 89' lang='lat'><em>:</em></span> <span class='ocrx_word' id='word_1_5' title='bbox 817 311 883 366; x_wconf 80' lang='lat' dir='ltr'>qui</span> <span class='ocrx_word' id='word_1_6' title='bbox 908 312 973 364; x_wconf 64' lang='lat' dir='ltr'>effi</span> <span class='ocrx_word' id='word_1_7' title='bbox 992 313 1093 352; x_wconf 80' lang='lat' dir='ltr'>nulla</span> <span class='ocrx_word' id='word_1_8' title='bbox 1118 328 1158 352; x_wconf 84' lang='lat' dir='ltr'>re</span> <span class='ocrx_word' id='word_1_9' title='bbox 1184 313 1364 353; x_wconf 83' lang='lat' dir='ltr'><em>deterreri</em></span> <span class='ocrx_word' id='word_1_10' title='bbox 1387 329 1413 353; x_wconf 86' lang='lat' dir='ltr'><strong><em>a</em></strong></span> <span class='ocrx_word' id='word_1_11' title='bbox 1434 314 1610 369; x_wconf 73' lang='lat' dir='ltr'>propqfito</span> <span class='ocrx_word' id='word_1_12' title='bbox 1633 313 1759 368; x_wconf 83' lang='lat' dir='ltr'>potest,</span> <span class='ocrx_word' id='word_1_13' title='bbox 1788 324 1908 357; x_wconf 81' lang='lat' dir='ltr'>tamen</span> 
     </span>
     <span class='ocr_line' id='line_1_3' title="bbox 519 376 1909 435; baseline 0.004 -21"><span class='ocrx_word' id='word_1_14' title='bbox 519 376 675 415; x_wconf 81' lang='lat' dir='ltr'>excitari</span> <span class='ocrx_word' id='word_1_15' title='bbox 692 377 763 416; x_wconf 80' lang='lat' dir='ltr'>tuis</span> <span class='ocrx_word' id='word_1_16' title='bbox 781 376 944 417; x_wconf 83' lang='lat' dir='ltr'><em>laudibus</em></span> <span class='ocrx_word' id='word_1_17' title='bbox 963 377 1251 431; x_wconf 84' lang='lat' dir='ltr'><em>indulgentiaque</em></span> <span class='ocrx_word' id='word_1_18' title='bbox 1268 379 1422 432; x_wconf 82' lang='lat' dir='ltr'>poterit,</span> <span class='ocrx_word' id='word_1_19' title='bbox 1452 394 1519 433; x_wconf 85' lang='lat' dir='ltr'>quo</span> <span class='ocrx_word' id='word_1_20' title='bbox 1545 381 1660 435; x_wconf 85' lang='lat' dir='ltr'>magis</span> <span class='ocrx_word' id='word_1_21' title='bbox 1686 381 1909 435; x_wconf 79' lang='lat' dir='ltr'>amplexetur</span> 
     </span>
     <span class='ocr_line' id='line_1_4' title="bbox 519 440 1720 498; baseline 0.006 -18"><span class='ocrx_word' id='word_1_22' title='bbox 519 454 564 480; x_wconf 82' lang='lat' dir='ltr'>ac</span> <span class='ocrx_word' id='word_1_23' title='bbox 581 450 732 482; x_wconf 82' lang='lat' dir='ltr'>tueatur</span> <span class='ocrx_word' id='word_1_24' title='bbox 735 440 913 496; x_wconf 85' lang='lat' dir='ltr'>judicium</span> <span class='ocrx_word' id='word_1_25' title='bbox 916 443 1044 497; x_wconf 73' lang='lat' dir='ltr'>ficum.</span> <span class='ocrx_word' id='word_1_26' title='bbox 1074 444 1129 484; x_wconf 90' lang='lat' dir='ltr'>Et</span> <span class='ocrx_word' id='word_1_27' title='bbox 1147 444 1238 483; x_wconf 85' lang='lat' dir='ltr'>mihi</span> <span class='ocrx_word' id='word_1_28' title='bbox 1247 444 1484 498; x_wconf 76' lang='lat' dir='ltr'>gratffmum</span> <span class='ocrx_word' id='word_1_29' title='bbox 1502 446 1588 486; x_wconf 86' lang='lat' dir='ltr'>erit.</span> <span class='ocrx_word' id='word_1_30' title='bbox 1620 446 1720 487; x_wconf 82' lang='lat' dir='ltr'><em>Vale.</em></span> 
     </span>
    </p>
   </div>
   <div class='ocr_carea' id='block_1_3' title="bbox 916 646 1511 686">
    <p class='ocr_par' dir='ltr' id='par_1_3' title="bbox 916 646 1511 686">
     <span class='ocr_line' id='line_1_5' title="bbox 916 646 1511 686; baseline 0.003 -2"><span class='ocrx_word' id='word_1_31' title='bbox 916 646 1159 685; x_wconf 69' lang='lat' dir='ltr'>c1cnn0</span> <span class='ocrx_word' id='word_1_32' title='bbox 1209 647 1423 686; x_wconf 75' lang='lat' dir='ltr'>BRUTO</span> <span class='ocrx_word' id='word_1_33' title='bbox 1471 647 1511 686; x_wconf 84' lang='lat' dir='ltr'>S.</span> 
     </span>
    </p>
   </div>
   <div class='ocr_carea' id='block_1_4' title="bbox 493 770 1910 2531">
    <p class='ocr_par' dir='ltr' id='par_1_4' title="bbox 518 770 1907 845">
     <span class='ocr_line' id='line_1_6' title="bbox 518 770 1907 845; baseline 0.002 -33"><span class='ocrx_word' id='word_1_34' title='bbox 518 770 617 812; x_wconf 78' lang='lat' dir='ltr'><strong>XII.</strong></span> <span class='ocrx_word' id='word_1_35' title='bbox 644 771 827 845; x_wconf 86' lang='lat' dir='ltr'>ETSI</span> <span class='ocrx_word' id='word_1_36' title='bbox 855 772 1015 812; x_wconf 87' lang='lat' dir='ltr'>daturus</span> <span class='ocrx_word' id='word_1_37' title='bbox 1035 785 1140 811; x_wconf 88' lang='lat' dir='ltr'>eram</span> <span class='ocrx_word' id='word_1_38' title='bbox 1160 773 1332 812; x_wconf 82' lang='lat' dir='ltr'>Meffalae</span> <span class='ocrx_word' id='word_1_39' title='bbox 1354 773 1529 813; x_wconf 89' lang='lat' dir='ltr'>Corvino</span> <span class='ocrx_word' id='word_1_40' title='bbox 1548 775 1741 815; x_wconf 88' lang='lat' dir='ltr'>continuo</span> <span class='ocrx_word' id='word_1_41' title='bbox 1759 775 1907 821; x_wconf 82' lang='lat' dir='ltr'>literas,</span> 
     </span>
    </p>

    <p class='ocr_par' dir='ltr' id='par_1_5' title="bbox 493 837 1910 2531">
     <span class='ocr_line' id='line_1_7' title="bbox 740 837 1909 881; baseline 0.004 -5"><span class='ocrx_word' id='word_1_42' title='bbox 740 847 871 877; x_wconf 85' lang='lat' dir='ltr'>tamen</span> <span class='ocrx_word' id='word_1_43' title='bbox 891 838 1076 877; x_wconf 89' lang='lat' dir='ltr'>Veterem</span> <span class='ocrx_word' id='word_1_44' title='bbox 1096 837 1271 877; x_wconf 90' lang='lat' dir='ltr'>nostrum</span> <span class='ocrx_word' id='word_1_45' title='bbox 1291 838 1338 876; x_wconf 90' lang='lat' dir='ltr'>ad</span> <span class='ocrx_word' id='word_1_46' title='bbox 1359 847 1397 877; x_wconf 89' lang='lat' dir='ltr'>te</span> <span class='ocrx_word' id='word_1_47' title='bbox 1418 839 1494 878; x_wconf 81' lang='lat' dir='ltr'>fine</span> <span class='ocrx_word' id='word_1_48' title='bbox 1515 839 1638 879; x_wconf 87' lang='lat' dir='ltr'>literis</span> <span class='ocrx_word' id='word_1_49' title='bbox 1660 842 1757 880; x_wconf 89' lang='lat' dir='ltr'>meis</span> <span class='ocrx_word' id='word_1_50' title='bbox 1777 843 1909 881; x_wconf 85' lang='lat' dir='ltr'>venire</span> 
     </span>
     <span class='ocr_line' id='line_1_8' title="bbox 519 902 1908 957; baseline 0.004 -15"><span class='ocrx_word' id='word_1_51' title='bbox 519 902 648 943; x_wconf 76' lang='lat' dir='ltr'>nolui.</span> <span class='ocrx_word' id='word_1_52' title='bbox 678 903 863 943; x_wconf 83' lang='lat' dir='ltr'>Maximo</span> <span class='ocrx_word' id='word_1_53' title='bbox 882 904 924 943; x_wconf 90' lang='lat' dir='ltr'>in</span> <span class='ocrx_word' id='word_1_54' title='bbox 944 903 1171 942; x_wconf 86' lang='lat' dir='ltr'>discrimine</span> <span class='ocrx_word' id='word_1_55' title='bbox 1190 904 1424 957; x_wconf 87' lang='lat' dir='ltr'>respublica,</span> <span class='ocrx_word' id='word_1_56' title='bbox 1454 906 1589 952; x_wconf 83' lang='lat' dir='ltr'>Brute,</span> <span class='ocrx_word' id='word_1_57' title='bbox 1614 907 1799 953; x_wconf 88' lang='lat' dir='ltr'>versatur,</span> <span class='ocrx_word' id='word_1_58' title='bbox 1820 908 1908 946; x_wconf 86' lang='lat' dir='ltr'>vic-</span> 
     </span>
     <span class='ocr_line' id='line_1_9' title="bbox 518 968 1908 1025; baseline 0.003 -18"><span class='ocrx_word' id='word_1_59' title='bbox 518 968 699 1022; x_wconf 87' lang='lat' dir='ltr'>toresque</span> <span class='ocrx_word' id='word_1_60' title='bbox 719 969 848 1008; x_wconf 88' lang='lat' dir='ltr'>rursus</span> <span class='ocrx_word' id='word_1_61' title='bbox 869 969 1063 1008; x_wconf 86' lang='lat' dir='ltr'>decertare</span> <span class='ocrx_word' id='word_1_62' title='bbox 1082 969 1278 1022; x_wconf 87' lang='lat' dir='ltr'>cogimur.</span> <span class='ocrx_word' id='word_1_63' title='bbox 1325 969 1372 1008; x_wconf 91' lang='lat' dir='ltr'>Id</span> <span class='ocrx_word' id='word_1_64' title='bbox 1397 970 1542 1009; x_wconf 88' lang='lat' dir='ltr'>accidit</span> <span class='ocrx_word' id='word_1_65' title='bbox 1567 971 1633 1010; x_wconf 93' lang='lat' dir='ltr'>M.</span> <span class='ocrx_word' id='word_1_66' title='bbox 1657 972 1800 1025; x_wconf 86' lang='lat' dir='ltr'>Lepidi</span> <span class='ocrx_word' id='word_1_67' title='bbox 1823 972 1908 1011; x_wconf 89' lang='lat' dir='ltr'>sce-</span> 
     </span>
     <span class='ocr_line' id='line_1_10' title="bbox 517 1034 1908 1088; baseline 0.002 -16"><span class='ocrx_word' id='word_1_68' title='bbox 517 1034 597 1072; x_wconf 92' lang='lat' dir='ltr'>lere</span> <span class='ocrx_word' id='word_1_69' title='bbox 615 1043 654 1073; x_wconf 91' lang='lat' dir='ltr'>et</span> <span class='ocrx_word' id='word_1_70' title='bbox 673 1035 858 1073; x_wconf 83' lang='lat' dir='ltr'>amentia.</span> <span class='ocrx_word' id='word_1_71' title='bbox 889 1035 983 1086; x_wconf 83' lang='lat' dir='ltr'>Qo</span> <span class='ocrx_word' id='word_1_72' title='bbox 1003 1043 1194 1087; x_wconf 86' lang='lat' dir='ltr'>tempore,</span> <span class='ocrx_word' id='word_1_73' title='bbox 1212 1048 1305 1073; x_wconf 89' lang='lat' dir='ltr'>cum</span> <span class='ocrx_word' id='word_1_74' title='bbox 1325 1034 1453 1074; x_wconf 88' lang='lat' dir='ltr'>multa</span> <span class='ocrx_word' id='word_1_75' title='bbox 1471 1044 1632 1088; x_wconf 90' lang='lat' dir='ltr'>propter</span> <span class='ocrx_word' id='word_1_76' title='bbox 1649 1049 1736 1074; x_wconf 87' lang='lat' dir='ltr'>eam</span> <span class='ocrx_word' id='word_1_77' title='bbox 1756 1050 1908 1082; x_wconf 87' lang='lat' dir='ltr'>curam,</span> 
     </span>
     <span class='ocr_line' id='line_1_11' title="bbox 517 1099 1910 1153; baseline 0.004 -16"><span class='ocrx_word' id='word_1_78' title='bbox 517 1113 638 1152; x_wconf 90' lang='lat' dir='ltr'>quarn</span> <span class='ocrx_word' id='word_1_79' title='bbox 664 1114 738 1153; x_wconf 91' lang='lat' dir='ltr'>pro</span> <span class='ocrx_word' id='word_1_80' title='bbox 757 1099 960 1152; x_wconf 88' lang='lat' dir='ltr'>republica</span> <span class='ocrx_word' id='word_1_81' title='bbox 990 1099 1154 1152; x_wconf 88' lang='lat' dir='ltr'>suscepi,</span> <span class='ocrx_word' id='word_1_82' title='bbox 1183 1100 1353 1152; x_wconf 89' lang='lat' dir='ltr'>graviter</span> <span class='ocrx_word' id='word_1_83' title='bbox 1379 1099 1523 1139; x_wconf 88' lang='lat' dir='ltr'>ferrem</span> <span class='ocrx_word' id='word_1_84' title='bbox 1539 1118 1552 1146; x_wconf 72' lang='grc' dir='ltr'><strong><em>ς</em></strong></span> <span class='ocrx_word' id='word_1_85' title='bbox 1585 1109 1672 1140; x_wconf 89' lang='lat' dir='ltr'>tum</span> <span class='ocrx_word' id='word_1_86' title='bbox 1701 1101 1805 1140; x_wconf 87' lang='lat' dir='ltr'>nihil</span> <span class='ocrx_word' id='word_1_87' title='bbox 1831 1102 1910 1142; x_wconf 86' lang='lat' dir='ltr'>tuli</span> 
     </span>
     <span class='ocr_line' id='line_1_12' title="bbox 493 1163 1910 1218; baseline 0.001 -14"><span class='ocrx_word' id='word_1_88' title='bbox 493 1200 498 1204; x_wconf 78' lang='grc'><em>.</em></span> <span class='ocrx_word' id='word_1_89' title='bbox 516 1165 688 1216; x_wconf 87' lang='lat' dir='ltr'>gravius,</span> <span class='ocrx_word' id='word_1_90' title='bbox 717 1177 838 1218; x_wconf 90' lang='lat' dir='ltr'>quam</span> <span class='ocrx_word' id='word_1_91' title='bbox 868 1178 934 1202; x_wconf 88' lang='lat' dir='ltr'>me</span> <span class='ocrx_word' id='word_1_92' title='bbox 953 1177 1036 1203; x_wconf 83' lang='lat' dir='ltr'>non</span> <span class='ocrx_word' id='word_1_93' title='bbox 1054 1163 1158 1217; x_wconf 75' lang='lat' dir='ltr'>pofl‘e</span> <span class='ocrx_word' id='word_1_94' title='bbox 1178 1164 1313 1203; x_wconf 90' lang='lat' dir='ltr'>matris</span> <span class='ocrx_word' id='word_1_95' title='bbox 1334 1173 1411 1203; x_wconf 85' lang='lat' dir='ltr'>tuae</span> <span class='ocrx_word' id='word_1_96' title='bbox 1431 1165 1614 1218; x_wconf 88' lang='lat' dir='ltr'>precibus</span> <span class='ocrx_word' id='word_1_97' title='bbox 1645 1165 1797 1212; x_wconf 87' lang='lat' dir='ltr'>cedere,</span> <span class='ocrx_word' id='word_1_98' title='bbox 1827 1181 1910 1206; x_wconf 84' lang='lat' dir='ltr'>non</span> 
     </span>
     <span class='ocr_line' id='line_1_13' title="bbox 516 1229 1910 1283; baseline 0.002 -15"><span class='ocrx_word' id='word_1_99' title='bbox 516 1229 670 1268; x_wconf 88' lang='lat' dir='ltr'>sororis.</span> <span class='ocrx_word' id='word_1_100' title='bbox 702 1230 812 1269; x_wconf 89' lang='lat' dir='ltr'>Nam</span> <span class='ocrx_word' id='word_1_101' title='bbox 832 1229 923 1275; x_wconf 89' lang='lat' dir='ltr'>tibi,</span> <span class='ocrx_word' id='word_1_102' title='bbox 944 1229 1052 1283; x_wconf 91' lang='lat' dir='ltr'>quod</span> <span class='ocrx_word' id='word_1_103' title='bbox 1071 1229 1174 1268; x_wconf 87' lang='lat' dir='ltr'>mihi</span> <span class='ocrx_word' id='word_1_104' title='bbox 1195 1229 1359 1283; x_wconf 88' lang='lat' dir='ltr'>plurimi</span> <span class='ocrx_word' id='word_1_105' title='bbox 1379 1230 1446 1277; x_wconf 89' lang='lat' dir='ltr'>est,</span> <span class='ocrx_word' id='word_1_106' title='bbox 1467 1229 1584 1270; x_wconf 91' lang='lat' dir='ltr'>facile</span> <span class='ocrx_word' id='word_1_107' title='bbox 1604 1245 1668 1270; x_wconf 89' lang='lat' dir='ltr'>me</span> <span class='ocrx_word' id='word_1_108' title='bbox 1687 1231 1910 1272; x_wconf 65' lang='lat' dir='ltr'>satisfactu-</span> 
     </span>
     <span class='ocr_line' id='line_1_14' title="bbox 517 1294 1908 1351; baseline 0.002 -17"><span class='ocrx_word' id='word_1_109' title='bbox 517 1309 607 1334; x_wconf 78' lang='lat' dir='ltr'>rum</span> <span class='ocrx_word' id='word_1_110' title='bbox 626 1295 854 1334; x_wconf 88' lang='lat' dir='ltr'>arbitrabar.</span> <span class='ocrx_word' id='word_1_111' title='bbox 885 1295 1016 1334; x_wconf 90' lang='lat' dir='ltr'>Nullo</span> <span class='ocrx_word' id='word_1_112' title='bbox 1034 1294 1143 1333; x_wconf 92' lang='lat' dir='ltr'>enim</span> <span class='ocrx_word' id='word_1_113' title='bbox 1162 1294 1283 1334; x_wconf 90' lang='lat' dir='ltr'>modo</span> <span class='ocrx_word' id='word_1_114' title='bbox 1302 1304 1455 1348; x_wconf 91' lang='lat' dir='ltr'>poterat</span> <span class='ocrx_word' id='word_1_115' title='bbox 1473 1295 1584 1335; x_wconf 89' lang='lat' dir='ltr'>causa</span> <span class='ocrx_word' id='word_1_116' title='bbox 1603 1297 1746 1351; x_wconf 88' lang='lat' dir='ltr'>Lepidi</span> <span class='ocrx_word' id='word_1_117' title='bbox 1767 1297 1908 1337; x_wconf 87' lang='lat' dir='ltr'>distin-</span> 
     </span>
     <span class='ocr_line' id='line_1_15' title="bbox 517 1359 1905 1416; baseline 0.002 -17"><span class='ocrx_word' id='word_1_118' title='bbox 517 1361 590 1414; x_wconf 87' lang='lat' dir='ltr'>gui</span> <span class='ocrx_word' id='word_1_119' title='bbox 607 1360 655 1399; x_wconf 92' lang='lat' dir='ltr'>ab</span> <span class='ocrx_word' id='word_1_120' title='bbox 675 1360 856 1399; x_wconf 89' lang='lat' dir='ltr'>Antonio</span> <span class='ocrx_word' id='word_1_121' title='bbox 873 1374 882 1399; x_wconf 91' lang='lat'>:</span> <span class='ocrx_word' id='word_1_122' title='bbox 914 1359 1177 1412; x_wconf 91' lang='lat' dir='ltr'>omniumque</span> <span class='ocrx_word' id='word_1_123' title='bbox 1190 1359 1346 1414; x_wconf 89' lang='lat' dir='ltr'>judicio</span> <span class='ocrx_word' id='word_1_124' title='bbox 1366 1361 1485 1400; x_wconf 88' lang='lat' dir='ltr'>etiam</span> <span class='ocrx_word' id='word_1_125' title='bbox 1505 1361 1640 1400; x_wconf 90' lang='lat' dir='ltr'>durior</span> <span class='ocrx_word' id='word_1_126' title='bbox 1658 1372 1753 1408; x_wconf 90' lang='lat' dir='ltr'>erat,</span> <span class='ocrx_word' id='word_1_127' title='bbox 1782 1363 1905 1416; x_wconf 90' lang='lat' dir='ltr'>quod,</span> 
     </span>
     <span class='ocr_line' id='line_1_16' title="bbox 517 1424 1906 1480; baseline 0.002 -16"><span class='ocrx_word' id='word_1_128' title='bbox 517 1441 611 1464; x_wconf 84' lang='lat' dir='ltr'>cum</span> <span class='ocrx_word' id='word_1_129' title='bbox 644 1424 863 1464; x_wconf 86' lang='lat' dir='ltr'>honoribus</span> <span class='ocrx_word' id='word_1_130' title='bbox 895 1424 1140 1478; x_wconf 83' lang='lat' dir='ltr'>ampliffimis</span> <span class='ocrx_word' id='word_1_131' title='bbox 1175 1439 1196 1463; x_wconf 92' lang='lat' dir='ltr'>a</span> <span class='ocrx_word' id='word_1_132' title='bbox 1228 1425 1361 1464; x_wconf 86' lang='lat' dir='ltr'>senatu</span> <span class='ocrx_word' id='word_1_133' title='bbox 1394 1425 1485 1465; x_wconf 83' lang='lat' dir='ltr'>effet</span> <span class='ocrx_word' id='word_1_134' title='bbox 1518 1427 1694 1480; x_wconf 85' lang='lat' dir='ltr'>Lepidus</span> <span class='ocrx_word' id='word_1_135' title='bbox 1728 1438 1906 1475; x_wconf 81' lang='lat' dir='ltr'>ornatus,</span> 
     </span>
     <span class='ocr_line' id='line_1_17' title="bbox 518 1490 1908 1544; baseline 0.002 -14"><span class='ocrx_word' id='word_1_136' title='bbox 518 1502 605 1530; x_wconf 87' lang='lat' dir='ltr'>tum</span> <span class='ocrx_word' id='word_1_137' title='bbox 638 1490 757 1530; x_wconf 86' lang='lat' dir='ltr'>etiam</span> <span class='ocrx_word' id='word_1_138' title='bbox 790 1490 925 1544; x_wconf 88' lang='lat' dir='ltr'>paucis</span> <span class='ocrx_word' id='word_1_139' title='bbox 958 1500 1048 1529; x_wconf 88' lang='lat' dir='ltr'>ante</span> <span class='ocrx_word' id='word_1_140' title='bbox 1081 1490 1220 1529; x_wconf 91' lang='lat' dir='ltr'>diebus</span> <span class='ocrx_word' id='word_1_141' title='bbox 1254 1491 1454 1544; x_wconf 89' lang='lat' dir='ltr'>praeclaras</span> <span class='ocrx_word' id='word_1_142' title='bbox 1486 1492 1616 1530; x_wconf 85' lang='lat' dir='ltr'>literas</span> <span class='ocrx_word' id='word_1_143' title='bbox 1647 1493 1693 1530; x_wconf 89' lang='lat' dir='ltr'>ad</span> <span class='ocrx_word' id='word_1_144' title='bbox 1728 1493 1908 1534; x_wconf 81' lang='lat' dir='ltr'>senatum</span> 
     </span>
     <span class='ocr_line' id='line_1_18' title="bbox 517 1555 1905 1610; baseline 0.002 -15"><span class='ocrx_word' id='word_1_145' title='bbox 517 1556 674 1596; x_wconf 70' lang='lat' dir='ltr'>mifiss&#39;et</span> <span class='ocrx_word' id='word_1_146' title='bbox 689 1575 702 1603; x_wconf 77' lang='lat'>3</span> <span class='ocrx_word' id='word_1_147' title='bbox 726 1564 884 1609; x_wconf 86' lang='lat' dir='ltr'>repente</span> <span class='ocrx_word' id='word_1_148' title='bbox 904 1569 984 1595; x_wconf 88' lang='lat' dir='ltr'>non</span> <span class='ocrx_word' id='word_1_149' title='bbox 1004 1555 1132 1600; x_wconf 84' lang='lat' dir='ltr'>solum</span> <span class='ocrx_word' id='word_1_150' title='bbox 1153 1557 1299 1610; x_wconf 87' lang='lat' dir='ltr'>recepit</span> <span class='ocrx_word' id='word_1_151' title='bbox 1319 1557 1502 1609; x_wconf 88' lang='lat' dir='ltr'>reliquias</span> <span class='ocrx_word' id='word_1_152' title='bbox 1523 1556 1710 1603; x_wconf 89' lang='lat' dir='ltr'>hostium,</span> <span class='ocrx_word' id='word_1_153' title='bbox 1733 1558 1795 1597; x_wconf 91' lang='lat' dir='ltr'>sed</span> <span class='ocrx_word' id='word_1_154' title='bbox 1817 1559 1905 1598; x_wconf 90' lang='lat' dir='ltr'>bel-</span> 
     </span>
     <span class='ocr_line' id='line_1_19' title="bbox 515 1622 1904 1677; baseline 0.002 -16"><span class='ocrx_word' id='word_1_155' title='bbox 515 1623 602 1662; x_wconf 84' lang='lat' dir='ltr'>lum</span> <span class='ocrx_word' id='word_1_156' title='bbox 622 1622 858 1661; x_wconf 87' lang='lat' dir='ltr'>acerrimum</span> <span class='ocrx_word' id='word_1_157' title='bbox 879 1631 978 1661; x_wconf 89' lang='lat' dir='ltr'>terra</span> <span class='ocrx_word' id='word_1_158' title='bbox 998 1622 1174 1675; x_wconf 90' lang='lat' dir='ltr'>marique</span> <span class='ocrx_word' id='word_1_159' title='bbox 1194 1623 1295 1675; x_wconf 87' lang='lat' dir='ltr'>gerit</span> <span class='ocrx_word' id='word_1_160' title='bbox 1313 1637 1322 1661; x_wconf 79' lang='lat' dir='ltr'>z</span> <span class='ocrx_word' id='word_1_161' title='bbox 1355 1624 1467 1676; x_wconf 82' lang='lat' dir='ltr'>cujus</span> <span class='ocrx_word' id='word_1_162' title='bbox 1487 1623 1617 1662; x_wconf 83' lang='lat' dir='ltr'>exitus</span> <span class='ocrx_word' id='word_1_163' title='bbox 1646 1625 1716 1677; x_wconf 88' lang='lat' dir='ltr'>qui</span> <span class='ocrx_word' id='word_1_164' title='bbox 1745 1623 1904 1664; x_wconf 84' lang='lat' dir='ltr'>futurus</span> 
     </span>
     <span class='ocr_line' id='line_1_20' title="bbox 517 1687 1903 1740; baseline 0.001 -14"><span class='ocrx_word' id='word_1_165' title='bbox 517 1688 576 1733; x_wconf 81' lang='lat' dir='ltr'>fit,</span> <span class='ocrx_word' id='word_1_166' title='bbox 609 1688 804 1726; x_wconf 87' lang='lat' dir='ltr'>incertum</span> <span class='ocrx_word' id='word_1_167' title='bbox 825 1687 894 1726; x_wconf 91' lang='lat' dir='ltr'>est.</span> <span class='ocrx_word' id='word_1_168' title='bbox 940 1688 1077 1740; x_wconf 89' lang='lat' dir='ltr'>Itaque</span> <span class='ocrx_word' id='word_1_169' title='bbox 1108 1701 1200 1726; x_wconf 89' lang='lat' dir='ltr'>cum</span> <span class='ocrx_word' id='word_1_170' title='bbox 1230 1701 1428 1740; x_wconf 88' lang='lat' dir='ltr'>rogamur,</span> <span class='ocrx_word' id='word_1_171' title='bbox 1460 1697 1503 1726; x_wconf 91' lang='lat' dir='ltr'>ut</span> <span class='ocrx_word' id='word_1_172' title='bbox 1524 1689 1831 1728; x_wconf 88' lang='lat' dir='ltr'>misericordiam</span> <span class='ocrx_word' id='word_1_173' title='bbox 1851 1690 1903 1728; x_wconf 89' lang='lat' dir='ltr'>li-</span> 
     </span>
     <span class='ocr_line' id='line_1_21' title="bbox 517 1751 1903 1809; baseline 0.001 -17"><span class='ocrx_word' id='word_1_174' title='bbox 517 1753 618 1792; x_wconf 89' lang='lat' dir='ltr'>beris</span> <span class='ocrx_word' id='word_1_175' title='bbox 639 1754 722 1805; x_wconf 89' lang='lat' dir='ltr'>ejus</span> <span class='ocrx_word' id='word_1_176' title='bbox 743 1753 1031 1805; x_wconf 87' lang='lat' dir='ltr'>impertiamus,</span> <span class='ocrx_word' id='word_1_177' title='bbox 1063 1751 1166 1790; x_wconf 84' lang='lat' dir='ltr'>nihil</span> <span class='ocrx_word' id='word_1_178' title='bbox 1185 1751 1359 1798; x_wconf 85' lang='lat' dir='ltr'>affertur,</span> <span class='ocrx_word' id='word_1_179' title='bbox 1385 1766 1466 1806; x_wconf 91' lang='lat' dir='ltr'>quo</span> <span class='ocrx_word' id='word_1_180' title='bbox 1486 1754 1617 1792; x_wconf 86' lang='lat' dir='ltr'>minus</span> <span class='ocrx_word' id='word_1_181' title='bbox 1638 1753 1790 1793; x_wconf 89' lang='lat' dir='ltr'>summa</span> <span class='ocrx_word' id='word_1_182' title='bbox 1810 1755 1903 1809; x_wconf 88' lang='lat' dir='ltr'>sup-</span> 
     </span>
     <span class='ocr_line' id='line_1_22' title="bbox 516 1818 1903 1922; baseline 0.002 -66"><span class='ocrx_word' id='word_1_183' title='bbox 516 1819 648 1872; x_wconf 86' lang='lat' dir='ltr'>plicia,</span> <span class='ocrx_word' id='word_1_184' title='bbox 668 1819 693 1857; x_wconf 85' lang='lat' dir='ltr'>fi</span> <span class='ocrx_word' id='word_1_185' title='bbox 717 1818 843 1872; x_wconf 92' lang='lat' dir='ltr'>(quod</span> <span class='ocrx_word' id='word_1_186' title='bbox 863 1818 1021 1871; x_wconf 90' lang='lat' dir='ltr'>Jupiter</span> <span class='ocrx_word' id='word_1_187' title='bbox 1039 1831 1157 1856; x_wconf 87' lang='lat' dir='ltr'>omen</span> <span class='ocrx_word' id='word_1_188' title='bbox 1178 1827 1323 1922; x_wconf 44' lang='lat' dir='ltr'>avegat</span> <span class='ocrx_word' id='word_1_189' title='bbox 1337 1818 1367 1869; x_wconf 72' lang='grc' dir='ltr'>ἔ)</span> <span class='ocrx_word' id='word_1_190' title='bbox 1390 1828 1499 1872; x_wconf 89' lang='lat' dir='ltr'>pater</span> <span class='ocrx_word' id='word_1_191' title='bbox 1517 1833 1729 1872; x_wconf 88' lang='lat' dir='ltr'>puerorum</span> <span class='ocrx_word' id='word_1_192' title='bbox 1750 1821 1903 1866; x_wconf 87' lang='lat' dir='ltr'>vicerit,</span> 
     </span>
     <span class='ocr_line' id='line_1_23' title="bbox 515 1883 1904 1937; baseline 0.001 -15"><span class='ocrx_word' id='word_1_193' title='bbox 515 1884 715 1923; x_wconf 86' lang='lat' dir='ltr'>subeunda</span> <span class='ocrx_word' id='word_1_194' title='bbox 746 1884 860 1921; x_wconf 89' lang='lat' dir='ltr'>nobis</span> <span class='ocrx_word' id='word_1_195' title='bbox 882 1883 969 1922; x_wconf 81' lang='lat' dir='ltr'>sint.</span> <span class='ocrx_word' id='word_1_196' title='bbox 1016 1883 1104 1923; x_wconf 87' lang='lat' dir='ltr'>Nec</span> <span class='ocrx_word' id='word_1_197' title='bbox 1126 1897 1218 1922; x_wconf 90' lang='lat' dir='ltr'>vero</span> <span class='ocrx_word' id='word_1_198' title='bbox 1281 1898 1300 1921; x_wconf 91' lang='lat' dir='ltr'>e</span> <span class='ocrx_word' id='word_1_199' title='bbox 1321 1883 1442 1936; x_wconf 89' lang='lat' dir='ltr'>fugit,</span> <span class='ocrx_word' id='word_1_200' title='bbox 1473 1898 1592 1937; x_wconf 71' lang='lat' dir='ltr'>quam</span> <span class='ocrx_word' id='word_1_201' title='bbox 1625 1885 1671 1923; x_wconf 90' lang='lat' dir='ltr'>s1t</span> <span class='ocrx_word' id='word_1_202' title='bbox 1702 1886 1904 1932; x_wconf 82' lang='lat' dir='ltr'>acerbum,</span> 
     </span>
     <span class='ocr_line' id='line_1_24' title="bbox 516 1948 1903 2003; baseline 0.002 -16"><span class='ocrx_word' id='word_1_203' title='bbox 516 1958 721 2001; x_wconf 87' lang='lat' dir='ltr'>parentum</span> <span class='ocrx_word' id='word_1_204' title='bbox 743 1948 884 1987; x_wconf 78' lang='lat' dir='ltr'>scelera</span> <span class='ocrx_word' id='word_1_205' title='bbox 904 1948 1078 1987; x_wconf 84' lang='lat' dir='ltr'>filiorum</span> <span class='ocrx_word' id='word_1_206' title='bbox 1098 1949 1226 2001; x_wconf 67' lang='lat' dir='ltr'>poenis</span> <span class='ocrx_word' id='word_1_207' title='bbox 1248 1949 1320 1988; x_wconf 90' lang='lat' dir='ltr'>lui.</span> <span class='ocrx_word' id='word_1_208' title='bbox 1358 1950 1430 1988; x_wconf 86' lang='lat' dir='ltr'>Sed</span> <span class='ocrx_word' id='word_1_209' title='bbox 1451 1949 1527 1988; x_wconf 88' lang='lat' dir='ltr'>hoc</span> <span class='ocrx_word' id='word_1_210' title='bbox 1548 1951 1727 2003; x_wconf 67' lang='lat' dir='ltr'>praeclare</span> <span class='ocrx_word' id='word_1_211' title='bbox 1749 1951 1903 2003; x_wconf 85' lang='lat' dir='ltr'>legibus</span> 
     </span>
     <span class='ocr_line' id='line_1_25' title="bbox 515 2013 1904 2068; baseline 0.001 -15"><span class='ocrx_word' id='word_1_212' title='bbox 515 2023 786 2067; x_wconf 81' lang='lat' dir='ltr'>comparatum</span> <span class='ocrx_word' id='word_1_213' title='bbox 807 2013 875 2058; x_wconf 86' lang='lat' dir='ltr'>est,</span> <span class='ocrx_word' id='word_1_214' title='bbox 908 2023 950 2052; x_wconf 89' lang='lat' dir='ltr'>ut</span> <span class='ocrx_word' id='word_1_215' title='bbox 980 2015 1117 2051; x_wconf 83' lang='lat' dir='ltr'>caritas</span> <span class='ocrx_word' id='word_1_216' title='bbox 1148 2014 1364 2053; x_wconf 82' lang='lat' dir='ltr'>liberorum</span> <span class='ocrx_word' id='word_1_217' title='bbox 1394 2015 1599 2053; x_wconf 85' lang='lat' dir='ltr'>amiciores</span> <span class='ocrx_word' id='word_1_218' title='bbox 1629 2026 1805 2068; x_wconf 85' lang='lat' dir='ltr'>parentes</span> <span class='ocrx_word' id='word_1_219' title='bbox 1827 2018 1904 2056; x_wconf 87' lang='lat' dir='ltr'>rei-</span> 
     </span>
     <span class='ocr_line' id='line_1_26' title="bbox 516 2079 1903 2133; baseline 0.003 -16"><span class='ocrx_word' id='word_1_220' title='bbox 516 2080 683 2133; x_wconf 88' lang='lat' dir='ltr'>publicae</span> <span class='ocrx_word' id='word_1_221' title='bbox 707 2079 894 2117; x_wconf 89' lang='lat' dir='ltr'>redderet.</span> <span class='ocrx_word' id='word_1_222' title='bbox 943 2080 1080 2132; x_wconf 73' lang='lat' dir='ltr'>ltaque</span> <span class='ocrx_word' id='word_1_223' title='bbox 1107 2079 1281 2132; x_wconf 86' lang='lat' dir='ltr'>Lepidus</span> <span class='ocrx_word' id='word_1_224' title='bbox 1309 2080 1478 2119; x_wconf 84' lang='lat' dir='ltr'>crudelis</span> <span class='ocrx_word' id='word_1_225' title='bbox 1499 2081 1541 2119; x_wconf 87' lang='lat' dir='ltr'>in</span> <span class='ocrx_word' id='word_1_226' title='bbox 1563 2081 1721 2126; x_wconf 84' lang='lat' dir='ltr'>liberos,</span> <span class='ocrx_word' id='word_1_227' title='bbox 1754 2096 1830 2120; x_wconf 88' lang='lat' dir='ltr'>non</span> <span class='ocrx_word' id='word_1_228' title='bbox 1855 2083 1903 2129; x_wconf 88' lang='lat' dir='ltr'>is,</span> 
     </span>
     <span class='ocr_line' id='line_1_27' title="bbox 514 2144 1905 2200; baseline 0.001 -15"><span class='ocrx_word' id='word_1_229' title='bbox 514 2147 584 2200; x_wconf 88' lang='lat' dir='ltr'>qui</span> <span class='ocrx_word' id='word_1_230' title='bbox 614 2145 810 2199; x_wconf 89' lang='lat' dir='ltr'>Lepidum</span> <span class='ocrx_word' id='word_1_231' title='bbox 833 2144 1167 2197; x_wconf 84' lang='lat' dir='ltr'>hostemjudicat.</span> <span class='ocrx_word' id='word_1_232' title='bbox 1216 2148 1349 2199; x_wconf 89' lang='lat' dir='ltr'>Atque</span> <span class='ocrx_word' id='word_1_233' title='bbox 1377 2146 1443 2185; x_wconf 87' lang='lat' dir='ltr'>ille</span> <span class='ocrx_word' id='word_1_234' title='bbox 1467 2146 1506 2191; x_wconf 78' lang='lat' dir='ltr'>si,</span> <span class='ocrx_word' id='word_1_235' title='bbox 1539 2148 1655 2185; x_wconf 86' lang='lat' dir='ltr'>armis</span> <span class='ocrx_word' id='word_1_236' title='bbox 1677 2148 1824 2200; x_wconf 78' lang='lat' dir='ltr'>politis,</span> <span class='ocrx_word' id='word_1_237' title='bbox 1856 2150 1905 2188; x_wconf 80' lang='lat' dir='ltr'>de</span> 
     </span>
     <span class='ocr_line' id='line_1_28' title="bbox 515 2210 1902 2263; baseline 0.002 -13"><span class='ocrx_word' id='word_1_238' title='bbox 515 2213 550 2250; x_wconf 83' lang='lat' dir='ltr'>vi</span> <span class='ocrx_word' id='word_1_239' title='bbox 573 2211 777 2250; x_wconf 85' lang='lat' dir='ltr'>damnatus</span> <span class='ocrx_word' id='word_1_240' title='bbox 799 2210 903 2255; x_wconf 82' lang='lat' dir='ltr'>esset,</span> <span class='ocrx_word' id='word_1_241' title='bbox 934 2224 1014 2263; x_wconf 91' lang='lat' dir='ltr'>quo</span> <span class='ocrx_word' id='word_1_242' title='bbox 1045 2211 1084 2249; x_wconf 89' lang='lat' dir='ltr'>in</span> <span class='ocrx_word' id='word_1_243' title='bbox 1109 2210 1264 2263; x_wconf 86' lang='lat' dir='ltr'>judicio</span> <span class='ocrx_word' id='word_1_244' title='bbox 1293 2220 1396 2249; x_wconf 82' lang='lat' dir='ltr'>certe</span> <span class='ocrx_word' id='word_1_245' title='bbox 1426 2211 1689 2251; x_wconf 75' lang='lat' dir='ltr'>defensionem</span> <span class='ocrx_word' id='word_1_246' title='bbox 1722 2227 1799 2252; x_wconf 87' lang='lat' dir='ltr'>non</span> <span class='ocrx_word' id='word_1_247' title='bbox 1830 2214 1902 2253; x_wconf 81' lang='lat' dir='ltr'>ha-</span> 
     </span>
     <span class='ocr_line' id='line_1_29' title="bbox 516 2276 1903 2331; baseline 0.003 -15"><span class='ocrx_word' id='word_1_248' title='bbox 516 2279 637 2323; x_wconf 82' lang='lat' dir='ltr'>beret,</span> <span class='ocrx_word' id='word_1_249' title='bbox 668 2277 830 2316; x_wconf 81' lang='lat' dir='ltr'>eandem</span> <span class='ocrx_word' id='word_1_250' title='bbox 861 2277 1123 2315; x_wconf 84' lang='lat' dir='ltr'>calamitatem</span> <span class='ocrx_word' id='word_1_251' title='bbox 1157 2276 1330 2315; x_wconf 86' lang='lat' dir='ltr'>subirent</span> <span class='ocrx_word' id='word_1_252' title='bbox 1365 2277 1493 2322; x_wconf 85' lang='lat' dir='ltr'>liberi,</span> <span class='ocrx_word' id='word_1_253' title='bbox 1527 2277 1639 2316; x_wconf 86' lang='lat' dir='ltr'>bonis</span> <span class='ocrx_word' id='word_1_254' title='bbox 1674 2280 1903 2331; x_wconf 73' lang='lat' dir='ltr'>publicatis,</span> 
     </span>
     <span class='ocr_line' id='line_1_30' title="bbox 514 2343 1901 2398; baseline 0.004 -18"><span class='ocrx_word' id='word_1_255' title='bbox 514 2346 752 2396; x_wconf 71' lang='lat' dir='ltr'>anquam</span> <span class='ocrx_word' id='word_1_256' title='bbox 774 2343 880 2395; x_wconf 86' lang='lat' dir='ltr'>quod</span> <span class='ocrx_word' id='word_1_257' title='bbox 903 2353 967 2381; x_wconf 86' lang='lat' dir='ltr'>tua</span> <span class='ocrx_word' id='word_1_258' title='bbox 988 2353 1110 2381; x_wconf 88' lang='lat' dir='ltr'>mater</span> <span class='ocrx_word' id='word_1_259' title='bbox 1129 2352 1168 2381; x_wconf 90' lang='lat' dir='ltr'>et</span> <span class='ocrx_word' id='word_1_260' title='bbox 1189 2343 1292 2381; x_wconf 89' lang='lat' dir='ltr'>soror</span> <span class='ocrx_word' id='word_1_261' title='bbox 1313 2343 1541 2396; x_wconf 75' lang='lat' dir='ltr'>deprecatur</span> <span class='ocrx_word' id='word_1_262' title='bbox 1563 2359 1632 2396; x_wconf 84' lang='lat' dir='ltr'>pro</span> <span class='ocrx_word' id='word_1_263' title='bbox 1663 2346 1806 2398; x_wconf 82' lang='lat' dir='ltr'>pueris,</span> <span class='ocrx_word' id='word_1_264' title='bbox 1838 2347 1901 2386; x_wconf 86' lang='lat' dir='ltr'>id-</span> 
     </span>
     <span class='ocr_line' id='line_1_31' title="bbox 514 2408 1901 2463; baseline 0.001 -14"><span class='ocrx_word' id='word_1_265' title='bbox 514 2410 642 2461; x_wconf 73' lang='lat' dir='ltr'>ipsum</span> <span class='ocrx_word' id='word_1_266' title='bbox 663 2419 700 2446; x_wconf 87' lang='lat' dir='ltr'>et</span> <span class='ocrx_word' id='word_1_267' title='bbox 722 2409 846 2446; x_wconf 70' lang='lat' dir='ltr'>multa</span> <span class='ocrx_word' id='word_1_268' title='bbox 867 2409 939 2447; x_wconf 78' lang='lat' dir='ltr'>alia</span> <span class='ocrx_word' id='word_1_269' title='bbox 960 2408 1178 2446; x_wconf 85' lang='lat' dir='ltr'>crudeliora</span> <span class='ocrx_word' id='word_1_270' title='bbox 1199 2408 1313 2446; x_wconf 83' lang='lat' dir='ltr'>nobis</span> <span class='ocrx_word' id='word_1_271' title='bbox 1334 2409 1520 2448; x_wconf 84' lang='lat' dir='ltr'>omnibus</span> <span class='ocrx_word' id='word_1_272' title='bbox 1548 2411 1736 2463; x_wconf 75' lang='lat' dir='ltr'>LepiduS,</span> <span class='ocrx_word' id='word_1_273' title='bbox 1769 2413 1901 2451; x_wconf 79' lang='lat' dir='ltr'>Anto-</span> 
     </span>
     <span class='ocr_line' id='line_1_32' title="bbox 512 2474 1904 2531; baseline 0.002 -17"><span class='ocrx_word' id='word_1_274' title='bbox 512 2475 617 2520; x_wconf 73' lang='lat' dir='ltr'>nius,</span> <span class='ocrx_word' id='word_1_275' title='bbox 649 2484 685 2513; x_wconf 79' lang='lat' dir='ltr'>ct</span> <span class='ocrx_word' id='word_1_276' title='bbox 709 2475 848 2527; x_wconf 74' lang='lat' dir='ltr'>reliqui</span> <span class='ocrx_word' id='word_1_277' title='bbox 872 2474 996 2514; x_wconf 81' lang='lat' dir='ltr'>hostes</span> <span class='ocrx_word' id='word_1_278' title='bbox 1018 2474 1266 2514; x_wconf 85' lang='lat' dir='ltr'>denuntiant.</span> <span class='ocrx_word' id='word_1_279' title='bbox 1308 2475 1443 2527; x_wconf 84' lang='lat' dir='ltr'>ltaque</span> <span class='ocrx_word' id='word_1_280' title='bbox 1465 2476 1677 2516; x_wconf 47' lang='lat' dir='ltr'>maximam</span> <span class='ocrx_word' id='word_1_281' title='bbox 1700 2476 1804 2531; x_wconf 86' lang='lat' dir='ltr'>spem</span> <span class='ocrx_word' id='word_1_282' title='bbox 1824 2475 1904 2517; x_wconf 82' lang='lat' dir='ltr'>hoc</span> 
     </span>
    </p>
   </div>
  </div>
 </body>
</html>
