2335 3009
769 193 1385 234 HISTORIA.

386 291 537 327 Catilina
553 289 760 338 conjuravit,
786 297 891 336 atque
912 301 931 323 a
955 289 1055 324 Cice-

359 347 362 350 ’
387 352 471 376 rone
487 339 638 376 Consule
665 339 699 374 in
716 350 848 373 carcere
866 337 1054 385 strangula-

387 398 444 424 tus
461 387 541 431 fuit,
569 397 608 423 ut
625 387 766 423 inferius
782 387 949 421 dicemus.

436 437 543 472 Unde
571 438 669 471 Surae
694 447 886 483 cognomen
917 435 1054 470 invene-

386 485 443 528 rit,
480 485 688 521 Plutarchus
717 484 752 519 in
784 484 950 519 Cicerone
987 483 1052 518 hoc

385 533 492 569 modo
507 535 669 581 exponit:
697 535 774 569 Cum
791 532 920 579 Syllanis
937 539 1053 578 tempo-

382 583 469 617 ribus
498 583 627 631 quaestor
654 594 799 629 magnam
826 584 895 616 vim
918 585 1054 626 pecuniae

380 632 509 677 publicae
524 632 738 679 consumpfiffet
759 639 851 678 atque
863 630 1052 676 perdidiffi¹t‚

382 680 467 724 Sylla
492 680 528 715 id
541 693 624 727 aegre
632 681 755 726 ferens,
780 682 933 714 rationem
956 680 996 714 ab
1020 691 1053 714 eo

381 730 416 763 in
432 730 546 764 Senatu
562 732 673 776 exegit.
725 730 806 764 Tum
831 728 882 763 ille
900 728 1051 775 negligen-

381 784 432 812 ter
448 785 477 812 et
506 791 574 813 cum
595 786 764 824 contemptu
785 777 971 824 progressus,
997 790 1052 812 ra-

380 829 493 860 tionem
511 828 548 872 se
570 826 765 862 redditurum
781 829 921 872 negavit,
938 828 1053 870 suram

380 883 486 910 autem
501 876 719 923 pra-biturum,
745 878 794 910 im
821 882 856 910 ut
874 877 968 920 pueri
984 888 1051 910 con-

373 924 516 970 susstent,
543 937 610 959 cum
638 928 671 960 in
694 927 770 970 pilae
786 924 897 968 lusione
913 922 1053 971 deliquifi

373 975 459 1019 sent.
511 975 598 1009 Hinc
621 976 702 1009 Sura
729 975 958 1020 cognominatus
965 974 1050 1019 fuit.

381 1022 466 1056 Sura
483 1024 562 1057 enim
579 1024 729 1058 Romanis
743 1023 783 1066 est
804 1035 853 1063 ea,
879 1034 945 1070 quae
963 1024 1053 1057 Grae-

381 1073 424 1105 cis
440 1075 522 1117 κγήμη
537 1071 665 1108 dicitur.
716 1071 898 1106 Haeremus
916 1070 1053 1106 Plutar-

380 1119 479 1154 chus.

432 1169 567 1203 Bellum
593 1167 710 1204 servile
731 1167 805 1215 jam
833 1169 973 1204 tertium
993 1180 1052 1203 an-

381 1229 466 1252 num
485 1230 566 1252 cum
581 1219 746 1265 Spartaco
764 1218 958 1265 gerebatur,
969 1229 1050 1253 cum

381 1266 437 1300 M.
467 1267 584 1301 Crasso
614 1267 752 1312 praetori
785 1267 817 1300 id
849 1268 1050 1301 mandatum

378 1324 414 1349 et
432 1315 486 1349 sex
505 1315 676 1349 mensibus
695 1314 892 1349 confeCRum
910 1315 990 1357 fuit,
1011 1324 1050 1349 ut

379 1363 567 1410 Appianus
596 1364 648 1399 lib.
681 1364 707 1399 Ι.
739 1373 892 1398 extremo
923 1364 1049 1399 scribit.

379 1411 503 1459 Itaque
519 1413 636 1448 Crasso
655 1423 729 1448 tum
749 1413 946 1460 permissum
965 1413 1049 1448 Plu-

378 1461 519 1496 tarchus
537 1462 596 1503 ait,
616 1471 655 1496 ut
672 1473 779 1496 ovans
797 1462 919 1497 urbem
937 1462 1047 1497 iniret.

379 1509 478 1545 Hinc
505 1511 628 1546 Cicero
653 1510 687 1545 in
717 1510 874 1546 Pisonem
893 1523 967 1558 cap.
989 1522 1047 1554 24.

376 1557 493 1605 Craffe,
514 1559 609 1606 pudet
625 1571 672 1594 me
688 1561 747 1595 tui.
799 1559 889 1605 Quid
901 1561 953 1604 est,
973 1559 1052 1608 quod

377 1609 511 1652 confecia
542 1607 814 1654 formidolostffimo
853 1609 929 1644 bello
963 1621 1048 1644 coro-

377 1668 451 1691 nam
465 1657 552 1692 illam
569 1658 709 1692 lauream
730 1658 788 1693 tibi
812 1666 972 1704 tantopere
995 1657 1047 1692 de-

376 1709 462 1741 cerni
477 1707 613 1742 volueris
635 1719 656 1740 a
675 1707 786 1754 senatu
799 1708 817 1741 ?
842 1707 1046 1743 Exercitum

376 1755 498 1790 eodem
539 1766 694 1803 tempore
731 1768 773 1790 ex
808 1755 979 1803 Hispania
1010 1756 1044 1791 in

378 1804 512 1839 ltaliam
530 1805 718 1852 Pompeius
737 1805 882 1846 reduxit,
895 1816 928 1840 et
945 1805 1047 1853 quin-

377 1865 447 1900 que
487 1853 596 1888 millia
636 1852 882 1901 fugitivorum,
926 1855 987 1901 qui
1030 1865 1048 1888 e

375 1901 500 1950 praelio
529 1901 745 1950 aufugerant,
782 1901 962 1946 interfecit,
997 1913 1047 1937 at-

375 1962 446 1998 que
470 1951 512 1986 ad
544 1951 708 1993 senatum,
746 1952 883 1986 aue‘tore
910 1952 1046 1986 Plutar-

374 2000 456 2043 cho,
481 2000 622 2048 scripsit,
649 2000 805 2036 Crassum
831 2001 901 2035 acie
918 2001 1047 2048 gladia-

377 2058 467 2083 tores
494 2048 629 2091 fudisse,
661 2049 692 2084 se
722 2049 852 2084 bellum
885 2049 1046 2084 radicitus

377 2097 549 2133 sustulisse.
603 2098 700 2133 Hinc
722 2098 844 2133 Cicero
869 2101 903 2133 in
929 2101 1041 2133 Mani-

377 2146 475 2187 liana,
502 2156 568 2192 cap.
599 2159 652 2182 11.
694 2148 726 2182 T
723 2148 790 2190 estis
817 2148 854 2195 est
883 2149 997 2182 iterum
1015 2155 1046 2182 et

369 2196 483 2241 saepius
511 2196 622 2238 Italia,
648 2209 714 2243 quae
742 2210 806 2231 cum
831 2196 943 2239 servili
970 2196 1045 2231 bello

375 2252 457 2278 tetro
468 2245 683 2291 periculosoque
699 2253 905 2292 premeretur,
931 2246 971 2280 ab
990 2245 1045 2280 hoc

376 2291 528 2326 auxilium
549 2293 669 2337 absente
685 2297 834 2340 expetivit
848 2309 858 2329 .·
885 2294 966 2342 quod
980 2294 1044 2328 bel-

374 2341 438 2375 lum
455 2344 660 2385 expemticne
684 2343 823 2390 Pompeii
848 2351 1045 2379 attenuatum

374 2398 469 2437 atque
496 2393 692 2425 imminutum
714 2393 763 2437 est,
789 2392 926 2428 adventu
936 2393 1041 2435 subla-

373 2447 444 2475 tum
461 2451 497 2473 ac
506 2439 673 2484 sepultum.

1692 198 1772 252 269

1155 287 1277 336 Hujus
1321 289 1402 325 belli
1445 290 1592 327 confed'ti
1626 294 1773 342 gloriam

1104 337 1227 373 Cicero
1241 347 1301 383 pro
1328 341 1431 374 Sextio
1457 350 1523 385 cap.
1547 353 1603 386 31.
1630 355 1774 390 quoque

1104 385 1147 420 ad
1162 387 1370 434 Pompeium
1389 387 1440 423 his
1459 389 1572 424 verbis
1590 393 1770 429 transfert:

1103 434 1173 480 ..Qui
1195 437 1288 470 etiam
1309 436 1444 482 servitia
1472 439 1596 474 virtute
1620 443 1774 476 viHoria·

1103 495 1159 530 que
1179 483 1344 530 dommjffet.
1395 485 1536 521 Ultimo
1563 488 1665 535 hujus
1693 491 1772 525 anni

1103 532 1169 573 die,
1181 532 1292 579 pridie
1303 545 1408 579 quam
1427 534 1642 572 consulatum
1661 538 1772 583 iniret,

1103 581 1290 628 Pompeius
1308 583 1497 617 etiamnum
1519 596 1623 631 eques
1642 588 1772 623 Roma-

1102 642 1167 665 nus
1184 642 1226 664 ex
1244 631 1413 678 Hispania
1430 633 1560 678 procos.
1581 634 1772 683 triumpha-

1105 679 1166 720 vit,
1193 688 1232 713 ut
1260 679 1413 715 Velleius
1442 680 1497 716 lib.
1530 682 1575 716 II.
1612 693 1679 730 cap.
1713 697 1770 730 30.

1102 727 1230 770 scribit,
1282 729 1338 763 De
1362 741 1435 775 quo
1454 730 1632 778 triumpho
1650 733 1773 769 Cicero

1100 788 1166 823 pro
1192 777 1267 823 lege
1298 777 1456 820 Manilia,
1482 789 1551 824 cap.
1574 791 1630 814 21.
1683 782 1775 828 Quid

1100 833 1168 860 tam
1184 825 1361 861 incredibile
1377 839 1470 873 quam
1487 836 1523 863 ut
1548 831 1660 864 iterum
1686 842 1772 878 eques

1101 875 1260 909 Romanus
1289 887 1326 909 ex
1352 877 1632 923 Senatus-consulto
1660 883 1772 915 trium-

1096 923 1211 969 pharet
1226 924 1244 957 ?

1103 1074 1213 1111 Anno
1234 1072 1341 1112 Urbis
1361 1074 1455 1127 683.
1500 1075 1681 1116 Ciceronis
1701 1091 1767 1131 37.

1247 1146 1436 1186 Consules
1466 1146 1628 1188 fuerunt

1104 1205 1169 1245 Μ.
1191 1207 1407 1246 mems
1431 1209 1652 1255 CRAssus,
1684 1212 1767 1252 CN.

1183 1267 1423 1307 POMPEIUS
1456 1269 1684 1310 MAGNUS.

1150 1365 1356 1412 Pompeium
1379 1378 1421 1400 ex
1448 1367 1482 1402 S.
1503 1367 1544 1402 C.
1564 1368 1698 1416 legibus
1718 1371 1768 1406 so*

1099 1413 1227 1456 lutum,
1269 1414 1444 1450 consulem
1496 1426 1573 1451 ante
1621 1418 1768 1462 factum,

1099 1474 1205 1510 quam
1242 1462 1354 1498 ullum
1389 1464 1496 1499 alium
1531 1466 1768 1514 magistratum

1098 1523 1160 1559 per
1189 1512 1279 1559 leges
1310 1524 1430 1560 capere
1458 1514 1615 1558 licuisset,
1645 1517 1768 1552 Cicero

1097 1562 1130 1595 in
1147 1561 1334 1596 Maniliana
1352 1562 1493 1597 testatur
1510 1573 1576 1610 cap.
1598 1576 1654 1601 21.
1687 1567 1768 1601 Nu-

1099 1621 1211 1645 merus
1229 1611 1272 1645 de
1290 1620 1390 1645 aetate
1416 1613 1573 1659 Pompeii
1597 1614 1683 1660 apud
1699 1616 1767 1660 Ap-

1090 1661 1224 1704 pianum
1243 1660 1367 1694 mendo
1384 1671 1492 1695 caret:
1526 1662 1659 1709 respicit
1674 1664 1767 1699 enim

1096 1717 1234 1755 tempus
1252 1709 1331 1742 anni
1350 1708 1542 1756 superioris,
1569 1723 1642 1757 quo
1661 1714 1765 1747 Pom-

1095 1757 1192 1804 peius
1219 1766 1295 1791 ante
1322 1758 1468 1793 natalem
1495 1760 1594 1793 suum
1612 1761 1768 1796 consula·

1099 1816 1174 1840 tum
1193 1806 1326 1851 petivit.

1148 1855 1202 1888 M.
1236 1854 1379 1889 Tullius
1400 1853 1473 1901 jam
1505 1856 1580 1903 post
1609 1859 1763 1905 quaestu-

1098 1915 1169 1937 ram
1189 1903 1221 1937 in
1240 1903 1398 1950 plurimis
1416 1905 1536 1947 causis,
1562 1917 1595 1940 ct
1621 1907 1652 1941 in
1672 1909 1765 1954 prin-

1098 1952 1235 1999 cipibus
1283 1952 1434 1999 patronis
1485 1955 1764 2000 quinquennium

1097 2000 1167 2035 fere
1183 2000 1332 2036 versatus
1357 2011 1439 2043 erat,
1468 2013 1506 2036 ut
1531 2003 1646 2050 ipsein
1665 2006 1766 2042 Bruto

1097 2049 1225 2092 scribit,
1252 2060 1320 2095 cap.
1351 2062 1407 2097 92.
1435 2049 1573 2099 fuitque
1605 2053 1636 2087 in
1656 2055 1764 2090 adrni-

1096 2099 1237 2140 ratione,
1290 2099 1387 2147 quod
1430 2100 1472 2134 ab
1517 2101 1566 2142 iis,
1611 2115 1764 2149 quorum

1095 2148 1209 2183 causas
1227 2149 1361 2195 agebat,
1392 2149 1486 2183 nulla
1503 2150 1593 2185 dona
1610 2161 1669 2186 aut
1688 2164 1762 2186 mu-

1095 2209 1186 2239 nera,
1211 2202 1337 2232 αιιέῖονε
1354 2197 1542 2241 Plutarcho,
1562 2199 1761 2246 accipiebat.

1096 2248 1133 2281 ln
1164 2246 1202 2280 iis
1231 2246 1338 2280 causis
1368 2245 1503 2280 fortasse
1530 2246 1670 2282 fuerunt
1705 2249 1761 2285 M.

1094 2294 1208 2330 Tullii
1240 2304 1273 2329 et
1308 2295 1351 2329 L.
1384 2295 1521 2337 Vareni,
1565 2308 1651 2343 quas
1686 2298 1762 2334 Cic.

1094 2344 1233 2391 scriptas
1260 2343 1397 2377 edidisse
1424 2343 1616 2379 testimonio
1645 2347 1761 2394 Qin-

1093 2393 1201 2428 tiliani
1219 2401 1251 2427 et
1270 2391 1429 2426 Prisciani
1448 2394 1676 2440 cognoscitur.

1143 2442 1182 2477 In
1212 2441 1332 2489 primis
1356 2451 1483 2484 autem,
1511 2452 1549 2478 ut
1568 2443 1763 2480 Plutarchus
