2335 3009
582 237 676 276 AD
735 236 802 287 Q
850 234 1217 274 FRATREM
1275 236 1409 277 LIB.
1460 240 1538 279 111.
1710 255 1756 294 51

366 333 580 374 obtinebit.
625 335 693 372 Tu
724 343 856 371 tamen
885 333 912 371 fi
943 333 1055 371 aliter
1074 333 1208 380 sentis,
1239 335 1405 375 rescribe
1424 351 1543 389 quam
1564 338 1755 392 primum.

369 401 416 438 In
449 399 669 444 balneariis,
700 398 772 436 affa
805 399 847 436 in
881 398 1050 437 alterum
1084 399 1301 452 apodyterii
1334 403 1526 454 angulum
1560 407 1757 457 promovi,

368 474 571 518 propterea
590 464 698 516 quod
719 465 773 502 ita
791 473 900 502 erant
920 465 1055 517 posita,
1088 474 1131 503 ut
1151 478 1289 504 eorum
1309 470 1572 519 vaporarium,
1602 484 1651 509 ex
1680 485 1760 524 quo

368 530 472 581 ignis
493 530 682 582 erumpit,
714 529 805 567 effet
825 529 1045 581 subjectum
1071 530 1284 569 cubiculis.
1332 532 1558 584 Subgrande
1589 536 1759 574 cubicu-

367 594 455 632 lum
475 604 621 640 autem,
653 603 692 632 et
711 594 926 632 hibernum
946 594 1087 640 altum,
1115 594 1226 633 valde
1245 596 1423 648 probavi,
1445 598 1553 650 quod
1573 608 1611 637 et
1632 601 1762 652 ampla

367 670 491 705 erant,
522 669 561 698 et
594 660 684 698 loco
717 659 854 713 posita,
885 659 1165 698 ambulationis
1202 674 1282 699 uno
1317 662 1448 708 latere,
1486 676 1532 701 eo
1566 665 1675 716 quod
1708 666 1762 703 est

367 726 598 778 proximum
619 726 841 764 balneariis.
889 725 1106 764 Columnas
1128 739 1256 779 neque
1276 729 1411 773 recitas,
1443 742 1570 781 neque
1589 743 1610 767 e
1630 731 1761 783 regio-

368 805 432 837 ne,
465 791 658 844 Diphilus
691 791 928 830 collocarat:
967 804 1028 830 eas
1060 791 1210 830 scilicet
1244 792 1508 832 demolietur:
1550 795 1763 847 aliquando

368 857 653 910 perpendiculo
673 866 713 895 et
743 857 846 895 linea
866 857 987 895 discet
1008 857 1081 896 uti.
1130 858 1310 897 Omnino
1331 858 1440 911 spero
1461 860 1595 912 paucis
1617 861 1761 899 menfi-

370 923 443 961 bus
470 936 569 976 opus
597 922 759 976 Diphili
790 922 1010 976 perfeetum
1041 922 1153 962 fore:
1185 933 1295 963 curat
1327 925 1435 963 enim
1467 925 1763 978 diligentiffime

370 989 529 1033 Caefius,
562 989 632 1041 qui
653 999 739 1026 tum
760 1002 919 1027 mecum
940 987 1034 1028 fuit.

427 1055 482 1092 ΙΙ.
515 1055 577 1092 Ex
598 1067 643 1091 eo
664 1054 752 1092 loco
774 1056 888 1099 reeta,
921 1054 1116 1092 Vitularia
1135 1055 1211 1100 via,
1243 1055 1410 1108 profetsti
1431 1056 1564 1095 sumus
1586 1058 1626 1096 in
1648 1058 1762 1097 Fufi-

371 1119 533 1158 dianum
553 1119 740 1164 fundum,
758 1133 878 1171 quem
899 1120 973 1157 tibi
994 1121 1186 1172 proximis
1209 1122 1359 1160 nuntiis
1377 1123 1521 1175 Arpini
1542 1123 1588 1161 de
1605 1124 1765 1162 Fufidio

371 1185 465 1224 H-S
489 1197 681 1224 cccmoo
703 1198 938 1223 emeramus.
971 1186 1059 1237 Ego
1079 1186 1214 1224 locum
1235 1186 1360 1225 aestate
1381 1188 1660 1227 umbrofiorem
1683 1190 1766 1228 vidi

372 1263 597 1302 nunquam;
622 1250 830 1302 permultis
851 1250 949 1287 locis
969 1263 1112 1301 aquam
1128 1251 1404 1302 profluentem,
1422 1262 1460 1290 et
1481 1267 1564 1291 eam
1583 1255 1760 1293 uberem.

373 1316 484 1366 Qid
513 1314 653 1367 quaeris
673 1315 686 1351 ?
718 1315 862 1366 Jugera
883 1327 906 1352 L
929 1315 1031 1366 prati
1053 1315 1196 1353 Caefius
1219 1315 1476 1367 irrigaturum
1504 1317 1620 1356 facile
1642 1329 1678 1356 te
1700 1333 1763 1358 ar-

372 1381 604 1419 bitrabatur.
638 1380 839 1432 Equidem
859 1379 951 1425 hoc,
974 1381 1082 1433 quod
1103 1381 1245 1419 melius
1266 1382 1465 1435 intelligo,
1494 1384 1661 1430 affirmo,
1685 1387 1766 1424 mi-

373 1445 482 1484 rifica
501 1445 686 1484 suavitate
707 1454 744 1483 te
764 1444 900 1483 villam
922 1444 1170 1492 habiturum,
1201 1446 1350 1499 piscina
1369 1456 1408 1486 et
1438 1447 1666 1488 salientibus
1695 1450 1766 1489 ad-

372 1511 482 1557 ditis,
515 1510 685 1564 palaestra
715 1519 753 1549 et
775 1510 867 1549 silva
886 1511 1103 1550 viridicata.
1150 1512 1340 1550 Fundum
1360 1513 1477 1552 audio
1498 1523 1535 1552 te
1554 1514 1664 1554 hunc
1684 1517 1766 1555 Bo-

373 1577 565 1615 villanum
586 1575 687 1614 velle
716 1577 910 1615 retinere:
943 1576 990 1614 de
1019 1591 1066 1616 eo
1086 1577 1183 1630 quid
1203 1578 1395 1624 videatur,
1426 1580 1506 1632 ipse
1536 1581 1766 1621 constitues.

375 1642 520 1680 Calvus
542 1641 682 1686 aiebat,
713 1655 812 1694 aqua
838 1641 1012 1695 dempta,
1042 1652 1081 1681 et
1113 1644 1195 1695 ejus
1223 1657 1332 1696 aquae
1356 1645 1446 1697 jure
1467 1646 1696 1692 constituto,
1727 1658 1768 1686 et

374 1708 557 1746 servitute
577 1706 703 1745 fundo
723 1707 784 1745 illi
805 1707 1000 1760 imposita,
1032 1717 1162 1747 tamen
1186 1722 1255 1747 nos
1278 1711 1449 1762 pretium
1473 1710 1616 1749 servare
1646 1712 1766 1764 poffe,

374 1773 402 1811 fi
423 1772 586 1811 vendere
616 1772 822 1811 vellemus,
867 1772 1099 1811 Meffidium
1126 1787 1286 1812 mecum
1318 1773 1454 1813 habui.
1507 1776 1544 1813 Is
1578 1776 1613 1813 se
1645 1778 1767 1816 ternis

374 1838 550 1876 nummis
573 1838 612 1876 in
634 1837 775 1890 pedem
796 1847 930 1876 tecum
950 1838 1168 1891 transegifl'e
1189 1838 1370 1877 dicebat:
1403 1839 1478 1878 sese
1498 1850 1629 1879 autem
1651 1855 1766 1880 men-

375 1904 461 1942 sum
482 1903 648 1956 pedibus
678 1903 805 1942 aiebat
835 1903 1013 1956 passuum
1047 1916 1146 1942 MCD
1167 1919 1178 1943 ε
1209 1903 1311 1942 mihi
1331 1905 1422 1957 plus
1443 1906 1568 1944 visum
1590 1907 1642 1945 est
1661 1923 1669 1945 :
1704 1908 1771 1946 scd

376 1969 576 2021 praestabo‚
598 1969 801 2021 sumptum
823 1969 1018 2021 nusquam
1037 1969 1179 2007 melius
1200 1969 1303 2022 posse
1324 1971 1434 2022 poni.
1468 1970 1683 2010 Chilonem
1704 1987 1766 2011 ar-

376 2035 569 2073 ceffieram
591 2034 792 2073 Venafro:
824 2034 889 2073 sed
918 2049 964 2074 eo
994 2035 1080 2088 ipso
1110 2035 1174 2073 die
1199 2045 1370 2088 quatuor
1399 2038 1482 2089 ejus
1504 2038 1706 2077 conservos
1729 2048 1768 2077 et

376 2101 588 2154 discipulos
605 2100 768 2140 Venafri
789 2102 998 2141 cuniculus
1018 2102 1266 2155 oppresserat.
1299 2103 1436 2142 Idibus
1454 2105 1560 2158 Sept.
1584 2106 1624 2143 in
1647 2106 1766 2144 Late-

377 2167 435 2205 rio
455 2167 514 2206 fui
532 2183 541 2206 :
576 2168 682 2206 viam
702 2167 880 2221 perspexi
895 2187 908 2213 3
941 2182 1028 2220 quae
1049 2167 1150 2207 mihi
1171 2169 1225 2207 ita
1244 2169 1410 2221 placuit,
1441 2178 1486 2208 ut
1507 2184 1605 2223 opus
1626 2172 1765 2223 publi-

378 2246 469 2271 cum
489 2233 684 2272 videretur
704 2234 790 2279 effe,
821 2243 959 2287 praeter
982 2247 1036 2273 CL
1060 2234 1211 2287 paffus:
1245 2234 1330 2274 sum
1360 2236 1468 2274 enim
1499 2236 1580 2288 ipse
1611 2237 1766 2275 mensus

378 2298 425 2335 ab
446 2311 491 2335 eo
512 2299 733 2350 ponticulo,
765 2299 836 2351 qui
855 2299 908 2337 est
928 2299 975 2337 ad
996 2300 1169 2346 Furinae,
1200 2300 1394 2338 Satricum
1414 2300 1558 2338 versus.
1596 2301 1658 2339 Eo
1678 2301 1769 2340 loco

379 2363 524 2416 pulvis,
556 2377 634 2402 non
660 2365 802 2416 glarea,
836 2365 977 2418 injecta
996 2365 1077 2404 est:
1110 2375 1148 2403 et
1179 2366 1425 2404 mutabitur:
1458 2375 1497 2403 et
1528 2379 1571 2404 ea
1590 2367 1660 2405 viae
1681 2381 1766 2420 pars

378 2429 488 2467 valde
508 2429 666 2467 acclivis
687 2430 754 2468 est.
802 2430 875 2468 Sed
906 2431 1086 2470 intellexi
1106 2431 1217 2470 aliter
1237 2431 1330 2469 duci
1357 2444 1441 2469 non.
1456 2432 1636 2484 potuiffe,
1668 2447 1769 2485 prae-

379 2494 512 2535 sertim
533 2508 626 2534 cum
648 2503 690 2534 tu
711 2508 838 2549 neque
858 2509 927 2550 per
946 2497 1139 2544 Locustae,
1170 2510 1298 2552 neque
1327 2511 1397 2551 per
1416 2497 1619 2544 Varronis,
1650 2499 1777 2538 velles„

1373 2563 1412 2602 G
1444 2576 1471 2603 2
