2335 3009
559 237 658 277 AD
715 234 1227 276 HERENNIUM
1275 235 1408 277 LIB.
1454 237 1529 278 IV.

352 331 590 368 sententiarum
611 333 868 368 exornationem
892 331 1018 367 dividi-

353 392 422 417 tur.
452 382 649 417 Verborum
665 381 843 417 exornatio
859 381 919 423 est,
937 392 1019 428 quae

354 430 458 476 ipsius
472 429 633 466 sermonis
651 429 809 477 insignita
825 429 1021 465 continetur

353 478 592 526 perpolitione.
643 479 894 514 Sententiarum
921 490 1018 514 exor-

354 528 448 562 natio
464 527 523 570 est,
551 539 633 574 quae
653 539 722 562 non
750 527 783 562 in
811 527 938 567 verbis,
965 527 1021 562 sed

355 575 390 610 in
430 576 509 623 ipsis
548 577 662 618 rebus,
705 575 880 624 quandam
920 576 1022 611 habet

355 624 569 671 dignitatem.
629 625 806 672 Repetitio
837 624 896 667 est,
940 637 1021 660 cum

355 673 568 708 continenter
595 673 638 708 ab
669 685 740 708 uno
764 683 869 720 atque
901 674 1022 709 eodem

355 722 463 756 verbo
479 722 513 756 in
531 722 633 757 rebus
650 722 819 757 fimilibus
831 732 866 757 et
883 722 1022 757 diverfis

355 770 526 818 principia
555 770 749 813 sumuntur,
786 771 852 806 hoc
886 771 1019 807 modo:

357 819 451 854 Vobis
477 819 560 863 istud
584 819 817 855 attribuendum
847 819 898 862 est,
937 820 1023 854 vobis

351 870 465 914 gratia
494 868 648 912 habenda,
677 868 769 903 vobis
797 881 844 903 res
873 869 931 913 ista
960 869 1023 902 erit

356 917 477 952 honori.
529 918 629 959 Item,
671 919 772 964 Scipio
812 918 1022 954 Numantiam

349 966 486 1012 fitstulit,
513 967 612 1012 Scipio
641 967 863 1012 Carthaginem
891 966 1022 1008 delevit,

359 1017 456 1061 Scipio
469 1025 575 1060 pacem
588 1017 723 1061 peperit,
751 1017 849 1062 Scipio
865 1017 1027 1050 civitatem

350 1064 514 1109 stre-avit.
548 1064 647 1105 Item,
661 1066 693 1098 T
691 1077 710 1098 u
727 1065 760 1098 in
772 1067 880 1105 sorum
894 1063 1027 1108 prodire,

359 1120 396 1146 tu
413 1112 508 1147 lucem
525 1112 703 1158 conspicere,
727 1121 763 1148 tu
779 1116 813 1148 in
829 1113 940 1148 horum
957 1125 1028 1147 con-

350 1161 487 1206 lpeftum
509 1163 632 1202 venire,
658 1163 806 1197 conaris?
831 1161 927 1196 audes
953 1173 1027 1196 ver-

360 1210 492 1255 bumfa
491 1222 569 1244 ·.ere
564 1211 580 1236 Ρ
607 1210 701 1246 audes
722 1213 883 1257 quicquam
905 1210 947 1244 ab
964 1211 1029 1254 istis

354 1261 487 1305 petere?
514 1259 610 1294 audes
625 1260 814 1305 sttpplicium
839 1259 1027 1305 deprecari?

359 1307 452 1354 ⁶)uid
464 1307 517 1350 est,
543 1308 624 1355 qzttol
639 1308 728 1353 poffis
749 1308 932 1355 defendere?
956 1307 1032 1355 quid

360 1357 413 1400 est,
439 1357 518 1404 quod
539 1356 656 1391 audeas
673 1357 850 1402 postulare.
845 1357 861 1383 Ρ
886 1357 960 1404 quid
978 1357 1028 1400 est,

359 1404 438 1453 quod
452 1405 513 1439 tibi
524 1413 615 1451 putes
631 1406 751 1440 concedi
766 1412 922 1452 oportetme
918 1407 933 1432 Ρ
955 1406 1032 1442 Non

349 1454 576 1500 jusjurandum
608 1454 774 1503 reliquisti.
769 1456 785 1481 Ρ
828 1466 888 1489 non
920 1456 1032 1489 amicos

355 1502 538 1549 prodidisti.
533 1505 550 1531 Ρ
574 1515 635 1538 non
656 1505 788 1550 parenti
811 1515 920 1539 manus
942 1506 1029 1538 intu-

360 1551 438 1597 listi.
433 1553 449 1578 Ρ
486 1564 546 1587 non
571 1552 696 1600 denique
722 1555 757 1587 in
783 1554 866 1587 omni
890 1551 1031 1588 dedecore

361 1601 527 1636 volutatus
542 1604 598 1637 es?
620 1601 713 1636 Haec
731 1602 922 1645 exornatio,
948 1613 1030 1637 cum

362 1650 515 1685 multum
553 1651 740 1686 venustatis
789 1651 902 1691 habet,
953 1661 1030 1686 tum

361 1698 540 1746 gravitatis
556 1709 591 1734 et
607 1699 806 1735 acrimoniae
824 1699 1028 1747 plurimum.

363 1749 484 1796 Quare
517 1747 655 1784 videtur
683 1749 746 1784 effe
776 1749 969 1784 adhibenda
997 1758 1031 1784 et

363 1798 407 1831 ad
423 1797 624 1839 ornandam,
635 1807 669 1832 et
686 1799 729 1832 ad
746 1798 938 1845 augendam
957 1810 1031 1833 ora·

363 1846 503 1882 tioneni.
547 1847 734 1882 Conversio
759 1847 819 1887 est,
847 1859 907 1894 per
924 1858 1030 1893 quam

364 1906 446 1936 non,
473 1904 512 1930 ut
546 1905 634 1937 ante,
662 1896 815 1943 primum
846 1897 1031 1943 repetimus

361 1944 523 1986 verbum,
551 1944 604 1979 sed
623 1945 665 1979 ad
685 1944 895 1992 postremum
920 1944 1030 1979 conti·

364 2002 482 2027 nenter
524 1993 739 2036 revertimur,
790 1993 854 2028 hoc
898 1993 1030 2028 modo;

364 2040 612 2089 Poenospopulus
629 2044 791 2078 Romanus
794 2042 922 2089 justitia
939 2044 1032 2084 vicit,

366 2091 462 2124 armis
479 2093 574 2131 vicit,
594 2091 784 2126 liberalitate
799 2093 891 2126 vicit.
932 2092 1032 2133 Item,

366 2149 404 2173 ex
430 2149 488 2186 quo
503 2146 636 2186 tempore
652 2141 814 2175 concordia
840 2140 878 2175 de
904 2142 1038 2175 civitate

358 2186 492 2233 sublata
517 2189 567 2233 est,
593 2188 721 2224 libertas
733 2189 864 2236 sublata
886 2189 938 2234 est,
955 2188 1038 2232 fides

359 2235 489 2283 sublata
514 2237 567 2280 est,
593 2240 733 2273 amicitia
744 2238 873 2283 sublata
899 2239 950 2283 aess,
976 2238 1037 2283 res.

362 2284 492 2331 publica
505 2285 632 2326 sublata
649 2287 700 2331 est.
738 2288 838 2329 Item,
863 2288 899 2323 C.
918 2287 1037 2324 Laelius

367 2334 453 2368 homo
470 2345 573 2369 navus
589 2344 673 2377 erat,
695 2337 862 2392 ingeniosus
880 2345 963 2378 erat,
983 2335 1036 2371 do-

369 2386 434 2417 Hus
450 2390 532 2424 erat,
557 2382 644 2417 bonis
666 2385 748 2419 viris
765 2392 796 2418 et
803 2385 944 2428 studiosis
961 2386 1038 2419 ami-

369 2443 420 2466 cus
453 2439 535 2466 erat.
575 2433 662 2479 Ergo
688 2435 721 2467 in
752 2435 884 2468 civitate
914 2436 1039 2480 primus

367 2481 596 2523 crat.1tem,
622 2480 712 2516 Nam
729 2493 796 2516 cum
822 2483 902 2527 ssas,
929 2490 964 2518 ut
981 2481 1039 2518 ab·

449 2578 518 2616 To
530 2589 583 2617 M.
616 2577 691 2618 IX.

1659 253 1731 281 201

1061 331 1194 378 solvant
1222 339 1266 374 te,
1303 344 1395 380 rogas
1408 346 1421 367 .·
1447 340 1483 367 ut
1505 333 1657 380 pejerent,
1683 345 1735 368 ro-

1062 392 1126 427 gas
1139 393 1151 415 .·
1178 388 1213 415 ut
1230 382 1475 426 existimationem
1492 383 1660 428 negligant,
1684 394 1735 416 ro-

1062 441 1126 476 gas
1139 442 1150 464 .·
1167 437 1202 465 ut
1218 429 1299 476 leges
1308 431 1417 476 populi
1432 432 1569 466 Romani
1585 439 1648 466 tuae
1663 431 1736 466 libi-

1068 478 1136 512 dini
1153 478 1349 525 largiantur,
1375 491 1477 525 rogas.

1120 527 1222 562 XIV.
1261 528 1470 575 Complexio
1497 527 1556 571 est,
1587 540 1669 576 quae
1698 541 1736 563 u-

1071 584 1230 623 tramque
1263 576 1507 623 complectitur
1545 577 1737 612 exornatio-

1072 637 1162 667 nem,
1186 634 1220 660 et
1237 625 1337 667 hanc,
1363 635 1397 660 et
1414 636 1520 672 quam
1539 635 1616 659 ante
1632 638 1738 673 expo-

1073 673 1214 716 suimus,
1241 683 1281 708 ut
1306 683 1340 709 et
1366 683 1538 721 repetatur
1555 674 1645 709 idem
1669 686 1738 720 pri-

1073 734 1170 757 mum
1199 722 1347 758 verbum
1377 722 1513 770 saepius‚
1556 732 1590 757 et
1620 723 1742 758 crebro

1072 771 1115 806 ad
1150 771 1240 806 idem
1273 771 1485 819 postremum
1519 782 1740 813 revertamur,

1073 820 1139 855 hoc
1171 820 1299 855 modo:
1343 819 1410 866 ¹Qui
1429 820 1521 865 sunt,
1547 818 1599 867 qui
1617 820 1742 866 jadera

1065 870 1148 915 saepe
1163 876 1314 914 ruperunt
1327 870 1346 903 ,Ρ
1362 869 1634 916 Carthaginenses.
1674 869 1742 915 Qu·

1063 917 1155 963 sunt,
1167 919 1221 965 qui
1237 917 1360 952 crudele
1376 917 1488 953 bellum
1506 919 1540 953 in
1560 918 1660 953 Italia
1673 919 1741 964 ges-

1065 966 1176 1012 serunt
1194 969 1212 1002 ?
1247 966 1516 1013 Carthaginenses.
1560 967 1630 1012 ‘Qui
1655 967 1743 1013 fitnt,

1076 1018 1130 1062 qui
1142 1015 1272 1051 Italiam
1289 1015 1547 1061 deformaverunt
1560 1017 1578 1051 ,9
1604 1016 1743 1052 Cartha-

1071 1064 1222 1110 ginenses.
1249 1066 1318 1110 Qi
1329 1064 1422 1110 sunt,
1446 1066 1499 1112 qui
1504 1064 1570 1110 fibi
1589 1065 1745 1110 postulant

1076 1113 1215 1160 ignosci?
1240 1113 1510 1160 Carthaginenses.
1537 1113 1648 1149 Videte
1663 1125 1747 1160 ergo,

1077 1161 1152 1209 quid
1171 1164 1335 1197 conveniat
1353 1174 1400 1197 eos
1421 1164 1602 1208 impetrare.
1645 1162 1746 1205 Item,

1078 1210 1179 1257 Quem
1192 1211 1324 1256 senatus
1346 1210 1515 1254 damnarit,
1541 1223 1627 1258 quem
1645 1220 1747 1258 popu-

1079 1259 1127 1293 lus
1143 1261 1306 1294 Romanus
1322 1260 1495 1301 damnarit,
1508 1271 1594 1307 quem
1612 1263 1747 1295 omnium

1077 1308 1262 1351 existimatio
1277 1308 1451 1350 damnarit,
1470 1320 1536 1343 eum
1553 1321 1611 1343 vos
1620 1310 1746 1355 senten-

1078 1359 1132 1391 tiis
1164 1357 1272 1402 vzssris
1301 1357 1465 1402 absolvetis
1482 1359 1500 1392 ,θ
1552 1357 1748 1393 Traduffio

1079 1405 1138 1448 est,
1165 1417 1247 1453 quae
1274 1404 1369 1448 facit,
1396 1415 1436 1440 ut
1462 1417 1542 1440 cum
1562 1405 1652 1440 idem
1671 1417 1745 1441 ver-

1081 1454 1168 1489 bum
1186 1454 1338 1489 crebrius
1356 1463 1520 1509 ponatur,
1545 1466 1615 1489 non
1641 1455 1748 1491 modo

1080 1515 1150 1538 non
1179 1503 1332 1539 offendat
1361 1515 1528 1546 animum,
1557 1503 1611 1538 sed
1642 1503 1747 1539 etiam

1080 1551 1336 1587 concinniorem
1383 1553 1572 1587 orationem
1616 1552 1746 1595 reddat,

1081 1601 1147 1636 hoc
1166 1601 1267 1649 pasto
1283 1615 1292 1636 ε
1320 1601 1388 1649 Qi
1405 1601 1486 1636 nihil
1498 1601 1593 1636 hahet
1621 1605 1654 1636 in
1675 1603 1749 1636 vita

1068 1649 1241 1697 jucundius
1257 1652 1344 1692 vita,
1369 1652 1396 1685 is
1421 1662 1489 1686 cum
1505 1653 1626 1686 virtute
1643 1653 1749 1686 vitam

1079 1711 1139 1734 non
1151 1699 1246 1746 pottst
1261 1699 1368 1734 colere.
1419 1699 1520 1742 Item,
1546 1700 1628 1734 Eum
1641 1707 1677 1734 tu
1695 1699 1750 1734 ho-

1082 1751 1191 1784 minem
1218 1747 1370 1793 appellas,
1397 1750 1447 1794 qui
1466 1748 1502 1791 st
1519 1747 1628 1794 fuiffet
1647 1748 1750 1790 homo,

1082 1809 1246 1845 numquam
1263 1805 1329 1831 tam
1347 1796 1508 1831 crudeliter
1529 1799 1633 1831 vitam
1651 1798 1748 1831 homi-

1081 1847 1129 1880 nis
1143 1845 1283 1893 petiiffet.
1312 1847 1358 1881 At
1375 1853 1447 1880 erat
1462 1847 1612 1881 inimicus.
1657 1846 1749 1892 Ergo

1080 1896 1236 1930 inimicum
1242 1895 1291 1937 stc
1309 1894 1412 1938 ulcisci
1427 1895 1540 1936 voluit,
1566 1901 1601 1929 ut
1618 1894 1680 1940 ipse
1685 1895 1752 1939 sthi

1080 1946 1274 1989 reperiretur
1290 1945 1432 1978 inimicus
1443 1945 1460 1978 ,Ρ
1488 1945 1587 1985 Item,
1599 1945 1752 1980 Divitias

1070 1993 1141 2036 fine
1160 1992 1296 2027 divitum
1324 1992 1377 2040 ff
1390 2006 1401 2027 .·
1429 2000 1464 2027 tu
1493 2004 1570 2026 vero
1597 1994 1752 2028 virtutem

1079 2041 1198 2089 praefer
1221 2042 1358 2077 divitiis.
1411 2040 1502 2076 Nam
1516 2041 1552 2085 si
1566 2041 1650 2076 voles
1665 2042 1751 2076 divi-

1083 2092 1148 2126 tias
1166 2103 1233 2125 cum
1249 2092 1371 2125 virtute
1387 2100 1577 2136 comparare,
1602 2093 1660 2126 vix
1668 2092 1753 2139 satis

1086 2139 1202 2175 idoneae
1227 2139 1287 2174 tibi
1313 2139 1503 2174 videbuntur
1522 2139 1659 2181 divitiae,
1685 2151 1752 2185 quae

1085 2191 1216 2224 virtutis
1227 2187 1298 2235 ped
1290 2187 1404 2235 ſjequae
1414 2188 1450 2232 s
1449 2196 1494 2223 nt
1545 2188 1602 2222 Ex
1630 2188 1752 2222 eodem

1086 2250 1208 2286 genere
1223 2237 1454 2272 exornationis
1470 2236 1530 2279 est,
1556 2248 1639 2271 cum
1662 2235 1753 2272 idem

1086 2287 1233 2322 verbum
1252 2286 1356 2321 modo
1373 2285 1515 2333 ponitur
1532 2285 1564 2319 in
1584 2285 1659 2327 hac,
1677 2297 1752 2320 mo-

1085 2336 1133 2371 do
1163 2335 1196 2370 in
1224 2335 1328 2370 altera
1357 2334 1499 2375 re‚l10c
1526 2333 1654 2369 modo:
1687 2335 1753 2370 Cur

1085 2396 1152 2419 eam
1169 2396 1234 2418 rem
1250 2391 1315 2418 tam
1323 2382 1453 2428 studiose
1469 2394 1572 2424 curas,
1589 2394 1656 2430 qua*
1673 2383 1752 2416 mul-

1086 2441 1138 2468 tas
1164 2433 1224 2469 tibi
1246 2431 1334 2467 dabit
1363 2442 1475 2467 curas.
1471 2434 1486 2459 Ρ
1513 2431 1611 2473 ltem,
1643 2433 1755 2467 Amari

1077 2481 1252 2530 jucundum
1258 2481 1294 2526 s
1280 2489 1318 2523 t,
1333 2481 1368 2525 fi
1354 2488 1522 2524 tcuretur,
1539 2493 1575 2517 ne
1590 2479 1666 2529 quid
1683 2483 1701 2515 ι’
1698 2482 1755 2525 yit

1371 2577 1457 2617 Cc
