2241 2994
736 244 1351 287 HISTORIA.

345 340 425 375 coss.
463 338 633 375 Asconius
663 336 812 374 testatur.
856 338 1014 373 Valerius

345 401 490 436 quoque
514 388 566 423 lib.
587 388 646 422 IV.
674 396 742 431 cap.
765 398 796 421 2.
824 385 940 421 scribit
960 388 1013 422 M.

346 437 551 472 Ciceronem
579 436 618 471 P.
644 435 826 470 Vatinium
856 435 1016 482 dignitati

346 485 416 520 suae
435 485 563 531 semper
581 483 742 519 infestum
766 483 906 518 duobus
925 484 1016 531 pub-

346 532 574 580 licisjudiciis
596 542 749 568 tutatum
767 532 841 567 esse.
894 533 1017 586 Itaque

345 580 506 616 Vatinius
530 581 560 616 se
587 581 744 616 clientem
763 580 938 616 Ciceronis
957 593 1015 629 ap-

344 629 463 677 pellat,
488 631 570 676 epist.
592 643 624 677 9.
653 630 707 665 lib.
729 629 773 664 V.
799 631 916 664 Famil.

396 680 450 713 M.
472 679 635 715 AEmilius
653 679 802 713 Scaurus
821 690 839 712 a
856 678 897 714 C.
914 677 1015 713 Tria-

346 727 405 810 {ig
425 727 694 810 &petundarum
713 726 905 810 postulassilils
923 727 1018 810 ‚aIpuld

458 785 593 810 atonem
639 785 795 810 raetorem
813 787 832 809 a
964 787 984 810 u

347 823 395 858 lio
422 822 578 859 defensus
606 789 654 859 ‹5st
683 835 713 859 a.
744 823 779 858 d.
815 836 862 858 iv,
895 824 1017 858 Nonas

347 873 539 920 Septembr.
570 872 649 907 vide
683 871 857 919 Ascanium.
910 872 1017 907 Hanc

345 921 536 956 orationem
586 933 655 956 una
704 932 786 956 cum
837 920 1017 955 Planciano

348 969 458 1005 mense
484 969 678 1018 Septembri
696 969 726 1004 se
744 968 921 1004 absolvisse
939 969 1015 1004 scri-

348 1019 400 1054 bit
431 1020 512 1064 epist.
555 1032 584 1055 1.
631 1019 685 1054 lib.
723 1018 784 1053 Ill.
824 1017 870 1052 ad
903 1019 1016 1053 Fratr.

347 1067 531 1102 Plancium
559 1067 610 1102 his
635 1067 714 1102 coss.
735 1079 754 1100 a
774 1067 830 1102 M.
850 1067 1018 1111 Juventio

347 1116 529 1151 Laterense
547 1115 742 1151 accusatum
763 1125 798 1150 et
815 1127 835 1149 a
852 1115 1019 1150 Cicerone

346 1164 523 1200 defensum
541 1165 605 1200 effe
631 1166 781 1200 Latomus
806 1173 841 1198 et
862 1163 1020 1199 Corradus

349 1224 487 1261 putant,
514 1214 601 1249 recte
622 1225 699 1248 meo
716 1213 857 1260 quidem
870 1211 1017 1259 judicio.

350 1263 478 1298 Fuerat
517 1263 608 1297 enim
654 1261 816 1296 Plancius
858 1261 1019 1296 tribunus

348 1311 443 1359 pleb.
464 1310 601 1345 biennio
619 1319 708 1351 ante,
728 1319 767 1344 ut
784 1309 949 1352 diximus,
969 1319 1019 1344 at-

348 1372 420 1406 que
457 1359 491 1393 in
531 1359 625 1393 hunc
659 1369 790 1393 annum
820 1357 1019 1393 aedilitatem

350 1408 440 1443 reste
456 1407 567 1455 petiit.

401 1457 512 1505 Qiod
530 1465 644 1491 autem
668 1455 787 1491 Silvius
810 1467 871 1503 per
886 1454 1019 1491 Consu-

350 1505 432 1547 lem,
459 1517 564 1560 quem
582 1505 705 1540 Cicero
721 1504 862 1540 comitia
878 1504 1021 1539 aedilitia

348 1554 502 1590 habuisse
529 1553 588 1597 ait,
622 1554 678 1588 Μ.
707 1553 865 1588 Craffum
894 1553 1017 1588 intelli-

350 1602 415 1650 git,
450 1602 547 1638 nulla
575 1601 747 1649 probabili
777 1601 907 1637 ratione
940 1600 1019 1636 niti-

350 1661 420 1687 tur.
471 1652 548 1687 Nec
566 1650 683 1705 potuit
710 1650 872 1685 Plancius
899 1649 934 1685 in
959 1650 1019 1685 tri-

352 1700 487 1735 bunatu
516 1699 716 1735 aedilitatem
755 1708 881 1747 petere.
932 1699 1020 1734 Huc

350 1748 495 1792 accedit,
531 1749 628 1796 quod
658 1748 750 1784 hunc
780 1746 880 1783 fuisse
908 1747 1020 1795 legiti-

352 1809 449 1833 rnurn
468 1809 597 1833 annum
628 1796 802 1832 aedilitatis
828 1797 1020 1832 Laterensis

350 1859 394 1882 ex
423 1856 576 1894 praetura
605 1845 679 1893 ejus
708 1845 928 1893 perspicuum
955 1845 1018 1880 fit:

351 1907 458 1943 quam
477 1895 623 1930 triennio
646 1894 735 1942 post,
762 1895 832 1929 Ser.
852 1893 1020 1941 Sulpicio,

350 1944 407 1980 M.
434 1944 605 1979 Marcello
634 1943 715 1978 coff.
742 1943 850 1990 gestit,
875 1943 955 1988 epist.
986 1953 1018 1988 7.

351 1993 389 2040 [l.
403 1994 435 2028 8.
441 1992 623 2039 ]lib.V111.
639 1972 766 2028 Fami?
784 1991 877 2026 Illud
891 2001 1019 2034 autem,

351 2042 448 2089 quod
459 2041 633 2077 Corradus
648 2053 712 2088 pro
725 2040 906 2075 certissimo
919 2051 1020 2087 argu-

353 2099 470 2125 mento
487 2090 598 2133 affert,
624 2089 780 2137 quodC.
802 2089 932 2131 Alfius,
959 2088 1020 2135 qui

353 2148 542 2186 praeturam
559 2139 625 2174 hoc
644 2149 735 2172 anno
762 2116 1020 2185 gessit,qi.1aes1-

352 2197 410 2222 tor
426 2199 461 2221 m
482 2186 580 2222 causa
598 2187 783 2222 Planciana
799 2185 916 2229 fuerit,
944 2186 1021 2221 nul-

355 2235 429 2270 lum
446 2235 505 2270 est.
554 2235 650 2270 Nam
679 2236 833 2283 primum
856 2247 899 2270 ex
925 2246 1021 2282 pero-

357 2284 486 2319 ratione
514 2283 745 2330 cognoscitur,
784 2296 853 2319 non
883 2283 926 2319 C.
957 2283 1023 2318 Al-

358 2333 458 2374 sium,
484 2331 539 2366 sed
566 2332 609 2367 C.
627 2331 790 2368 Flavium
808 2332 1028 2380 quaesitorem

359 2379 470 2423 fuisse,
509 2391 613 2426 quem
652 2381 800 2415 eundem
840 2391 1028 2429 praeturam

359 2439 437 2466 turn
462 2428 608 2481 gestisse
615 2428 782 2464 affirmare
808 2441 877 2464 non
895 2429 1027 2464 auslm:

357 2479 508 2515 arbitror
555 2475 648 2512 enim
691 2487 761 2513 tam
811 2477 1031 2525 quaesitorem

451 2574 597 2614 ΤοΜ.
628 2573 706 2615 ΙΧ.

1662 263 1751 304 313'

1065 350 1171 385 quam
1197 339 1378 375 consilium
1403 340 1580 376 editicium
1609 339 1730 375 fuiffe:

1065 386 1175 422 editos
1194 398 1307 423 autem
1327 388 1425 423 fuisse
1443 390 1486 424 ab
1514 389 1705 424 accusatore
1723 404 1729 422 :

1066 446 1149 481 quae
1167 436 1314 482 potestas
1332 437 1355 471 si
1387 438 1430 472 rei
1458 437 1583 479 fuisset,
1611 437 1657 472 ait
1675 438 1732 472 Ci-

1066 495 1156 525 cero,
1183 494 1249 529 cap.
1274 495 1327 529 17.
1355 497 1434 520 eum
1462 487 1528 520 [ine
1545 486 1734 521 dubitatio-

1067 543 1108 566 ne
1127 533 1167 566 C.
1181 532 1317 566 Alfium
1338 533 1498 568 tribulem
1518 534 1616 569 suum
1635 546 1734 580 qua·-

1067 580 1214 621 sitorem‚
1236 591 1340 628 atque
1357 593 1375 616 e
1393 582 1579 616 Terentina
1594 593 1628 617 et
1650 582 1734 616 Vol*

1066 629 1150 663 tinia
1167 629 1329 665 tribubus
1357 628 1491 676 judices
1510 629 1607 665 fuisse
1622 631 1734 665 editu-

1067 690 1155 713 rum.

1116 726 1232 761 Pridie
1270 726 1389 761 Nonas
1427 726 1620 774 Septembr.

1067 774 1232 817 Romani,
1253 775 1314 822 qui
1334 787 1394 822 per
1411 788 1533 810 novem
1553 775 1736 810 continuos

1067 823 1137 858 dies
1157 824 1296 865 fiebant,
1323 825 1489 858 commisii
1518 824 1607 859 sunt.
1659 824 1734 858 Lu-

1067 871 1193 906 dorum
1217 872 1339 907 diebus
1365 873 1487 908 Cicero
1513 872 1547 907 in
1573 872 1735 920 Arpinati

1066 918 1147 962 fuit,
1173 930 1207 955 et
1223 933 1311 956 xiii.
1332 921 1476 956 Kalend.
1496 921 1642 956 octobr.
1663 922 1736 955 Ro-

1067 980 1159 1003 mam
1189 969 1295 1011 venit,
1322 971 1404 1016 epist.
1443 982 1470 1005 ι.
1505 969 1558 1005 lib.
1592 970 1656 1005 Ill.
1695 970 1740 1004 ad

1068 1019 1180 1053 Fratr.
1209 1019 1255 1052 A.
1275 1018 1374 1053 ἀνι.
1393 1019 1539 1053 Kalend.
1558 1018 1737 1060 Oelobris,

1067 1078 1148 1101 cum
1166 1066 1417 1114 aequinoffium
1443 1067 1597 1108 subesset,
1624 1066 1738 1102 Caesar

1067 1114 1255 1149 exercitum
1283 1127 1303 1150 e
1333 1115 1508 1150 Britannia
1537 1115 1738 1161 reportavit,

1067 1164 1172 1198 Cicero
1181 1164 1263 1209 epist.
1275 1176 1285 1198 t
1295 1175 1326 1209 5.
1339 1164 1375 1211 [l.
1387 1176 1400 1199 1
1409 1165 1460 1210 7.]
1474 1165 1525 1199 lib.
1538 1165 1599 1199 lV.
1612 1164 1656 1198 ad
1663 1165 1736 1200 Att.

1068 1222 1102 1246 et
1119 1212 1224 1258 Caesar
1240 1213 1295 1247 lib.
1311 1214 1354 1248 V.
1397 1214 1563 1248 Comment.
1592 1222 1660 1258 cap.
1679 1224 1737 1259 23.

1069 1262 1162 1296 Cum
1199 1261 1314 1296 Caesar
1339 1261 1550 1296 Britanniam
1580 1273 1737 1309 peragra-

1070 1319 1130 1351 ret,
1159 1309 1293 1344 audivit
1309 1310 1474 1345 deceffiffe
1492 1310 1609 1352 filiam,
1629 1311 1740 1345 Seneca

1069 1358 1107 1392 de
1136 1357 1349 1403 Consolatione
1381 1357 1426 1392 ad
1454 1360 1631 1400 Marciam,
1669 1368 1738 1404 cap.

1076 1418 1130 1451 14.
1183 1407 1281 1441 Hinc
1310 1406 1452 1441 Caesaris
1470 1407 1585 1442 luc‘tus
1602 1408 1651 1452 epi
1676 1434 1683 1442 .
1709 1420 1738 1443 1.

1069 1454 1122 1490 lib.
1142 1454 1206 1490 ΙΙΙ.
1232 1454 1278 1489 ad
1291 1457 1405 1491 Fratr.
1432 1457 1475 1490 de
1492 1466 1602 1491 morte
1619 1455 1740 1500 Juliae,

1070 1515 1153 1551 quae
1171 1503 1340 1552 Pompeio
1359 1514 1468 1552 nupta
1483 1514 1567 1546 erat,
1594 1505 1660 1539 Dio
1683 1504 1738 1539 lib.

1068 1553 1247 1588 XXXIX.
1298 1553 1496 1588 Plutarchus
1528 1555 1562 1588 in
1594 1553 1741 1599 Pompeio

1066 1611 1100 1636 et
1116 1600 1246 1648 Caefizre.

1120 1650 1213 1685 Cum
1232 1650 1287 1685 M.
1308 1650 1446 1686 Crassus
1469 1651 1515 1685 A.
1535 1649 1688 1685 Gabinio
1705 1649 1740 1685 in

1070 1698 1168 1745 Syria
1200 1699 1409 1740 successisset,
1448 1699 1505 1734 ille
1538 1698 1572 1734 in
1605 1698 1741 1734 Italiam

1070 1747 1220 1782 reversus
1251 1759 1320 1782 xii.
1352 1747 1499 1782 Kalend.
1531 1747 1661 1783 Odiob.
1697 1747 1742 1782 ad

1071 1796 1192 1831 urbem
1211 1797 1354 1839 accessit,
1379 1805 1413 1831 et
1441 1807 1491 1831 ιν.
1518 1796 1596 1831 Kal.
1618 1796 1741 1831 urbem

1071 1845 1176 1879 ῃοᾶυ
1195 1844 1346 1887 intravit,
1372 1854 1407 1880 et
1432 1845 1475 1879 de
1496 1843 1667 1891 majestate
1683 1856 1739 1879 ac-

1071 1892 1206 1928 cusatus
1235 1893 1295 1936 est,
1333 1893 1418 1939 epist.
1455 1905 1482 1927 1.
1521 1893 1575 1928 lib.
1605 1893 1668 1928 111.
1698 1893 1745 1928 ad

1070 1943 1185 1977 Fratr.
1237 1943 1277 1977 In
1309 1953 1351 1977 eo
1374 1941 1511 1988 judicio
1539 1941 1742 1977 Ciceronem

1070 1990 1262 2025 Gabinium
1280 1990 1472 2038 gravissime
1488 1989 1652 2025 accusasse
1669 1990 1742 2026 Dio

1070 2038 1124 2074 lib.
1143 2039 1320 2075 XXXIX.
1340 2040 1460 2074 auctor
1476 2039 1532 2074 est.
1587 2039 1653 2073 Sed
1682 2039 1742 2074 Ci-

1072 2100 1150 2123 cero
1176 2087 1207 2123 se
1237 2087 1470 2123 testimonium
1496 2087 1683 2123 secundum
1701 2088 1742 2122 fi-

1071 2136 1151 2171 dem
1183 2146 1218 2171 et
1248 2137 1447 2184 religionem
1477 2137 1670 2183 gravisiime
1707 2135 1742 2171 in

1071 2197 1151 2221 eum
1169 2185 1288 2220 dixisse
1305 2185 1445 2221 testatur
1461 2185 1545 2230 φξβ.
1561 2196 1593 2228 4.
1612 2184 1666 2219 lib.
1680 2184 1742 2220 111.

1073 2234 1118 2269 ad
1135 2234 1249 2269 Fratr.

1124 2282 1278 2318 Gabinio
1310 2281 1469 2317 absoluto
1507 2281 1563 2316 M.
1600 2280 1745 2316 Tullius

1078 2343 1162 2366 vui.
1192 2331 1270 2366 Kal.
1297 2330 1491 2365 Novembr.
1518 2329 1551 2364 in
1575 2329 1746 2364 Tuscula-

1079 2377 1471 2473 ’,ἓᾛιιῖἓῗῗῇἷῗῖἕζῖιι
1489 2377 1749 2463 ἐῖἒειῗὲῒιῗὲἓ

1079 2476 1236 2524 epistolas
1277 2475 1332 2510 lib.
1373 2475 1436 2510 111.

1369 2571 1409 2610 R
1437 2585 1457 2611 t

1662 726 1736 762 ludi

1479 2475 1523 2511 ad
1564 2475 1674 2512 Fratr.
1717 2486 1752 2513 et
