2335 3009
570 234 669 272 AD
727 230 1240 272 HERENNIUM
1298 231 1432 272 LIB.

377 328 539 365 deranda.
578 328 753 364 Dividitur
769 329 878 375 igitur
895 339 1048 374 pronun·

379 379 477 414 tiatio
495 378 528 412 in
547 382 644 412 vocis
660 378 822 424 figuram,
844 387 879 411 et
897 377 1049 423 corporis

380 437 528 462 motum.
580 426 710 472 Figura
745 427 838 460 vocis
870 425 929 467 est,
968 437 1049 472 quae

379 476 477 510 suum
511 475 683 522 quendam
715 475 860 520 possidet
889 475 1048 509 habitum

380 525 508 558 rarione
537 534 571 558 et
603 524 765 559 industria
793 534 1046 570 comparatum.

379 573 431 607 Ea
448 573 615 607 dividitur
642 573 674 607 in
706 582 773 606 tres
797 583 922 618 partes,
951 585 1048 619 mag·

379 622 587 664 nitudinem,
630 621 894 662 firmitudinem,
939 622 1049 656 molli.

378 671 547 705 tudinem.
616 671 903 716 Magnitudinem
954 670 1048 705 vocis

379 720 530 753 maxime
561 729 737 766 comparat
765 729 898 761 natura,
927 720 1048 754 nonni-

378 768 426 802 hil
453 768 540 802 hanc
558 778 677 815 auget,
704 767 757 802 sed
790 768 940 803 maxime
968 780 1048 803 con-

378 816 487 851 servat
515 829 604 852 cura.
656 817 928 852 Firmitudinem
955 818 1048 851 vocis

379 866 533 900 maxime
559 876 680 900 natura
708 877 898 912 comparat,
925 868 1047 901 nonni-

378 914 427 949 hil
452 915 614 969 adauget,
640 925 676 949 et
701 916 851 950 maxime
873 915 1048 950 conservat

376 965 577 998 exercitatio
603 964 874 999 declamationis.
927 964 1048 999 Molli·

379 1012 537 1047 tudinem
572 1013 678 1054 vocis,
710 1013 774 1047 hoc
802 1014 861 1055 est,
897 1023 936 1048 ut
970 1025 1046 1048 eam

380 1071 541 1107 torquere
574 1062 607 1096 in
650 1062 800 1096 dicendo
839 1074 901 1108 pro
936 1063 1049 1097 nostro

379 1111 566 1144 commodo
585 1112 761 1156 pommus,
783 1111 931 1146 maxime
948 1111 1050 1146 faciet

378 1159 583 1194 exercitatio
616 1160 886 1195 declamationis.
949 1161 1049 1208 Qa-

378 1218 522 1255 propter
546 1208 590 1242 de
614 1209 854 1255 magnitudine
881 1209 989 1250 vocis,
1016 1219 1051 1244 et

379 1257 600 1292 firmitudinis
619 1267 727 1302 parte,
752 1258 917 1304 quoniam
946 1258 1051 1293 altera

379 1315 512 1347 natura,
549 1306 653 1340 altera
686 1317 780 1347 cura,
817 1317 1050 1352 comparatur,

378 1354 465 1389 nihil
495 1355 537 1389 ad
568 1366 630 1389 nos
659 1355 783 1389 attinet
813 1366 1048 1395 commonere,

379 1403 439 1438 nisi
459 1413 498 1438 ut
515 1403 557 1438 ab
587 1403 639 1445 iis,
666 1403 728 1450 qui
751 1415 820 1438 non
849 1403 942 1438 inscii
972 1403 1050 1438 sunt

377 1451 449 1499 ejus
484 1453 631 1495 artificii,
656 1453 741 1488 ratio
763 1453 926 1487 curandae
951 1452 1048 1488 vocis

377 1511 531 1548 petatur.

429 1551 514 1586 XII.
542 1551 596 1586 De
623 1562 665 1586 ea
687 1559 784 1598 parte
813 1550 1048 1594 firmitudinis,

378 1611 459 1646 quae
482 1601 699 1635 conservatur
724 1602 854 1635 ratione
877 1600 1048 1635 declama-

379 1649 494 1690 tioniS,
508 1659 543 1683 et
554 1649 596 1684 de
615 1649 833 1684 mollitudine
848 1650 954 1691 vocis,
967 1662 1048 1696 quae

381 1698 532 1732 maxime
547 1698 725 1733 necessaria
741 1698 789 1733 est
803 1701 942 1741 oratori,
960 1711 1047 1746 quo-

381 1748 472 1781 niam
491 1759 530 1781 ea
557 1759 700 1795 quoque
727 1747 963 1782 moderatione
990 1748 1049 1783 de-

379 1795 592 1831 clamationis
611 1807 843 1842 comparatur,
861 1797 1048 1831 dicendum

381 1845 526 1879 videtur.
580 1846 739 1880 Firmam-
765 1846 874 1892 igitur
901 1847 1050 1881 maxime

381 1894 571 1939 poterimus
591 1895 623 1928 in
652 1895 800 1929 dicendo
816 1906 938 1929 vocem
967 1906 1048 1929 con-

381 1943 521 1983 servare,
560 1943 583 1978 s1
613 1955 719 1989 quam
757 1944 908 1978 maxime
939 1943 1051 1979 sedata

380 2001 415 2026 et
431 1992 581 2038 depreffa
595 2004 678 2026 voce
696 1993 863 2039 principia
880 1992 1049 2028 dicemus.

381 2040 474 2075 Nam
505 2042 681 2076 laeduntur
710 2042 853 2082 arteriae,
890 2041 925 2082 fi,
957 2051 1051 2076 ante-

381 2101 488 2135 quam
525 2089 593 2124 leni
626 2102 714 2125 voce
749 2090 927 2137 permulsae
959 2090 1050 2132 sunt,

384 2139 450 2173 acri
469 2138 618 2174 clamore
636 2140 886 2187 compleantur.
932 2139 1048 2174 Etiam

384 2187 568 2222 intervallis
598 2187 813 2235 longioribus
844 2189 895 2223 uti
925 2200 1052 2224 conve-

384 2237 466 2270 niet.
517 2237 705 2272 Recreatur
721 2239 815 2272 enim
834 2249 902 2272 vox
919 2237 1051 2284 spiritu,

383 2294 418 2319 et
452 2285 583 2319 arteriae
613 2287 784 2322 reticendo
821 2287 1049 2342 acquiescunt.

384 2334 431 2369 Et
449 2333 654 2368 continuum
680 2335 868 2370 clamorem
899 2337 1050 2371 remitte-

385 2395 432 2424 re,
460 2392 493 2416 er
512 2382 552 2416 ad
572 2381 760 2418 sermonem
779 2384 928 2439 transire,
951 2396 1053 2432 opor-

386 2441 447 2472 tet,
473 2433 779 2474 (commutationes
797 2433 889 2467 enim
909 2433 1052 2475 faciunt,

385 2490 424 2514 ut
459 2480 555 2515 nullo
585 2491 712 2526 genere
746 2481 840 2517 vocis
874 2481 992 2526 effuso,
1019 2484 1054 2517 in

468 2576 610 2616 ΤοΜ.
644 2576 722 2617 ΙΧ.

1484 233 1562 273 111.
1692 234 1768 289 18'5

1097 328 1194 363 omni
1225 340 1310 364 voce
1329 328 1453 377 integri
1483 329 1604 373 fimus)
1630 338 1665 365 et
1688 342 1767 366 acu-

1099 387 1149 411 tas
1168 378 1261 412 vocis
1279 378 1545 414 exclamationes
1562 379 1680 415 vitare.
1717 381 1769 415 1c-

1100 436 1156 460 tus
1173 426 1266 461 enim
1297 427 1348 468 fit,
1375 438 1410 461 et
1429 428 1654 463 vulnerantur
1682 438 1767 464 arte-

1099 475 1159 510 riae
1194 485 1295 509 acuta
1325 486 1429 522 atque
1460 488 1635 512 attenuata
1665 478 1768 512 nimis

1099 524 1358 565 acclamatione,
1385 534 1420 559 et
1450 525 1472 559 si
1503 526 1580 572 quis
1612 525 1770 572 splendor

1099 573 1146 608 est
1165 576 1270 614 vocis,
1297 571 1510 608 consumitur
1530 586 1600 609 uno
1618 575 1768 610 clamore

1099 621 1285 657 universtms
1338 622 1386 656 Et
1415 634 1484 657 uno
1514 622 1628 669 spiritu
1655 624 1769 658 conti-

1100 682 1219 705 nenter
1255 671 1365 706 multa
1397 671 1510 706 dicere
1545 672 1578 706 in
1615 682 1770 708 extrema

1099 719 1260 754 convenit
1291 720 1456 756 oratione.
1508 721 1640 756 Fauces
1675 721 1768 756 enim

1098 769 1272 810 calefiunt,
1308 779 1344 804 et
1374 769 1506 804 arteriae
1535 769 1768 816 complentur,

1098 828 1134 852 et
1151 829 1232 860 vox,
1258 829 1338 865 quae
1365 820 1456 853 varie
1477 819 1617 854 traClata
1635 818 1694 861 est,
1721 831 1769 854 re-

1098 866 1237 901 ducitur
1256 867 1288 901 in
1307 867 1482 914 quendam
1509 867 1629 902 sonum
1648 879 1768 914 aequa-

1098 915 1205 949 bilem
1241 925 1345 962 atque
1380 917 1605 952 constantem.
1669 917 1769 964 Saepe

1097 976 1212 999 rerum
1233 975 1364 1000 naturae
1381 965 1491 1012 gratia
1514 965 1701 1013 qua-:dam
1688 977 1769 1012 Jure

1098 1014 1257 1056 debetur,
1284 1015 1377 1048 velut
1407 1015 1530 1049 accidit
1558 1016 1592 1050 in
1624 1015 1686 1049 hac
1719 1027 1767 1051 re.

1098 1063 1192 1097 Nam
1212 1075 1292 1109 quae
1309 1063 1461 1098 diximus
1480 1064 1522 1098 ad
1550 1075 1672 1099 vocem
1703 1064 1768 1098 ser-

1099 1112 1247 1146 vandam
1279 1113 1449 1158 prodeffe,
1471 1115 1592 1147 eadem
1621 1114 1770 1148 attinent

1100 1160 1142 1195 ad
1161 1160 1359 1195 suavitatem
1378 1162 1687 1208 pronuntiationis:
1717 1173 1768 1204 ut,

1100 1209 1197 1256 quod
1215 1209 1338 1244 nostrae
1356 1210 1432 1244 voci
1450 1211 1566 1257 profit,
1595 1211 1687 1245 idem
1708 1223 1768 1245 vo—

1097 1259 1230 1304 luptate
1251 1259 1415 1293 auditoris
1440 1259 1616 1306 probetur.
1668 1260 1769 1296 Utile

1097 1307 1144 1341 est
1171 1307 1213 1341 ad
1243 1307 1494 1343 firmitudinem
1525 1309 1632 1350 vocis,
1658 1309 1770 1344 sedata

1097 1367 1168 1390 vox
1186 1356 1219 1390 in
1239 1356 1418 1403 principio.
1458 1357 1557 1402 Quid
1583 1358 1771 1400 insuavius,

1099 1416 1206 1451 quam
1237 1404 1366 1440 clamor
1392 1407 1433 1441 in·
1457 1406 1600 1441 exordio
1629 1406 1767 1442 causae?

1098 1453 1280 1488 Intervalla
1299 1465 1422 1489 vocem
1450 1455 1682 1490 confirmant:
1711 1464 1768 1491 ea·-

1097 1503 1180 1537 dem
1208 1502 1387 1538 sententias
1415 1504 1652 1539 concinniores
1677 1505 1769 1540 divi-

1097 1551 1189 1587 fione
1207 1552 1368 1594 reddunt,
1396 1561 1431 1587 et
1457 1553 1602 1588 auditori
1620 1554 1768 1600 spatium

1098 1601 1274 1648 cogitandi
1308 1601 1520 1648 relinquunt.
1583 1603 1773 1639 Conservat

1099 1662 1220 1685 vocem
1240 1651 1396 1686 continui
1423 1651 1580 1686 clamoris
1611 1653 1768 1689 remiffio.

1099 1699 1146 1734 Et
1198 1699 1391 1734 auditorem
1440 1701 1581 1747 quidem
1625 1702 1769 1737 varietas

1102 1748 1252 1783 maxime
1285 1749 1453 1789 delestat3
1496 1761 1577 1784 cum
1612 1751 1769 1785 sermone

1099 1798 1254 1832 animum
1271 1795 1343 1843 ejus
1373 1799 1508 1839 retinet,
1534 1808 1594 1833 aut
1623 1799 1770 1834 exsusci-

1100 1856 1151 1881 tat
1191 1846 1351 1880 clamore.
1404 1847 1523 1881 Acuta
1563 1849 1769 1883 exclamatio

1099 1907 1222 1930 vocem
1241 1904 1278 1930 et
1301 1894 1418 1930 fauces
1437 1896 1614 1932 vulnerat:
1646 1898 1768 1933 eadem

1100 1944 1196 1979 laedit
1237 1945 1441 1979 auditorem.
1509 1945 1634 1981 Habet
1674 1948 1769 1982 enim

1101 1993 1266 2040 quiddam
1292 1993 1468 2035 illiberale,
1511 2004 1544 2029 et
1573 1996 1616 2030 ad
1647 1996 1771 2030 mulie-

1101 2043 1197 2077 brem
1212 2042 1334 2089 potius
1348 2042 1643 2086 vociferationem,
1660 2057 1771 2092 quam

1101 2091 1142 2126 ad
1161 2091 1294 2127 virilem
1316 2091 1537 2138 dignitatem,
1565 2093 1597 2127 in
1622 2094 1772 2129 dicendo

1101 2140 1416 2176 accommodatum.
1469 2141 1507 2176 ln
1526 2152 1680 2177 extrema
1696 2155 1772 2177 ora-

1101 2191 1202 2224 tione·
1225 2189 1405 2224 continens
1434 2201 1504 2224 vox
1539 2191 1689 2225 remedio
1722 2191 1771 2226 est

1102 2240 1190 2273 voci.
1243 2239 1371 2285 Quid?
1399 2238 1474 2273 haec
1505 2240 1625 2274 eadem
1657 2251 1772 2275 nonne

1102 2287 1259 2323 animum
1295 2287 1586 2323 vehementissime
1617 2287 1774 2325 calefacit

1104 2337 1281 2377 auditoris,
1327 2337 1359 2371 in
1410 2337 1515 2370 totius
1557 2337 1774 2374 conclufione

1103 2385 1235 2419 causae?
1252 2385 1431 2430 Quoniam
1451 2385 1556 2432 igitur
1570 2397 1622 2420 res
1640 2387 1774 2423 eaedem

1104 2434 1198 2468 vocis
1215 2434 1418 2468 firmitudini
1437 2444 1471 2468 et
1489 2436 1776 2481 pronuntiationis

1103 2481 1310 2519 suavitudini
1329 2481 1484 2530 prosunt,
1510 2484 1552 2518 de
1570 2494 1715 2532 utraque
1741 2498 1777 2521 re

1390 2580 1479 2618 Aa
