2335 3009
590 265 688 303 AD
747 231 1262 302 HEREN'NIUM
1319 261 1453 300 LIB.
1505 263 1561 301 11.

384 359 482 407 quod
510 368 702 394 extremum
729 359 862 394 die‘tum
890 359 950 401 est,
977 358 1053 393 satis

384 408 454 444 fuit
469 420 650 455 exponere,
671 421 712 442 ne
730 408 884 443 Ennium
900 418 936 443 et
952 417 1054 442 caete-

386 469 442 492 ros
460 466 577 503 poetas
608 456 794 499 imitemur,
824 456 954 504 quibus
988 457 1053 491 hoc

385 506 491 540 modo
509 505 607 551 loqui
625 505 818 540 concessum
838 505 898 547 est,

433 555 563 589 Utinam
576 564 612 588 ne
623 556 656 588 in
669 564 790 588 nemore
805 554 892 588 Pelio
901 553 1057 598 securibus

433 602 520 646 Caesa
548 602 690 650 cecidiffet
715 603 848 650 abiegna
871 602 916 636 ad
937 611 1056 637 terram

482 650 611 685 trabes.-
642 691 645 693 ‚
791 660 794 663 ·

433 700 528 736 Neve
549 699 620 734 inde
647 702 740 735 navis
765 699 945 735 inchoandae
969 711 1058 734 exor-

482 747 567 782 dium

434 795 580 843 Coepiffet,
606 809 675 844 quae
691 809 771 833 nunc
797 799 979 832 nominatur
1005 808 1058 831 no-

484 857 562 880 mine

435 894 537 940 Argo,
555 905 615 942 qua
636 896 718 929 veffli
732 893 851 940 Argivi
864 894 969 929 deleHi
980 895 1057 935 viri,

436 943 594 978 Petebant
622 943 709 979 illam
733 944 842 989 pellem
873 946 1058 978 inauratam

486 994 610 1035 arietis,

437 1040 591 1083 Cholchis,
621 1043 748 1087 imperio
775 1043 857 1088 regis
890 1040 989 1076 Peliae
1000 1049 1060 1086 per

485 1089 587 1124 dolum
603 1102 614 1124 .·

437 1137 529 1173 Nam
556 1150 712 1185 nunquam
737 1137 814 1172 hera
841 1149 952 1172 errans
981 1149 1060 1180 mea,

487 1187 573 1222 domo
590 1187 715 1233 efferret
726 1186 833 1234 pedem

439 1235 570 1277 Medea,
596 1238 699 1270 animo
725 1247 824 1282 aegra,
850 1247 955 1270 amore
972 1235 1062 1282 saevo

479 1286 604 1330 samia.

390 1333 486 1369 Nam
521 1333 575 1368 hic
606 1332 681 1367 satis
712 1341 783 1367 erat
812 1332 923 1366 dicere
954 1331 995 1377 (fi
1028 1331 1062 1365 id

391 1381 510 1422 modo,
546 1381 643 1429 quod
671 1381 756 1416 ‘effet
789 1380 878 1423 satis,
921 1380 1064 1415 curasset

391 1430 509 1479 poeta)

440 1480 571 1515 Utinam
593 1489 631 1512 ne
647 1478 726 1513 hera
742 1489 852 1513 errans
873 1489 953 1520 mea,
979 1476 1065 1512 domo

491 1527 614 1573 efferret
626 1527 733 1572 pedem

441 1576 571 1611 Medea.

391 1625 490 1672 Ergo
503 1624 565 1660 hac
583 1636 724 1671 quoque
742 1625 785 1659 ab
803 1623 928 1658 ultimo
943 1621 1064 1670 repeti-

392 1674 486 1709 tione
509 1674 542 1708 in
562 1673 836 1720 expofitionibus
859 1683 1066 1719 magnopere

393 1722 678 1769 fiapersedendum
703 1723 760 1758 est.
787 1723 871 1757 Non
895 1721 986 1755 enim
1016 1732 1065 1755 re-

392 1771 624 1819 prehensione,
654 1771 739 1806 sicut
758 1771 834 1805 aliae
855 1770 1065 1817 complures,

394 1820 449 1855 sed
467 1819 524 1854 sua
541 1820 671 1867 sponte,
698 1819 818 1854 vitiosa
834 1819 891 1854 est.

443 1869 584 1903 XXIII.
612 1868 743 1903 Vitiosa
772 1868 858 1903 ratio
886 1867 946 1910 est,
983 1878 1065 1914 quae

395 1918 438 1952 ad
455 1917 701 1965 expositionem
719 1929 787 1951 non
799 1916 847 1951 est
865 1916 1067 1951 accomoda-

395 1977 442 2008 ta,
470 1967 523 2001 vel
558 1976 698 2014 propter
738 1965 984 2005 infirmitatem,
1013 1963 1068 1998 vel

396 2025 538 2062 propter
570 2015 766 2049 vanitatem.
808 2014 949 2050 Infirma
982 2012 1071 2048 ratio

395 2064 455 2105 est,
474 2075 556 2111 quae
574 2075 643 2099 non
662 2063 841 2098 necessario
858 2062 1005 2097 ostendit
1023 2061 1070 2096 ita

396 2112 472 2153 effe,
522 2112 819 2159 quemadmodum
868 2111 1065 2158 expositum

396 2160 464 2196 est:
493 2161 589 2195 velut
601 2161 694 2208 apud
713 2161 892 2203 Plautum,

447 2210 599 2248 Amicum
611 2209 762 2256 castigare
782 2211 818 2245 ob
833 2211 979 2245 meritam
991 2219 1067 2243 nox-

496 2269 573 2300 tam,

451 2305 591 2341 Immune
632 2307 671 2344 el}
699 2307 851 2351 facinus.-

498 2362 593 2389 atate
607 2355 697 2398 utile,

450 2403 497 2437 Et
514 2402 708 2439 conducibile.

402 2452 496 2487 Haec
545 2451 714 2500 expositio
753 2451 813 2489 est'.
867 2452 1072 2496 Videamus,

401 2512 485 2549 quae
501 2501 587 2537 ratio
597 2501 778 2537 afferatur:

898 2317 1008 2342 verum
1035 2307 1071 2342 in

1699 275 1769 315 171

1250 357 1340 392 Nam
1357 370 1409 404 ego
1425 359 1559 392 amicum
1575 356 1662 392 hodie
1678 369 1776 392 meum

1153 406 1370 452 Concastigabo
1381 415 1444 451 pro
1468 409 1643 441 commerita
1669 408 1773 440 noxia.

1104 454 1161 490 Ex
1177 466 1232 497 eo,
1250 455 1347 502 quod
1365 454 1433 502 ipse
1456 454 1610 490 fac'turus
1627 455 1687 497 est,
1707 466 1776 489 non

1104 513 1147 538 ex
1173 515 1225 543 eo,
1253 504 1348 551 quod
1384 503 1456 537 fieri
1486 504 1660 545 convenit,
1692 503 1777 538 utile

1106 551 1193 598 quid
1219 552 1271 594 sit,
1299 551 1530 586 ratiocinatur.
1575 553 1673 586 Vana
1691 552 1777 586 ratio

1105 600 1165 642 est,
1181 612 1263 647 quae
1280 612 1323 635 ex
1340 599 1423 635 falsa
1440 600 1538 635 causa
1555 601 1696 640 constat,
1711 601 1777 635 hoc

1108 649 1231 684 modo:
1276 650 1374 684 Amor
1411 648 1579 695 fugiendus
1622 661 1682 683 non
1725 649 1776 692 est.

1108 697 1200 733 Nam
1219 709 1255 732 ex
1264 709 1296 732 eo
1313 697 1463 742 veriffima
1476 698 1614 743 nascitur
1626 699 1775 732 amicitia.

1108 748 1187 781 Aut
1204 746 1270 782 hoc
1287 746 1394 781 modo
1412 762 1422 787 3
1450 746 1648 793 Philosophia
1670 747 1781 780 vitan-

1107 794 1150 829 da
1179 796 1230 838 est.
1257 795 1368 841 Affert
1395 797 1475 829 enim
1489 795 1659 841 secordiam
1688 803 1780 842 atque

1107 843 1262 888 desidiam.
1302 844 1394 878 Nam
1407 844 1461 878 hae
1475 843 1620 878 rationes
1638 843 1697 878 nisi
1716 843 1780 878 fal-

1109 893 1152 927 sae
1174 893 1290 934 essent,
1316 892 1543 939 expositiones
1567 903 1710 938 quoque
1726 903 1780 926 ea-

1106 954 1186 976 rum
1204 953 1300 976 veras
1317 942 1382 975 effe
1399 941 1651 975 confiteremur.
1696 941 1782 976 Item

1109 991 1245 1026 infirma
1257 991 1343 1024 ratio
1359 990 1420 1030 est,
1439 1002 1534 1036 quae,
1552 1001 1620 1024 non
1640 989 1782 1024 necess‘a-

1109 1041 1194 1076 riam
1229 1039 1363 1073 causam
1400 1038 1498 1074 affert
1531 1038 1752 1086 expositionis
1772 1052 1780 1073 :

1111 1089 1209 1124 velut
1226 1087 1414 1129 Pacuvius,

1159 1139 1334 1173 Fortunam
1351 1138 1492 1181 insanam
1513 1135 1565 1182 effi
1581 1142 1612 1170 et
1630 1147 1738 1170 caecam
1755 1141 1785 1170 et

1209 1185 1334 1219 brutam
1343 1184 1510 1230 perhibent
1528 1184 1716 1231 Philosophi,

1161 1236 1297 1280 Saxaque
1321 1233 1410 1267 illam
1434 1234 1548 1277 instare
1560 1232 1682 1280 globofh
1697 1242 1786 1279 prae·

1210 1282 1317 1316 dicant
1335 1282 1501 1316 volubilem
1516 1295 1527 1315 .·

1161 1330 1245 1372 Ideo,
1273 1343 1330 1377 quo
1339 1331 1454 1375 saxum
1471 1330 1626 1375 impulerit
1636 1330 1720 1372 sors,
1735 1340 1785 1365 ca-

1211 1379 1280 1413 dere
1295 1390 1327 1413 eo
1335 1378 1504 1424 fortunam
1521 1386 1699 1414 autumant.

1163 1429 1284 1463 Caecam
1297 1428 1332 1462 ob
1344 1439 1410 1462 eam
1420 1439 1484 1461 rem
1496 1426 1547 1474 effi
1559 1429 1691 1469 iterant,
1713 1430 1787 1475 quia

1213 1476 1298 1511 nihil
1311 1483 1429 1518 cernat,
1455 1489 1511 1523 quo
1518 1476 1582 1521 sese
1598 1479 1746 1522 applicet.

1166 1525 1312 1571 Insanum
1335 1533 1438 1559 autem
1456 1527 1558 1567 aiunt,
1584 1527 1657 1572 quia
1681 1534 1788 1568 atrox,

1212 1577 1346 1617 incerta,
1372 1573 1577 1621 instabilisque
1577 1575 1637 1618 fit.

1164 1625 1314 1665 Brutum,
1339 1625 1412 1670 quia
1429 1624 1556 1669 dignum
1578 1631 1671 1669 atque
1686 1621 1788 1670 indig-

1214 1684 1286 1707 num
1303 1680 1434 1719 nequeat
1450 1672 1662 1718 internoscere.

1164 1724 1240 1757 Sunt
1257 1728 1358 1755 autem
1371 1720 1430 1755 alii
1443 1720 1633 1766 Philosophi,
1651 1721 1706 1767 qui
1717 1732 1787 1755 con-

1215 1779 1269 1803 tra
1277 1769 1446 1814 fortunam
1463 1778 1578 1815 negant

1166 1818 1234 1866 Effe
1265 1817 1371 1859 ullam,
1388 1816 1448 1863 sed
1474 1820 1650 1853 temeritate
1686 1819 1789 1853 omnia

1214 1868 1290 1912 regi.
1332 1866 1372 1902 Id
1385 1867 1485 1912 magis

1168 1914 1339 1959 Verisimile
1359 1918 1474 1957 aiunt,
1499 1913 1580 1962 quod
1593 1914 1663 1962 usus
1687 1915 1790 1961 reapse

1134 2001 1138 2005 ,
1215 1963 1403 2010 experiundo
1419 1963 1530 2000 edocet.

1166 2013 1261 2048 Velut
1278 2013 1399 2057 Orestes
1416 2011 1501 2047 modo
1508 2012 1580 2058 fuit
1597 2012 1680 2054 Rex,
1707 2011 1791 2047 modo

1216 2060 1371 2097 mendicus
1379 2061 1491 2107 fabius
1507 2061 1548 2104 est
1562 2074 1573 2094 :

1163 2110 1352 2157 Naufragio
1368 2122 1417 2145 res
1433 2112 1560 2156 contigit
1574 2123 1581 2145 :
1602 2119 1704 2156 nempe
1718 2121 1789 2156 ergo

1212 2159 1298 2194 haud
1307 2160 1440 2203 fortuna
1458 2159 1579 2204 obtigit.

1117 2208 1214 2244 Nam
1239 2208 1293 2243 hic
1311 2207 1486 2243 Pacuvius
1506 2207 1640 2242 infirma
1660 2206 1790 2241 ratione

1118 2257 1242 2300 utitur,
1267 2269 1349 2292 cum
1368 2256 1427 2298 ait,
1446 2255 1559 2290 verius
1574 2255 1638 2289 effe
1655 2255 1790 2289 temeri—

1120 2315 1201 2347 tate,
1219 2318 1327 2354 quam
1344 2304 1496 2346 fortuna,
1516 2315 1566 2338 res
1585 2304 1668 2350 regi.
1694 2303 1791 2338 Nam

1121 2364 1271 2402 utraque
1308 2353 1470 2401 opinione
1504 2350 1792 2400 philosophorum

1121 2403 1194 2439 fieri
1211 2403 1340 2450 potuit,
1367 2411 1407 2436 ut
1436 2401 1476 2443 is,
1502 2400 1565 2448 qui
1588 2411 1647 2435 rex
1663 2399 1791 2444 fuiffet,

1122 2451 1300 2488 mendicus
1320 2449 1431 2485 faetus
1447 2449 1537 2485 effet.

1171 2500 1308 2537 XXIV.
1335 2499 1423 2535 ltem
1452 2498 1588 2534 infirma
1616 2497 1704 2534 ratio
1730 2496 1791 2541 est,

1398 2599 1491 2640 Y2
