2241 2994
658 225 934 268 VARIAE
1017 227 1582 272 LE'CTIONES.

378 329 438 390 ἷξε
463 341 501 398 ιῇ
521 360 605 391 rebus
617 360 647 397 ψ
657 362 757 399 legibus

463 410 473 429 1
483 410 499 439 7
520 401 561 431 ita
576 402 606 430 G
620 405 682 430 irem

460 450 500 510 Ξέ
519 441 633 520 ἷιξάεἰὶὲειέ
643 442 675 515 g
681 481 752 509 iudet

460 529 498 556 27
519 521 584 549 Nec
598 520 625 556 ψ
640 520 710 548 Nam

459 561 497 588 28
517 560 625 589 artibus
642 561 665 589 R
680 561 707 595 ψ
720 561 797 588 rebus

461 608 502 637 34
521 598 945 637 QuodfiAGLRslaEtfi

457 653 500 662 —·
519 640 635 679 ingenio
650 635 677 669 A
693 642 794 677 ingenio
800 640 852 676 suo

458 694 500 701 —
521 681 612 709 nostra
626 680 814 719 praeeeprione
829 681 858 709 G
873 680 954 716 nostri

459 720 497 758 38
521 720 608 749 Nunc
690 721 840 759 loquemur
855 720 882 747 R
894 721 920 747 d.

458 769 498 796 42
519 760 651 799 infignite
666 760 695 789 G
709 761 733 788 L
749 761 775 788 R
791 760 929 797 inſsgm'ter

458 808 496 837 45
518 800 651 838 amplecti
667 800 697 828 G
713 800 740 827 R
755 801 884 838 completii

480 838 499 867 6
519 848 608 877 genus
624 840 649 867 A
661 849 743 877 genus
756 840 792 875 est

478 888 496 916 7
519 879 613 908 leones
629 879 654 908 A
669 880 747 908 leonis

463 927 499 946 ro
521 919 676 955 cujusmodi
691 921 716 955 ψ
731 920 852 958 cjuſsnodi

463 967 498 986 12
519 959 588 988 locis
603 960 628 988 R
643 961 734 997 quibus
748 961 806 988 locis

458 1012 500 1020 —
519 1000 686 1028 constituere
702 1002 728 1028 A
744 1000 774 1028 G
788 1001 919 1028 nmine-re

462 1037 498 1067 16
520 1039 656 1068 dictatum
672 1040 700 1068 G
718 1041 742 1068 L
757 1040 782 1068 R
797 1041 892 1067 a'iaeum

458 1092 500 1101 —
520 1087 548 1108 et
562 1079 679 1108 recitare
694 1080 772 1118 quod
788 1079 955 1117 scripserunt
974 1078 998 1107 A
1013 1078 1038 1107 d.

464 1127 498 1155 17
519 1122 656 1157 pauperati
673 1121 698 1148 A
714 1120 739 1148 L
755 1121 780 1148 R
790 1121 816 1155 ψ
827 1120 952 1147 inmodica

463 1160 498 1187 r8
519 1169 583 1197 quae
598 1161 624 1188 A
641 1159 704 1197 quod
715 1160 745 1188 G
762 1160 786 1187 L
801 1169 831 1188 ea
848 1169 908 1197 quae

458 1213 500 1267 —6
519 1200 670 1274 aud-ierAEut
683 1200 713 1247 G
727 1200 873 1228 didicerunt

460 1248 478 1267 2
521 1247 552 1268 ut
567 1250 594 1268 m
653 1246 693 1268 un

460 1280 499 1308 28
520 1280 660 1308 collocare
675 1281 700 1308 A
717 1279 747 1308 G
761 1286 907 1318 comparare

459 1327 497 1358 29
517 1319 621 1349 habere
637 1320 666 1349 G
679 1321 774 1348 haben·

460 1367 494 1396 3¹
520 1370 578 1398 quo
593 1361 681 1389 secius
695 1361 723 1388 A
736 1360 764 1389 d.

460 1407 498 1436 32
521 1399 585 1429 loco
601 1402 628 1429 A
643 1401 672 1428 id
683 1401 732 1429 laco

457 1454 502 1462 -—
522 1449 539 1468 a
553 1440 578 1468 A
595 1441 622 1470 d.

462 1490 498 1518 33
521 1481 558 1508 ab
573 1480 603 1509 G
617 1480 643 1509 d.

459 1535 500 1543 —
520 1520 566 1548 vel
580 1530 596 1548 a
610 1520 704 1549 media
718 1520 748 1549 G
763 1520 862 1557 letd.

461 1569 501 1598 34
522 1560 599 1598 sequi
614 1561 642 1589 G
649 1562 792 1598 sequamur

458 1615 500 1622 -—
521 1608 552 1629 ut
567 1600 594 1635 ψ
607 1601 633 1629 α’.

463 1650 498 1679 35
520 1640 604 1669 edere
617 1641 642 1669 L
658 1640 684 1668 R
699 1641 791 1669 cudere

458 1696 500 1703 -—
520 1688 549 1709 et
564 1681 690 1718 proferre
705 1681 731 1709 A
743 1682 770 1710 d.

463 1730 501 1758 37
524 1728 554 1749 ut
566 1721 592 1749 A
606 1721 634 1749 d.

459 1775 501 1782 —
520 1760 550 1789 in
563 1761 591 1789 G
605 1761 631 1789 d.

462 1802 500 1838 38
521 1801 682 1838 complures
699 1801 726 1828 A
741 1800 770 1829 G
788 1799 812 1828 L
828 1798 855 1836 ψ
867 1800 1030 1837 quamplura

461 1849 502 1878 40
521 1841 558 1869 ab
573 1841 602 1869 G
617 1841 644 1868 d.

461 1890 499 1917 42
520 1880 550 1908 in
569 1883 593 1910 A
609 1881 633 1907 d.

460 1929 499 1957 43
521 1921 633 1949 eveniet
650 1921 675 1949 A
690 1921 777 1948 veniet

468 1975 509 1982 —-
529 1960 688 1999 quamlibet
703 1960 728 1988 L
741 1969 818 1997 quam
831 1960 923 1989 libebit

460 2009 500 2037 44
521 2009 611 2039 quoto
621 2010 737 2038 quoqne
751 2001 776 2028 A
789 2010 881 2038 quoque
894 2001 919 2028 R
935 2005 961 2028 et
973 2005 1097 2038 qumque

459 2055 500 2062 —
521 2041 624 2070 libebit
639 2041 668 2069 G
683 2042 772 2069 licebit

384 2080 441 2119 189
482 2090 498 2119 3
520 2081 745 2119 assumpserimus
775 2081 799 2108 L
826 2080 851 2108 R
873 2081 1041 2118 sumfirimus
1069 2081 1095 2115 ψ

560 2121 702 2158 sumpseris

482 2170 501 2197 4
521 2161 717 2190 commeditari
730 2162 756 2189 A
768 2161 794 2195 ψ
809 2162 944 2189 comoditer
959 2167 1050 2189 notare
1064 2160 1094 2189 G

567 2202 702 2229 comoditer
713 2211 790 2238 quam
809 2210 896 2229 notare
919 2201 945 2230 R
967 2201 1097 2230 commedi-

571 2244 628 2269 tari
641 2248 668 2269 tt
682 2249 774 2269 notare

483 2291 503 2350 ἓ
522 2289 666 2349 pergem}
674 2282 699 2309 A
715 2283 744 2309 in
754 2288 875 2348 pterpetuo

483 2370 500 2399 7
523 2329 654 2389 dpglerlittur
669 2321 834 2389 A‘sszntar

462 2415 504 2424 —
523 2400 828 2436 illisAGLRslaed.

467 2449 499 2469 11
525 2441 618 2468 locum
635 2442 662 2469 A
678 2439 708 2468 G
723 2440 788 2470 Ld.

464 2489 479 2511 ι
488 2489 498 2509 ι
522 2480 616 2510 notari
629 2481 658 2511 A
668 2486 758 2509 uacare

1146 331 1178 360 p.

1150 371 1160 390 ι
1169 363 1206 401 89

1153 2208 1210 2240 ¹90

1231 371 1264 401 13
1287 369 1315 391 et
1331 361 1349 391 li
1366 363 1392 392 A
1407 362 1432 392 L
1445 364 1470 392 d.
1495 362 1524 392 G
1532 363 1561 400 fi

1231 411 1241 430 1
1249 411 1264 440 ς
1288 403 1411 432 Decimo
1425 405 1450 432 A
1468 406 1608 434 Decimum

1230 442 1266 470 16
1287 442 1341 472 erit
1356 443 1381 472 A
1396 443 1419 472 L
1433 443 1460 481 ψ
1474 446 1526 472 erit
1539 445 1654 483 deinceps

1230 491 1266 519 ¹9
1287 482 1317 511 in
1333 483 1358 510 A
1371 486 1396 512 d.

1229 530 1264 558 ²3
1287 521 1411 561 integras
1428 523 1454 551 A
1471 524 1496 559 ψ
1509 526 1615 562 integra
1629 527 1664 554 vi

1227 569 1266 597 24
1287 561 1422 591 Praeterea
1437 564 1466 592 G
1481 565 1507 592 R
1522 566 1665 602 Propterea

1229 609 1264 638 25
1287 601 1428 630 diffimiles
1444 604 1469 631 R
1484 604 1596 640 diffimili

1229 640 1267 668 26
1287 640 1413 670 distinete
1428 643 1454 670 A
1469 643 1498 671 G
1512 644 1537 678 ψ
1550 644 1662 680 dzstimi

1231 688 1267 717 27
1289 679 1354 718 quis
1370 682 1397 709 A
1413 684 1459 719 qui

1230 728 1268 758 29
1288 720 1415 749 locorum
1433 723 1458 749 A
1474 722 1500 750 d.

1232 768 1265 797 13
1290 767 1321 789 ut
1338 760 1460 788 Aitaut
1479 761 1580 790 LRee

1226 812 1268 822 —
1288 799 1401 838 ignoret
1416 802 1445 830 G
1461 801 1486 829 L
1500 802 1527 830 R
1542 802 1676 838 ignorabit

1227 853 1266 862 —·
1288 840 1358 878 quid
1373 841 1399 869 A
1415 841 1481 879 quod

1227 894 1269 902 —
1289 889 1404 918 quoque
1419 881 1448 909 in
1466 881 1489 909 L
1505 882 1530 909 R
1547 883 1576 909 in
1589 891 1685 919 quoquo

1231 929 1245 956 3
1255 928 1264 946 ι
1289 920 1438 950 collocarit
1453 922 1477 949 R
1493 921 1623 949 collocavit

1227 974 1269 981 -—
1289 959 1326 988 Et
1343 961 1368 988 A
1386 961 1454 988 Nam

1229 1008 1266 1037 37
1288 999 1373 1028 nimis
1390 1001 1414 1027 A
1431 1000 1460 1029 G
1476 1003 1560 1029 minus

1230 1048 1268 1077 39
1290 1040 1388 1068 haberi
1406 1042 1430 1068 Α
1446 1041 1542 1069 babere

1229 1088 1268 1116 42
1290 1080 1342 1107 effe
1358 1081 1451 1117 placet
1465 1081 1491 1115 ψ
1504 1081 1593 1108 debent
1608 1080 1656 1118 ff

1229 1127 1268 1156 44
1291 1119 1331 1148 ita
1348 1121 1370 1148 A
1389 1121 1412 1148 L
1427 1123 1488 1148 ilem

1229 1168 1267 1197 45
1290 1161 1442 1189 removeris
1458 1162 1483 1189 A
1499 1162 1608 1188 moveris
1623 1161 1652 1190 G
1666 1165 1791 1191 amoveris

1246 1209 1265 1235 4
1285 1200 1367 1237 plura
1376 1201 1401 1234 ψ
1413 1201 1492 1238 plura
1505 1201 1666 1237 hisscilicee,
1679 1211 1738 1239 quae
1748 1203 1863 1232 diximus

1228 1253 1270 1261 —-
1289 1240 1479 1277 exploraverit
1495 1241 1524 1269 G
1538 1242 1561 1269 L
1575 1244 1678 1270 amerit

1226 1293 1268 1302 --
1287 1281 1417 1316 quamvis
1434 1282 1459 1309 A
1477 1281 1501 1315 ψ
1516 1288 1540 1308 ct
1554 1283 1673 1318 quamvis

1252 1329 1267 1357 ς
1291 1320 1367 1348 locos
1381 1321 1409 1348 G
1425 1323 1460 1347 ad
1471 1321 1528 1357 tstos
1543 1322 1604 1348 lotot

1230 1374 1270 1381 —
1291 1368 1454 1397 comparare
1471 1362 1496 1388 A
1514 1362 1681 1397 comparavit

1249 1399 1267 1426 6
1288 1399 1323 1427 ad
1339 1400 1387 1428 ista
1402 1401 1427 1428 A
1442 1401 1474 1428 ab
1488 1401 1536 1436 ista
1552 1402 1581 1430 G
1595 1402 1620 1430 d.

1229 1454 1270 1461 —
1290 1439 1353 1468 satis
1367 1441 1393 1475 ψ
1406 1442 1432 1469 d.

1251 1489 1268 1515 7
1290 1481 1404 1517 putabit
1419 1482 1444 1508 A
1457 1484 1566 1519 putavit
1581 1483 1610 1511 G
1622 1484 1764 1519 putaverit

1253 1520 1268 1547 8
1290 1521 1440 1549 constituat
1455 1521 1484 1550 G
1501 1522 1632 1558 constituit

1229 1574 1270 1581 —
1289 1569 1375 1597 quarn
1391 1562 1418 1588 A
1434 1563 1482 1598 usu

1233 1607 1263 1627 11
1289 1599 1437 1628 arbitrium
1455 1601 1483 1630 G
1500 1601 1524 1629 L
1538 1602 1563 1636 ψ
1578 1600 1725 1630 commodum
1746 1608 1772 1631 ct
1789 1604 1865 1632 arbi-

1339 1647 1422 1667 mum

1233 1687 1244 1707 ι
1254 1688 1268 1707 2
1290 1678 1424 1708 fabricari
1438 1680 1464 1714 ψ
1470 1680 1611 1716 fabricare

1234 1728 1270 1755 19
1291 1719 1399 1747 ἀίξὶωῃ
1415 1721 1441 1748 Α
1455 1721 1482 1748 d.

1232 1768 1269 1787 22
1291 1766 1320 1787 et
1335 1760 1360 1787 A
1376 1760 1402 1788 d.

1233 1808 1268 1837 23
1291 1806 1371 1827 notas
1388 1799 1412 1827 L
1428 1800 1522 1835 nosmet
1537 1806 1608 1828 notas

1232 1849 1270 1875 24
1289 1838 1420 1876 duplices
1435 1841 1460 1868 A
1477 1840 1505 1868 G
1522 1840 1546 1867 L
1564 1840 1587 1867 R
1604 1841 1629 1874 ψ
1641 1840 1752 1877 duplice:
1766 1844 1854 1879 igitur

1231 1887 1269 1915 29
1291 1878 1450 1908 Verborum
1466 1882 1487 1908 A
1505 1881 1644 1908 Verborum
1656 1889 1741 1908 au‘ern

1232 1928 1269 1956 30
1289 1919 1496 1948 constituuntur
1511 1921 1535 1948 R
1551 1923 1738 1957 exprimas-:mr

1232 1968 1272 1997 34
1291 1961 1563 1996 comprehendemus
1579 1962 1605 1989 A
1621 1961 1648 1989 G
1665 1962 1690 1989 L
1704 1961 1729 1997 ψ
1751 1970 1863 2000 compre-

1338 1999 1470 2028 bendimus

1232 2048 1268 2076 37
1291 2038 1394 2067 factum
1413 2042 1438 2068 A
1454 2040 1612 2076 issi-fufium

1230 2088 1270 2116 40
1290 2078 1323 2107 fit
1341 2081 1364 2107 A
1383 2080 1411 2107 G
1428 2081 1462 2116 egli

1230 2129 1268 2156 42
1289 2120 1532 2148 conformabimus
1555 2121 1580 2147 A
1597 2119 1625 2146 G
1645 2119 1666 2147 L
1683 2119 1707 2147 R
1730 2120 1863 2157 ccnfirms-

1336 2161 1418 2187 bimus

1255 2209 1264 2227 ι
1290 2200 1487 2237 agnoverimus
1505 2200 1528 2226 A
1546 2202 1735 2233 agnas-crimus

1251 2249 1270 2277 4
1291 2239 1472 2268 adstituernus
1488 2239 1667 2274 (ἔμπης-κη]
1683 2239 1707 2265 R
1729 2241 1870 2276 catgflilut->

1337 2289 1391 2306 mus

1250 2319 1268 2347 6
1291 2319 1400 2347 medico
1414 2319 1440 2353 ψ
1453 2319 1574 2346 malicum

1251 2368 1269 2395 7
1292 2367 1433 2387 tenentem
1451 2361 1472 2385 A
1491 2358 1519 2386 G
1535 2365 1635 2385 zemm-

1251 2401 1268 2427 8
1291 2399 1383 2427 necati
1399 2399 1561 2426 memoriam
1575 2395 1600 2430 ψ
1613 2406 1730 2426 necatum
1743 2402 1862 2427 memoria

1232 2448 1268 2468 22
1291 2439 1496 2467 domuinonem
1515 2440 1536 2465 Α
1553 2441 1617 2466 Auni
1631 2439 1729 2468 alaone
1747 2440 1775 2469 G
1792 2441 1816 2469 L
1834 2441 1859 2468 R

1337 2479 1364 2513 ψ
1375 2479 1441 2507 domi
1456 2479 1575 2507 ultim-m
