2241 2994
574 272 1428 315 PHILOSOPHORUM.

307 376 347 402 ut
371 377 470 401 nemo
494 365 635 400 illorum
657 374 830 412 praecepta
852 377 894 400 ex
919 365 971 413 ip-

306 415 420 451 sorum
434 415 530 449 libris
547 413 742 460 cognoscat,
769 413 822 448 sed
840 425 971 455 omnes,

305 465 380 511 qui,
415 463 512 510 quod
546 462 596 496 illi
625 460 838 508 praecipiant,
865 462 973 496 velint

305 511 506 558 intelligere,
521 510 564 544 ad
577 510 682 551 hunc,
697 510 792 557 quasi
807 510 848 545 ad
863 522 971 557 quen-

304 561 386 595 dam
404 560 517 594 multo
532 559 802 594 commodiorem
821 558 971 605 explica-

304 618 427 651 torem,
447 617 669 642 revertantur.
711 606 831 654 Hujus
849 619 922 642 mos
938 607 971 642 in

305 657 463 692 docendo
479 655 560 699 fuit,
586 665 626 691 ut
638 655 875 697 adolescentes,
903 668 970 691 non

305 706 349 740 ad
368 705 657 752 Philosophorum
677 717 806 740 morem
829 705 976 739 tenuiter

305 754 497 795 differendi,
528 753 581 788 sed
609 754 651 787 ad
679 753 815 800 copiam
841 753 973 788 Rheto-

306 815 397 845 rum,
425 803 459 837 in
483 811 666 848 utramque
686 811 829 848 partem,
859 811 897 835 ut
918 814 973 836 or-

306 852 419 887 natius
441 861 476 886 et
492 850 632 885 uberius
647 849 714 891 dici
734 850 852 897 posset,
879 862 973 884 exer·

306 910 406 936 ceret.
447 899 624 946 Idemque,
657 898 744 933 utin
761 899 855 933 omni
875 898 972 933 causa

305 948 391 984 duas
401 947 584 984 contrarias
597 948 741 982 rationes
751 947 972 995 explicarent,

305 996 384 1033 locos
397 998 459 1044 (fic
471 996 562 1031 enim
577 997 743 1044 appellat)
757 996 851 1038 quasi
870 1009 972 1042 argu-

307 1057 503 1081 mentorum
542 1056 651 1085 notas,
694 1045 845 1086 tradidit,
883 1045 973 1079 unde

305 1095 419 1129 omnis
442 1093 705 1141 argumentatiO,
731 1104 766 1128 et
789 1094 832 1127 ad
857 1094 972 1128 Philo·

306 1143 494 1191 sophorum
534 1141 812 1190 disputationem,
854 1152 888 1176 et
932 1142 975 1177 ad

307 1191 407 1234 hanc,
434 1203 505 1239 qua
531 1191 565 1226 in
583 1191 691 1226 causis
710 1191 853 1231 utimur,
881 1190 974 1225 inve-

306 1241 446 1276 niretur.
491 1241 578 1288 Qio
596 1239 726 1274 faetum
749 1240 808 1282 est,
836 1250 874 1274 ut
893 1240 974 1274 Phi-

306 1289 438 1337 lippus,
467 1291 544 1324 Rex
575 1288 845 1336 sapientiffimus,
870 1289 972 1323 ‘hunc

307 1339 380 1374 filio
395 1338 454 1373 suo
468 1338 666 1373 Alexandro
677 1337 852 1372 doctorem
868 1337 974 1371 accie-

307 1387 364 1429 rit,
391 1399 409 1421 a
426 1399 499 1434 quo
516 1386 636 1420 eodem
655 1386 710 1420 ille
727 1396 761 1420 et
779 1386 900 1433 agendi
920 1397 974 1420 ac-

306 1436 433 1483 ciperet
442 1447 628 1483 praecepta,
639 1444 672 1468 et
682 1434 858 1482 loquendi.
882 1435 974 1468 Cum

306 1497 390 1519 vero
425 1483 684 1531 argumentandi
719 1496 839 1530 genus,
879 1483 976 1529 quod

307 1546 368 1581 per
384 1532 678 1569 ratiocinationem
687 1532 875 1580 expolitur,
887 1532 976 1566 sum-

309 1595 365 1618 me
379 1583 422 1617 ab
435 1593 476 1617 eo
489 1582 567 1616 effet
581 1580 849 1628 frequentatum,
864 1580 977 1628 postea

308 1631 429 1673 Stoici,
470 1630 532 1678 qui
576 1629 757 1664 Dialeffici
799 1630 976 1671 dicuntur,

307 1679 491 1727 spinosiora
509 1679 618 1714 multa
635 1688 850 1726 pepererunt.
878 1679 976 1713 Cice-

309 1729 401 1764 ronis
423 1727 639 1775 temporibus
659 1729 703 1762 ab
728 1727 805 1774 ipsis
827 1727 976 1775 philoso-

306 1778 398 1825 phis,
441 1786 567 1824 praeter
600 1776 790 1811 admodum
833 1787 975 1823 paucos,

309 1826 542 1874 ignorabatur.
594 1826 697 1873 Qos
713 1825 745 1859 in
760 1825 907 1872 Topicis
927 1836 975 1859 re-

308 1875 489 1923 prehendit
504 1874 638 1914 Cicero,
664 1874 760 1920 quod
780 1885 847 1908 non
871 1873 976 1907 modo

309 1924 412 1959 rebus
434 1923 486 1966 iis,
512 1935 593 1970 quae
611 1923 654 1956 ab
677 1923 737 1956 illo
754 1922 856 1956 dietae
874 1932 907 1956 et
926 1922 976 1955 in-

306 1983 422 2008 ventae
448 1972 537 2015 sunt,
565 1971 654 2006 allici
675 1971 894 2011 debuerunt3
923 1970 977 2004 sed

309 2021 448 2056 dicendi
463 2033 605 2068 quoque
620 2019 810 2054 incredibili
825 2020 976 2065 quadam

310 2081 390 2105 cum
421 2070 533 2117 copia,
565 2079 641 2104 tum
668 2069 770 2103 etiam
800 2068 974 2102 suavitate.

312 2117 432 2165 Hujus
459 2119 536 2153 sunt
562 2119 697 2153 decreta
715 2118 789 2153 haec
815 2127 930 2152 notata
957 2127 977 2150 a

311 2167 498 2202 Cicerone:

359 2216 454 2251 Deos
476 2215 539 2250 effe
557 2214 660 2262 hujus
682 2215 803 2250 mundi
822 2214 975 2249 modera-

311 2275 410 2300 tores.
437 2264 473 2298 de
485 2263 570 2300 Nat.
586 2266 682 2299 Deor.
695 2264 738 2299 Π.
757 2276 813 2310 37.

362 2313 540 2348 Mundum
567 2324 634 2347 non
657 2313 721 2349 esse
742 2324 897 2359 unquam
921 2325 975 2347 or-

312 2372 400 2403 tum,
419 2361 516 2408 quod
534 2361 629 2395 nulla
642 2360 745 2396 fuerit
759 2374 850 2396 novo
868 2361 976 2396 consi-

313 2410 386 2445 silio
410 2410 494 2445 inito
519 2419 589 2443 tam
618 2410 773 2457 praeclari
796 2411 907 2457 operis
927 2410 975 2443 in-

312 2458 457 2506 coeptio.
502 2459 578 2492 Luc.
602 2461 657 2502 38.
676 2468 709 2492 et
724 2457 810 2504 Tusc.
831 2460 856 2493 1.
880 2469 935 2505 29.

362 2507 541 2555 Qintum
559 2507 622 2541 effe
635 2518 756 2554 genus,
774 2519 898 2542 vacans
917 2519 976 2541 no-

414 2556 533 2591 Tom.
561 2555 627 2591 lX.

1621 291 1695 331 393

1024 367 1127 408 mine,
1153 381 1172 403 e
1198 378 1271 416 quo
1297 369 1361 404 sint
1384 370 1468 405 astra
1494 371 1689 418 mentesque

1023 415 1220 461 singulares,
1259 427 1410 463 quatuor
1442 419 1689 454 elementorum

1021 463 1188 500 dissimile.
1232 465 1331 501 Acad.
1352 467 1376 501 Ι.
1400 479 1430 514 7.
1474 469 1561 512 Tusc.
1582 469 1607 502 Ι.
1633 479 1687 510 10,

1024 513 1081 546 26.

1070 559 1256 601 Animum,
1274 566 1443 609 ἔντελέχειαν
1460 564 1609 610 appellat
1628 576 1688 599 ΠΟ-

1021 620 1068 662 ν.ο
1086 608 1235 650 nomine,
1264 609 1298 644 id
1322 610 1380 652 est,
1407 613 1580 657 quandam
1607 625 1688 646 con-

1021 667 1188 692 tinuatam
1217 668 1251 693 et
1277 670 1457 705 perennem
1489 660 1687 696 motionem.

1024 706 1111 749 Tuli.
1134 707 1158 740 Ι.
1177 718 1226 742 10.
1266 707 1355 741 Vide
1382 706 1418 742 de
1445 709 1559 743 Die-in.
1580 709 1607 743 Ι.
1630 721 1687 754 25,

1024 754 1057 789 in
1078 754 1210 789 Eudemi
1227 757 1355 790 Somnio.

1073 804 1168 851 Qiae
1187 814 1382 846 moventur,
1402 813 1462 838 aut
1476 814 1596 839 natura
1614 817 1687 839 mo-

1023 853 1092 886 veri
1111 852 1240 893 omnia,
1267 863 1326 887 aut
1345 853 1390 895 vi,
1421 863 1481 887 aut
1498 853 1686 888 voluntate.

1021 900 1058 934 de
1081 901 1164 936 Nat.
1191 902 1289 936 Deor.
1313 902 1356 936 ΙΙ.
1383 901 1435 935 16.

1071 950 1200 983 Ortum
1235 950 1454 996 quorundam
1490 951 1689 985 animalium

1022 998 1086 1031 effe
1115 997 1148 1032 in
1177 998 1254 1044 igne
1280 999 1331 1033 vel
1361 999 1500 1041 aethere,
1527 1000 1622 1045 quod
1653 1001 1691 1034 sit

1023 1047 1064 1080 ad
1094 1046 1265 1093 gignenda
1300 1047 1459 1081 animalia
1490 1048 1688 1094 aptiffirnus.

1022 1095 1058 1129 de
1076 1094 1162 1130 Nat.
1182 1097 1279 1130 Deor.
1300 1096 1343 1130 ΙΙ.
1369 1108 1422 1141 ¹5·

1074 1144 1214 1178 Somnia
1241 1144 1312 1179 fieri
1337 1156 1380 1179 ex
1405 1145 1556 1192 reliquiis
1583 1144 1691 1179 inhae-

1025 1192 1179 1230 rentibus
1197 1204 1313 1227 earum
1341 1205 1466 1234 rerum,
1491 1206 1577 1240 quas
1601 1193 1691 1240 vigi-

1026 1242 1097 1275 lans
1112 1242 1257 1288 gesseris,
1269 1252 1328 1277 aut
1342 1242 1513 1289 cogitaris.
1524 1242 1560 1276 de
1571 1244 1690 1277 Divin.

1025 1290 1067 1324 ll.
1089 1293 1145 1324 (22.

1074 1342 1204 1373 Omnes
1224 1337 1412 1384 ingeniosos
1428 1338 1693 1374 melancholicos

1023 1387 1112 1428 esse,
1142 1387 1264 1421 habere
1279 1386 1380 1420 etiam
1405 1387 1537 1433 aliquid
1561 1387 1594 1421 in
1619 1387 1691 1421 ani-

1026 1436 1090 1470 mis
1111 1435 1311 1482 praesagiens
1330 1447 1367 1469 ac
1386 1435 1557 1470 divinum.
1600 1435 1691 1481 Yust.

1026 1485 1053 1519 Ι.
1086 1497 1142 1530 33.
1182 1483 1218 1517 de
1237 1485 1351 1518 Divin.
1370 1484 1394 1518 1.
1417 1486 1474 1530 38.
1494 1496 1497 1498 ·

1076 1533 1187 1579 Apud
1218 1532 1399 1580 Hypanim
1430 1532 1590 1574 fluvium,
1630 1532 1692 1579 qui

1026 1582 1070 1616 ab
1095 1582 1250 1627 Europae
1277 1591 1372 1628 parte
1400 1580 1433 1615 in
1458 1582 1611 1616 Pontum
1642 1582 1692 1616 in-

1027 1630 1116 1673 fluit,
1136 1629 1292 1664 bestiolas
1309 1628 1471 1676 quasdam
1492 1629 1591 1671 nasci,
1609 1642 1692 1677 quae

1027 1691 1136 1714 unum
1150 1679 1240 1712 diem
1255 1678 1387 1713 vivant.
1429 1678 1550 1723 Tuscul.
1572 1679 1598 1713 1.
1620 1691 1678 1726 39.

1076 1728 1201 1769 Grues,
1228 1739 1308 1761 curn
1341 1727 1416 1761 loca
1445 1727 1606 1761 calidiora
1633 1739 1690 1774 pe-

1026 1786 1132 1810 tentes
1151 1775 1255 1809 maria
1269 1775 1509 1817 transmittant,
1530 1775 1692 1822 trianguli

1026 1823 1173 1859 formam
1195 1825 1348 1859 efficere:
1378 1822 1450 1870 ejus
1470 1833 1582 1858 autem
1602 1825 1691 1858 sum-

1027 1886 1086 1908 mo
1108 1873 1236 1919 angulo
1254 1885 1362 1907 aerem
1391 1873 1434 1906 ab
1459 1873 1496 1906 iis
1514 1873 1692 1907 adversum

1027 1922 1128 1969 pelli:
1149 1922 1271 1956 deinde
1287 1922 1403 1956 senfim
1420 1922 1463 1956 ab
1481 1932 1630 1968 utroque
1646 1923 1691 1956 la-

1026 1981 1107 2013 tere,
1147 1980 1311 2017 tanquam
1348 1969 1460 2011 remis,
1500 1970 1545 2004 ita
1575 1972 1693 2017 pennis

1027 2019 1164 2054 cursum
1183 2019 1299 2054 avium
1316 2019 1429 2054 levari.
1467 2019 1504 2054 de
1521 2018 1604 2053 Nat.
1625 2021 1691 2054 De·

1025 2080 1071 2103 or.
1092 2068 1137 2103 11.
1157 2080 1215 2114 49.

1074 2118 1214 2158 Omnia,
1233 2128 1314 2163 quae
1333 2116 1519 2151 secundum
1535 2125 1690 2150 naturam

1026 2167 1102 2209 sint,
1129 2166 1193 2200 effe
1219 2166 1330 2206 bona;
1358 2177 1440 2211 quae
1467 2175 1579 2199 autem
1609 2176 1690 2198 con-

1026 2224 1090 2255 tra,
1130 2214 1229 2249 mala.
1279 2214 1441 2255 Divitias,
1477 2214 1619 2248 bonurn.
1655 2212 1692 2246 de

1026 2263 1155 2298 Finibus
1174 2263 1234 2297 lV.
1253 2268 1311 2304 26,
1329 2273 1363 2296 et
1385 2265 1437 2296 18.

1078 2311 1300 2346 Honestatem
1317 2322 1383 2345 non
1405 2310 1513 2344 solum
1531 2317 1691 2355 expeten-

1025 2361 1118 2400 dam,
1146 2360 1198 2394 sed
1217 2359 1311 2394 omni
1331 2358 1479 2405 pondere
1500 2358 1692 2404 graviorem

1025 2409 1089 2444 esse
1112 2408 1315 2448 habendam,
1342 2419 1448 2454 quam
1467 2408 1597 2453 reliqua
1618 2418 1691 2441 om-

1029 2458 1093 2492 nia.
1135 2457 1224 2502 Offic.
1242 2457 1303 2490 lll.
1324 2459 1355 2490 8.

1079 2507 1216 2540 Beatam
1232 2505 1338 2539 vitam
1353 2504 1405 2538 vel
1426 2504 1467 2539 ad
1487 2503 1694 2552 supplicium
