2241 2994
736 243 1352 284 HISTORIA.

347 340 478 387 giffent.
530 338 692 375 Similiter
725 339 797 373 Dio
831 339 882 374 lib.
917 339 1013 374 LVI.

348 390 462 430 tradit,
491 387 721 423 octavianum
753 399 828 422 xix.
857 388 912 422 die
938 389 1015 422 Au-

347 438 450 483 gusti,
475 437 608 478 eodem,
632 447 704 482 quo
723 436 875 482 primum
893 436 1016 470 consu-

346 486 455 519 latum
475 495 620 532 ceperat,
648 485 823 519 deceffiss'e.

395 533 510 568 Caesar
546 532 760 568 octavianus
795 532 861 568 cos.
903 533 1013 580 legem

344 581 426 616 tulit
443 582 485 616 de
501 581 689 629 quaestione
708 581 864 616 habenda
890 581 924 616 in
943 593 1014 623 eos,

344 641 496 676 quorum
515 642 620 678 opera
641 640 737 675 pater
753 630 884 665 occisus
910 630 989 665 effet
1003 658 1013 672 ,

342 679 464 713 Livius
480 680 533 714 lib.
553 680 669 714 CXX.
696 680 858 725 Appianas
874 679 929 714 lib.
950 679 1012 714 111.

343 728 410 762 Dio
435 727 489 763 lib.
509 728 645 763 XLVI.
674 728 812 763 Auctor
837 728 920 774 legis
945 726 1014 762 fuit

342 775 568 817 octavianus,
595 777 677 811 tulit
707 777 755 822 Q
788 777 912 811 Pedius
942 776 1013 811 col-

343 823 442 871 lega:
470 825 562 860 unde
587 825 641 859 lex
666 825 771 859 Pedia
790 825 1011 866 nominatur;

343 884 452 919 eaque
468 873 644 916 omnibus,
663 874 724 920 qui
743 873 880 919 Julium
899 873 1012 908 Caesa-

344 933 416 956 rem
452 921 699 965 interfecerant,
741 933 832 969 aqua
871 921 1014 969 ignique

344 969 564 1006 interdictum
598 971 670 1006 est:
713 972 844 1006 Velleius
877 971 930 1006 lib.
966 971 1012 1006 ll.

341 1028 412 1064 cap.
434 1019 491 1065 69.
531 1021 688 1055 Suetonius
716 1021 749 1054 in
775 1019 916 1061 Nerone,
941 1029 1010 1065 cap.

345 1079 378 1112 3.
421 1067 549 1103 Consul
576 1067 688 1102 fa&us
717 1068 932 1103 oetavianus
955 1068 1015 1103 Ci-

343 1127 514 1159 ceronem,
542 1127 581 1151 ut
600 1117 793 1152 Plutarchus
809 1119 841 1151 in
859 1117 924 1162 ejus
941 1119 1015 1151 vita

342 1164 470 1206 scribit,
499 1166 609 1200 valere
631 1165 740 1212 juffit,
765 1176 799 1200 et
824 1177 908 1211 pace
933 1177 1015 1200 cum

341 1214 500 1249 Antonio
533 1214 738 1262 Lepidoque
771 1213 861 1249 faeta
894 1214 1010 1261 copias

340 1274 460 1297 omnes
490 1263 523 1297 in
553 1275 663 1297 unum
689 1263 805 1297 locum
833 1273 1010 1297 contraxe-

341 1321 435 1353 runt,
454 1311 573 1358 ibique
590 1310 772 1358 imperium
793 1312 898 1346 Rom.
914 1311 1010 1358 quafi

340 1361 574 1407 poffeffionem
603 1359 755 1406 aliquam
785 1360 872 1395 inter
899 1359 930 1394 se
958 1360 1009 1394 di-

341 1409 503 1444 viserunt.

392 1457 514 1492 Partiti
544 1456 622 1492 sunt
661 1467 777 1492 autem
814 1457 1010 1505 provincias

342 1506 430 1541 inter
470 1506 501 1542 se
540 1505 606 1541 hoc
647 1507 766 1549 modo,
815 1515 855 1540 ut
897 1506 1013 1541 Caesar

341 1565 526 1602 utramque
552 1553 712 1590 Africam
739 1567 820 1590 cum
847 1554 963 1589 Sicilia
979 1565 1019 1590 et·

342 1604 508 1647 Sardinia,
550 1604 707 1651 Lepidus
751 1604 936 1651 Hispanias
977 1613 1012 1638 et

341 1653 492 1687 Galliam
524 1652 794 1696 Narbonensem,
833 1652 1011 1688 Antonius

341 1701 487 1747 reliquas
510 1701 641 1736 Gallias
670 1702 822 1744 haberet,
848 1702 1011 1747 Appianas

339 1750 393 1785 lib.
414 1750 477 1785 lV.
504 1752 569 1786 Dio
587 1750 642 1785 lib.
662 1750 799 1785 XLVI.
839 1750 931 1785 Inter
948 1750 1010 1785 hos

339 1799 441 1834 etiam
468 1799 642 1840 convenit,
679 1809 717 1833 ut
746 1799 808 1847 ipsi
839 1799 1010 1834 triumviri

341 1848 486 1895 reipubl.
529 1847 777 1883 constituendae
815 1859 875 1894 per
905 1848 1007 1894 quin-

339 1897 530 1945 quennium
549 1897 663 1937 essent,
690 1907 723 1931 et
750 1906 789 1931 ut
818 1896 894 1931 suos
917 1895 1007 1943 quis-

339 1957 408 1994 que
426 1945 582 1980 inimicos
599 1944 831 1992 proscriberet.
883 1946 921 1980 ln
940 1956 1009 1992 qua

338 1994 584 2043 proscriptione
651 1994 792 2041 plurimi
855 1993 1008 2041 equites,

336 2055 440 2078 cxxx.
469 2043 659 2078 senatorum
688 2043 826 2077 nomina
851 2041 1005 2083 fuerunt,

339 2102 377 2127 ut
405 2091 452 2126 est
477 2094 510 2126 in
538 2094 669 2138 epitoma
698 2092 752 2126 lib.
782 2092 902 2126 CXX.
943 2091 1005 2125 Tu

339 2140 417 2176 vide
433 2141 593 2175 Orofium
614 2140 766 2175 nostrum
786 2141 840 2174 lib.
856 2141 916 2175 VI.
936 2149 1004 2185 cap.

343 2192 397 2224 18.
450 2189 618 2224 Caesarem
638 2189 786 2224 restitisse
804 2189 1004 2235 aliquandiu

339 2238 492 2284 collegis,
520 2250 560 2272 ne
588 2249 659 2285 qua
679 2238 773 2273 fieret
792 2237 1007 2285 proscriptio,

339 2286 394 2322 sed
437 2287 605 2332 inceptam
654 2297 802 2333 utroque
854 2287 1007 2320 acerbius

338 2335 532 2377 exercuiffe,
575 2335 802 2382 Tranquillus
844 2337 877 2369 in
921 2339 1005 2381 Aug.

338 2394 406 2430 cap.
430 2394 484 2429 27.
505 2382 562 2418 ait.

390 2432 584 2467 Maximam
616 2443 698 2466 vero
739 2431 1006 2473 contentionem,

338 2481 453 2531 inquit
478 2480 698 2523 Plutarchus,
725 2481 899 2516 Ciceronis
925 2492 1007 2528 pro-

1668 263 1741 303 341

1066 339 1204 386 scriptio
1238 341 1402 387 praebuit,
1445 353 1525 377 cum
1563 345 1740 381 Antonius

1067 389 1198 422 nullam
1217 391 1451 425 conditionem
1471 392 1649 439 acciperet,
1679 394 1739 430 nisi

1066 436 1199 483 primus
1217 437 1273 471 ille
1295 438 1551 481 interficeretur,
1581 442 1739 488 Lepidus

1067 485 1225 520 Antonio
1268 486 1488 530 assentiretur,
1540 499 1574 523 et
1624 491 1738 526 Caesar

1064 533 1204 580 utrique
1255 546 1470 581 repugnaret.
1528 538 1735 585 Congreffus

1065 581 1189 616 horum
1208 581 1313 617 trium
1331 584 1490 618 occultus
1517 585 1550 619 in
1577 587 1734 623 triduum

1063 629 1132 665 fuit
1158 630 1252 678 apud
1282 631 1486 674 Bononiam,
1516 633 1549 667 in
1577 634 1655 669 loco
1683 647 1734 670 re-

1064 688 1160 714 moto
1188 691 1206 713 a
1231 679 1345 714 castris
1370 690 1404 714 et
1427 680 1568 715 flumine
1586 683 1734 719 circum-

1062 727 1151 770 fuso,
1179 739 1218 763 ut
1247 728 1444 764 Plutarchus
1473 741 1541 764 non
1567 730 1677 766 solum
1700 733 1734 767 in

1064 777 1242 819 Cicerone,
1269 777 1323 812 sed
1350 787 1385 812 et
1411 777 1445 812 in
1464 778 1598 813 Antonio
1617 781 1731 815 tradit.

1065 826 1129 860 Dio
1162 837 1306 872 quoque
1339 825 1390 861 lib.
1426 826 1562 862 XLVI.
1603 827 1732 872 scribit,

1063 873 1263 909 triumviros
1281 874 1473 909 convenisse
1501 875 1534 910 in
1559 887 1665 924 parva
1683 877 1735 912 in-

1063 921 1134 956 sula
1176 922 1342 966 fluminis,
1393 923 1490 970 quod
1540 925 1734 961 Bononiam

1062 971 1326 1017 praeterlabitur.
1359 972 1543 1019 Appianus
1563 973 1660 1009 initio
1677 976 1731 1011 lib.

1064 1020 1126 1054 1V.
1146 1019 1205 1063 ait,
1222 1032 1279 1055 eos
1297 1021 1490 1067 congressos
1505 1022 1569 1056 ess‘e
1586 1023 1628 1057 ad
1646 1023 1732 1058 Mu-

1065 1067 1172 1103 tinam
1191 1068 1224 1103 in
1242 1068 1382 1104 Lavinii
1401 1069 1635 1106 fluviiinsula.
1666 1073 1734 1107 Sed

1065 1117 1286 1152 triumvirum
1317 1117 1432 1164 copias
1463 1118 1505 1153 ad
1539 1119 1732 1156 Bononiam

1064 1166 1254 1201 contradas
1284 1165 1394 1207 fuiffe,
1421 1167 1606 1202 Suetonius
1629 1169 1733 1205 etiam

1060 1217 1093 1249 in
1113 1215 1246 1261 Augusto
1275 1224 1340 1261 cap.
1372 1216 1431 1262 96.
1461 1216 1580 1251 auetor
1605 1217 1665 1260 est,
1698 1228 1734 1253 et

1062 1263 1200 1305 Florus,
1227 1273 1292 1310 cap.
1321 1275 1352 1308 5.
1383 1263 1437 1298 lib.
1459 1264 1519 1298 lV.
1549 1266 1652 1300 tradit
1670 1279 1730 1313 pa-

1060 1323 1134 1346 cem
1164 1311 1251 1346 inter
1277 1322 1343 1347 tres
1370 1312 1474 1346 duces
1492 1312 1618 1348 saetam
1636 1316 1741 1361 apud'

1060 1359 1270 1395 confluentes
1295 1361 1383 1395 inter
1411 1361 1585 1396 Perusiam
1611 1372 1644 1397 et
1663 1365 1730 1398 Bo-

1062 1409 1213 1444 noniam.
1266 1409 1320 1443 Ibi
1347 1409 1443 1443 aiunt
1469 1409 1637 1445 Caesarem
1660 1413 1730 1459 pri·

1062 1457 1126 1492 mis
1143 1457 1278 1499 diebus,
1304 1468 1344 1492 ut
1370 1457 1578 1493 Plutarchus
1606 1471 1730 1504 narrat,

1061 1518 1126 1554 pro
1143 1506 1317 1541 Ciceronis
1335 1507 1438 1541 salute
1457 1519 1537 1541 cum
1557 1508 1630 1543 aliis
1648 1521 1730 1544 con-

1062 1555 1210 1596 certasse,
1246 1567 1284 1589 ac
1316 1555 1417 1590 tertio
1446 1555 1501 1590 die
1529 1558 1730 1600 conceffiffe,

1060 1602 1200 1651 ejusque
1227 1605 1335 1639 vitam
1365 1604 1561 1651 prodidisse,
1593 1605 1742 1653 fuitque·

1060 1652 1271 1700 permutatio
1298 1653 1345 1687 ita
1374 1652 1486 1687 faeta:
1527 1653 1730 1689 Ciceronem

1060 1701 1187 1742 Caesar,
1213 1702 1257 1735 L.
1278 1701 1426 1735 Paulum
1456 1700 1595 1737 fratrem
1621 1703 1728 1751 Lepi-

1059 1751 1137 1791 dus,
1167 1750 1210 1785 L.
1231 1749 1397 1784 Caesarem
1418 1751 1632 1785 avunculum
1652 1754 1729 1786 An-

1060 1799 1175 1833 tonius
1194 1798 1357 1845 proscribi
1375 1799 1536 1846 permisit.
1566 1799 1626 1834 Sed
1638 1801 1729 1843 nihil,

1059 1847 1105 1882 ait
1139 1847 1340 1882 Paterculus
1380 1847 1439 1882 lib.
1472 1848 1517 1882 11.
1558 1860 1634 1895 cap.
1668 1850 1726 1884 66.

1058 1904 1123 1931 tam
1140 1896 1296 1942 indignum
1317 1896 1369 1930 illo
1396 1904 1528 1942 tempore
1545 1897 1616 1942 fuit
1637 1911 1729 1945 quam

1057 1944 1139 1992 quod
1165 1952 1223 1979 aut
1253 1944 1357 1990 Caesar
1383 1946 1514 1991 aliquem
1539 1947 1729 1990 proscribere

1059 1997 1180 2028 coac7us
1199 1994 1251 2038 est,
1277 2002 1306 2028 et
1331 1993 1374 2028 ab
1390 1993 1441 2028 illo
1457 1996 1560 2029 Cicero
1573 1996 1729 2042 proscrip-

1055 2051 1106 2078 tus
1123 2042 1174 2085 est.

1118 2091 1269 2126 Cesserat
1320 2090 1376 2125 ille
1426 2090 1489 2125 sub
1539 2091 1727 2128 adventum

1056 2140 1357 2175 Trium-virorum
1376 2140 1473 2180 urbe,
1503 2150 1540 2174 ut
1557 2152 1598 2174 ex
1619 2141 1728 2176 Livio

1058 2190 1182 2224 Seneca
1198 2189 1251 2223 lib.
1274 2189 1300 2222 1.
1328 2188 1542 2228 Suasoriarum
1563 2200 1593 2233 7.
1612 2188 1724 2232 refert,

1058 2250 1122 2285 pro
1147 2248 1240 2272 certo
1271 2237 1410 2278 habens,
1451 2236 1485 2270 id
1515 2237 1612 2282 quod
1641 2249 1724 2281 erat,

1059 2299 1127 2321 non
1145 2286 1254 2333 magis
1273 2285 1429 2320 Antonio
1446 2284 1530 2331 eripi
1551 2284 1594 2326 se,
1618 2297 1725 2332 quam

1056 2335 1179 2369 Caesari
1209 2335 1358 2369 Caffium
1385 2343 1418 2366 et
1448 2333 1596 2367 Brutum
1623 2336 1724 2380 posse.

1059 2383 1176 2418 l'rimo
1219 2383 1252 2417 in
1296 2381 1536 2416 Tusculanum
1576 2380 1724 2429 fugerat,

1058 2431 1136 2466 inde
1163 2430 1353 2466 transversis
1382 2429 1560 2464 itineribus
1588 2430 1620 2465 in
1639 2433 1724 2466 For-

1057 2480 1224 2522 mianum,
1276 2488 1315 2513 ut
1357 2478 1400 2514 ab
1443 2478 1559 2515 Caieta
1609 2480 1730 2516 navim
