2335 3009
1097 229 1300 284 [50]

761 493 1662 542 EPISTOLARUM

573 693 1845 777 ADQFRATREM

980 915 1261 954 LIBER
1345 915 1433 954 111.

831 1111 1101 1150 Mancus
1148 1109 1498 1162 QFRATnx
1546 1108 1584 1146 S.

514 1239 549 1279 Ι.
693 1239 734 1278 G
753 1239 789 1278 Ο
819 1251 869 1277 ex
897 1237 1051 1290 magnis
1072 1236 1268 1276 caloribus
1292 1238 1391 1289 (non
1411 1237 1519 1275 enim
1540 1235 1798 1277 meminimus
1819 1249 1903 1276 ma-

701 1304 826 1357 jores)
850 1304 890 1341 in
908 1303 1091 1355 Arpinati
1113 1302 1265 1340 summa
1284 1315 1378 1340 cum
1398 1301 1625 1340 amoenitate
1645 1300 1821 1341 fluminis
1842 1316 1906 1341 me

515 1369 635 1410 refeci
656 1369 842 1408 ludorum
863 1367 1016 1413 diebus,
1041 1366 1262 1406 Philotimo
1283 1365 1498 1405 tribulibus
1519 1367 1820 1406 commendatis.
1860 1369 1906 1406 In

515 1439 673 1477 Arcano
693 1449 726 1474 a.
749 1435 789 1474 d.
815 1448 859 1474 1v
883 1433 975 1473 Idus
997 1433 1103 1487 Sept.
1126 1432 1201 1472 fui.
1248 1433 1311 1472 lbi
1342 1432 1571 1471 Meffidium
1597 1446 1692 1471 cum
1714 1433 1903 1472 Philoxe-

517 1517 584 1549 no,
615 1514 852 1555 aquamque,
882 1512 1002 1552 quam
1024 1499 1051 1537 ii
1073 1499 1268 1537 ducebant
1289 1512 1367 1537 non
1389 1499 1507 1552 longe
1528 1512 1548 1537 a
1567 1499 1674 1545 villa,
1698 1499 1800 1537 belle
1821 1498 1908 1538 sane

517 1569 707 1607 fluentem
727 1566 823 1612 vidi,
855 1565 1067 1618 praesertim
1089 1565 1260 1604 maxima
1280 1564 1478 1610 ficcitate;
1511 1564 1812 1617 uberioremque
1833 1564 1907 1603 ali·

517 1643 665 1689 quanto
686 1633 760 1672 sese
779 1632 1013 1671 colle-{turos
1034 1631 1106 1670 effe
1127 1631 1325 1670 dicebant.
1370 1630 1491 1684 Apud
1513 1631 1670 1670 Herum
1691 1633 1791 1670 reste
1811 1640 1906 1670 erat.

518 1703 566 1741 In
587 1700 795 1739 Manliano
814 1698 963 1737 offendi
985 1697 1200 1751 Diphilum
1223 1696 1394 1751 Diphilo
1415 1697 1623 1736 tardiorem
1644 1713 1652 1736 z
1685 1697 1749 1735 sed
1777 1708 1909 1736 tamen

519 1765 622 1805 nihil
652 1765 687 1804 ei
718 1764 880 1803 restabat
909 1773 1046 1816 praeter
1076 1763 1284 1809 balnearia,
1314 1772 1353 1801 et
1383 1763 1710 1809 ambulationem,
1741 1772 1779 1801 et
1803 1763 1908 1802 avia-

519 1833 639 1871 rium.
671 1830 780 1868 Villa
799 1827 902 1868 mihi
922 1828 1032 1867 valde
1053 1828 1217 1882 placuit,
1248 1838 1452 1881 propterea
1471 1827 1578 1882 quod
1604 1827 1798 1866 summam
1819 1829 1909 1881 dig·

518 1899 685 1937 nitatem
705 1897 967 1950 pavimentata
986 1896 1162 1949 porticus
1183 1894 1351 1934 habebat
1370 1910 1379 1933 :
1411 1894 1519 1948 quod
1546 1893 1648 1934 mihi
1670 1908 1775 1933 nunc
1797 1894 1910 1933 deni-

519 1978 598 2018 que
627 1963 821 2017 apparuit‚
852 1961 1099 2015 posteaquam
1121 1970 1160 2000 et
1180 1961 1261 2014 ipsa
1281 1970 1363 2000 tota
1392 1970 1512 2014 patet,
1542 1970 1581 1999 et
1610 1961 1806 1999 columnae
1836 1975 1909 2014 po-

520 2031 601 2070 litae
623 2030 725 2069 sunt.
771 2030 926 2067 Totum
959 2028 1000 2066 in
1032 2041 1078 2066 eo
1107 2026 1159 2065 est
1182 2028 1307 2081 (quod
1338 2027 1439 2066 mihi
1465 2027 1539 2065 erit
1559 2026 1679 2078 curae)
1703 2028 1912 2066 tectorium

520 2106 565 2136 ut
586 2095 830 2135 concinnum
851 2094 910 2132 fit.
959 2093 1187 2132 Pavimenta
1207 2095 1307 2131 redte
1332 2092 1415 2131 fieri
1435 2091 1682 2131 videbantur.
1729 2093 1912 2131 Cameras

522 2162 707 2216 quasdam
728 2174 807 2200 non
829 2159 1006 2213 probavi,
1033 2159 1256 2212 mutarique
1272 2158 1378 2211 juffi.
1412 2159 1506 2210 Qo
1526 2158 1614 2196 loco
1636 2157 1675 2196 in
1697 2159 1853 2211 porticu
1875 2168 1912 2197 te

520 2229 686 2268 scribere
707 2229 817 2267 aiunt
839 2236 883 2265 ut
903 2226 1088 2264 atriolum
1113 2225 1193 2271 fiat,
1225 2224 1342 2271 mihi,
1373 2235 1418 2263 ut
1449 2225 1516 2270 cst,
1549 2225 1672 2277 magis
1704 2225 1908 2277 placebat:

522 2309 650 2348 neque
679 2295 786 2333 enim
817 2292 905 2331 satis
936 2292 1014 2330 loci
1044 2291 1116 2330 esse
1143 2291 1348 2330 videbatur
1368 2290 1536 2334 atriolo;
1570 2304 1695 2343 neque
1717 2289 1796 2328 fere
1818 2290 1913 2329 solet

522 2362 594 2401 nisi
616 2362 656 2399 in
677 2360 738 2398 his
760 2358 935 2398 :edificiis
957 2357 1054 2403 fieri,
1087 2358 1126 2396 in
1148 2358 1293 2410 quibus
1315 2357 1367 2395 cst
1388 2357 1531 2395 atrium
1553 2357 1677 2408 majus
1697 2375 1706 2401 ς
1741 2370 1811 2395 nec
1840 2356 1910 2395 ha-

522 2428 612 2466 berc
641 2434 790 2479 poterat
819 2425 1000 2477 adjundta
1029 2424 1228 2470 cubicula,
1259 2433 1297 2462 et
1327 2423 1519 2475 ejusmodi
1551 2423 1741 2462 membra.
1789 2423 1911 2462 Nunc

521 2493 601 2534 hoc
631 2492 692 2532 vel
726 2490 924 2531 honestate
954 2491 1174 2538 testudinis,
1205 2489 1266 2530 vel
1299 2489 1408 2530 valde
1442 2489 1536 2529 boni
1571 2488 1747 2529 aestivum
1780 2488 1913 2528 locum
