2241 2994
747 219 1364 262 HISTORIA.

411 311 482 347 His
500 312 579 348 coss.
599 312 654 346 M.
674 311 824 354 Craffus,
853 310 1032 346 interfecto

361 359 492 396 Publio
523 361 608 401 filio,
645 360 869 406 exercituque
905 360 1030 402 deleto,

361 418 453 444 trans
482 409 697 456 Euphratem
724 420 806 443 cum
840 409 1030 455 ignominia

358 467 394 492 et
409 457 574 492 dedecore
600 456 712 504 periit,
740 457 788 491 ait
812 456 946 497 Cicero,
973 457 1028 492 lib.

360 505 406 540 II.
438 505 474 540 de
500 507 654 540 Divinat.
683 515 748 550 cap.
780 516 813 551 9.
851 515 885 540 et
914 506 1031 541 scribit

358 563 486 601 practer
503 554 587 589 alios
604 553 746 589 Orofius
765 554 888 597 noster,
906 554 1030 591 lib.VI.

357 614 394 637 ca
419 630 426 637 .
451 615 462 637 1
499 629 506 637 .

393 612 546 686 pPeriisse
583 651 740 686 Crassum
778 650 888 686 mense
922 652 1033 697 Junio

358 700 524 742 Ovidius,
550 700 605 735 lib.
622 700 684 734 VI.
710 700 872 743 Fastorum
890 700 1029 743 indicat,

357 750 438 792 vers.
458 749 542 794 465.
593 748 633 783 In
652 748 769 783 locum
789 749 828 784 P.
848 749 953 783 Crassi
972 750 1028 786 M.

359 797 400 832 F.
432 797 555 832 Cicero
585 798 715 844 Augur
740 796 852 832 factus
880 797 961 841 fuit,
989 809 1029 834 ut

358 844 568 881 Plutarchus
595 845 721 880 scribit.
774 845 814 880 In
840 856 1029 894 auguratus

357 894 524 941 petitione
548 893 811 942 competitorem
838 895 961 930 habuit
984 896 1026 931 C.

358 943 521 985 Hirrum,
547 944 590 978 de
620 955 693 989 quo
719 943 774 978 lib.
805 943 848 979 11.
875 954 910 979 et
930 944 1027 979 VIII.

359 992 473 1027 Famil.
520 992 587 1027 Sed
603 992 660 1027 M.
679 992 843 1027 Tullium
862 1004 1028 1041 augurem

359 1052 378 1074 a
419 1050 496 1076 toto
538 1040 688 1088 collegio
728 1041 921 1089 expetitum
960 1043 1026 1077 Cn.

358 1089 548 1137 Pompeius
573 1099 607 1124 et
624 1091 680 1136 Q
693 1090 900 1126 Hortensius
918 1091 1030 1126 nomi-

358 1149 539 1181 naverunt,
566 1139 686 1184 Philip.
707 1139 753 1174 11.
793 1139 856 1173 Ab
873 1139 1030 1174 Horten-

360 1188 406 1222 sio
434 1188 465 1223 se
487 1196 691 1235 cooptatum
720 1187 754 1222 in
777 1187 965 1235 collegium
994 1198 1029 1224 et

358 1236 604 1284 inauguratum
622 1236 670 1270 ait
684 1239 717 1271 in
735 1238 849 1279 Bruto,
876 1247 945 1282 cap.
968 1249 998 1272 1.

357 1286 495 1375 ..335
513 1284 1028 1369 ‘ceff‘Sss'ss‘Eocfsssz‘Qffligomfilffig

357 1383 393 1417 in
410 1383 510 1418 Italia
526 1393 595 1417 non
612 1380 694 1423 fuit,
723 1392 764 1417 ut
793 1381 862 1430 ipse
883 1382 930 1417 ait
947 1384 1027 1418 Phi-

356 1431 413 1479 lip.
436 1431 482 1466 Il.
508 1441 577 1478 cap.
599 1442 630 1466 2.
657 1440 729 1466 erat
745 1440 861 1466 autem
880 1430 914 1466 in
932 1431 1027 1473 Afia,

355 1492 469 1528 eoque
496 1480 619 1515 Cicero
648 1480 690 1514 ad
720 1480 822 1515 illum
852 1479 943 1515 mifit
970 1479 1027 1515 sex

355 1530 484 1578 primas
500 1528 658 1577 epistolas
673 1527 729 1564 lib.
747 1528 793 1564 II.
820 1528 942 1564 Famil.

356 1679 468 1719 Anno
488 1678 597 1719 Urbis
615 1691 690 1734 70¹
702 1708 711 1717 .
755 1676 937 1718 Ciceronis
957 1691 979 1733 5
985 1691 1024 1732 5.

564 1751 714 1791 Consul
744 1750 824 1791 fuit

356 1814 439 1853 CN.
456 1813 696 1852 POMPmus
716 1813 928 1852 MAGNUS
947 1813 1026 1859 ΙΙΙ,

502 1887 605 1914 suun
637 1874 883 1913 COLLEGA.

407 1972 576 2008 Petebant
592 1973 626 2007 in
644 1971 738 2007 hunc
760 1982 890 2007 annum
906 1970 1026 2006 consu-

357 2022 467 2058 latum
496 2021 638 2056 summis
670 2020 950 2056 contentionibus
979 2020 1028 2055 T.

358 2071 498 2107 Annius
527 2071 635 2113 Milo,
662 2071 703 2105 P.
734 2069 891 2105 Plautius
921 2068 1028 2116 Hyp-

358 2118 459 2162 saeus,
475 2128 510 2154 et
527 2120 581 2166 Q
598 2119 765 2159 Metellus
783 2118 908 2166 Scipio.
930 2118 1029 2153 Pete-

361 2167 421 2202 bat
442 2169 478 2202 in
506 2168 654 2203 eundem
682 2179 812 2203 annum
840 2176 1030 2215 praeturam

360 2216 401 2251 P.
421 2215 580 2259 Clodius,
603 2217 660 2252 cui
678 2216 823 2252 summae
840 2215 1031 2252 inimicitiae

359 2276 442 2300 cum
461 2264 599 2300 Milone
615 2265 881 2300 intercedebant.
910 2266 1033 2311 ltaque

360 2325 391 2349 a.
422 2313 457 2347 d.
490 2324 561 2348 xm
591 2313 671 2348 Kal.
707 2314 794 2349 Feb.
824 2325 908 2349 cum
936 2314 1033 2348 Milo

360 2362 563 2398 Lanuvium
581 2361 862 2410 proficisceretur,
887 2371 922 2397 et
947 2362 1031 2397 Clo·

359 2411 440 2446 dius
470 2412 589 2446 Aricia
615 2410 744 2445 rediens
766 2413 798 2446 ei
821 2411 1031 2452 occurrisset,

361 2461 435 2495 rixa
475 2468 510 2495 et
549 2470 670 2508 pugna
710 2457 801 2496 forte
842 2459 1031 2502 commissa,

1675 240 1750 279 3¹5

1081 312 1227 349 Clodius
1246 314 1441 352 interfeftus
1460 316 1538 358 fuit,
1569 318 1665 364 quod
1683 319 1747 353 As-

1081 364 1201 397 conius
1221 365 1253 397 in
1272 376 1475 411 argumento
1497 376 1581 401 orat.
1598 376 1657 411 pro
1676 369 1747 402 Mi-

1078 409 1147 444 lone
1163 394 1331 457 pluribus
1341 414 1454 448 verbis
1473 424 1594 449 narrat.

1130 458 1316 506 Pompeius
1347 461 1467 496 deinde
1504 463 1547 498 ab
1585 463 1748 510 interrege

1080 507 1151 542 Ser.
1171 508 1327 555 Sulpicio
1346 521 1369 542 v
1388 511 1465 545 Kal.
1495 511 1603 546 Mart.
1630 513 1747 547 consul

1081 565 1213 591 creatus
1240 556 1300 598 est,
1327 557 1510 604 statimque
1532 560 1746 595 consulatum

1083 604 1157 639 iniit
1181 615 1215 640 et
1242 618 1348 641 novas
1366 606 1456 653 leges
1475 608 1576 642 tulit:
1604 609 1689 643 duas
1707 622 1748 644 ex

1083 654 1116 688 S.
1136 654 1177 688 C.
1205 654 1344 689 alteram
1363 655 1405 690 de
1424 657 1469 697 vi,
1497 668 1568 703 qua
1595 659 1749 692 nomina-

1080 703 1143 737 tim
1172 703 1303 738 caedem
1324 706 1441 751 Appia
1466 705 1522 739 via
1553 703 1690 745 fafitaim
1717 717 1751 741 et

1081 752 1279 786 incendium
1300 753 1431 795 Curiae,
1458 764 1492 788 et
1518 753 1663 788 domum
1689 754 1747 789 M.

1078 800 1208 847 Lepidi
1274 802 1450 848 interregis
1509 812 1748 849 oppugnatam

1079 848 1361 895 comprehendit:
1385 851 1524 885 alteram
1542 851 1585 885 de
1602 851 1749 892 ambitu

1079 908 1186 944 poena
1214 899 1373 944 graviore
1402 908 1438 933 et
1466 898 1579 934 forma
1600 898 1750 946 judicio-

1080 958 1158 980 rum
1177 946 1331 982 breviore
1348 947 1534 995 proposita.
1587 941 1750 1003 Utraque

1078 995 1171 1029 enim
1189 995 1242 1030 lex
1262 997 1357 1043 prius
1376 996 1473 1030 testes
1501 997 1572 1031 dari
1602 1009 1663 1044 per
1691 1000 1749 1032 tri-

1079 1044 1203 1087 duum,
1229 1045 1352 1080 deinde
1381 1057 1453 1079 uno
1480 1045 1535 1080 die
1562 1056 1666 1092 atque
1691 1058 1747 1081 eo-

1079 1093 1158 1127 dem
1187 1103 1221 1128 et
1251 1093 1295 1128 ab
1328 1093 1523 1129 accusatore
1555 1104 1590 1129 et
1619 1095 1663 1129 ab
1692 1107 1749 1130 reo

1079 1142 1228 1188 perorari
1248 1140 1409 1188 jubebat,
1436 1143 1482 1177 ita
1500 1153 1540 1178 ut
1556 1143 1636 1178 duae
1655 1144 1749 1179 horae

1078 1189 1276 1231 accusatori,
1304 1201 1369 1226 tres
1389 1203 1445 1226 reo
1467 1191 1640 1233 darentur,
1668 1204 1748 1227 auc-

1078 1248 1152 1273 tore
1184 1239 1346 1274 Asconio.
1399 1240 1498 1275 Hinc
1535 1241 1681 1275 Tacitus
1714 1243 1747 1276 in

1078 1287 1232 1335 Dialogo
1258 1288 1301 1322 de
1332 1288 1550 1331 Oratoribus,
1586 1298 1654 1334 cap.
1689 1292 1747 1334 38.

1077 1336 1125 1370 ait
1141 1337 1351 1383 Pompeium
1369 1339 1522 1384 primum
1541 1337 1749 1373 adstrinxiffe

1075 1394 1110 1418 et
1144 1385 1338 1432 imposuiffe
1372 1386 1480 1421 veluti
1521 1385 1649 1422 fraenos
1676 1386 1748 1422 elo-

1076 1443 1242 1480 quentiae.

1126 1483 1182 1516 De
1207 1482 1271 1517 hac
1293 1482 1369 1530 lege
1391 1482 1547 1529 Pompeii
1574 1483 1696 1519 Cicero
1715 1484 1749 1519 in

1078 1530 1201 1572 Bruto,
1227 1543 1301 1578 cap.
1331 1543 1390 1579 94.
1442 1533 1602 1575 Maxime,
1635 1533 1751 1580 inquit

1079 1580 1138 1626 (de
1155 1580 1186 1614 se
1201 1590 1236 1615 et
1254 1580 1441 1615 Hortensio
1459 1581 1578 1628 agens)
1589 1583 1750 1628 perspeHa

1075 1629 1115 1674 est
1131 1629 1288 1676 utriusque
1304 1630 1437 1674 nostrum
1458 1631 1644 1665 exercitatio
1652 1631 1750 1676 paulo

1076 1685 1164 1719 ante,
1191 1690 1259 1712 cum
1285 1678 1350 1724 lege
1375 1680 1524 1724 Pompeia
1548 1681 1647 1714 ternis
1664 1679 1750 1714 horis

1078 1726 1124 1761 ad
1137 1726 1294 1762 dicendum
1311 1726 1409 1769 datis,
1435 1727 1480 1762 ad
1505 1729 1612 1775 causas
1622 1728 1750 1771 ſsmilli-

1078 1787 1146 1811 mas
1174 1778 1257 1810 inter
1271 1775 1322 1820 st,
1347 1775 1403 1810 vel
1423 1777 1529 1822 potius
1545 1776 1658 1822 easdem
1673 1779 1751 1812 novi

1077 1824 1276 1859 veniebamus
1293 1824 1438 1872 quotidie.
1490 1825 1538 1860 Et
1562 1826 1660 1860 initio
1685 1826 1748 1861 lib.

1078 1873 1140 1909 lv.
1169 1873 1212 1908 de
1238 1872 1396 1909 Finibus.
1423 1874 1498 1909 Ain'
1519 1873 1654 1915 tandem,
1682 1886 1750 1909 cum

1077 1933 1132 1968 ego
1161 1929 1193 1956 te
1220 1922 1279 1956 hac
1305 1934 1390 1957 nova
1407 1922 1471 1969 lege
1485 1922 1622 1964 videam,
1648 1922 1750 1958 eodem

1077 1970 1127 2006 die
1155 1971 1329 2017 accusatori
1365 1970 1553 2017 respondere,
1590 1978 1620 2007 et
1649 1972 1752 2007 tribus

1077 2020 1161 2055 horis
1174 2029 1336 2066 perorare,
1361 2022 1394 2054 in
1423 2020 1482 2056 hac
1502 2032 1549 2055 me
1565 2020 1655 2066 causa
1670 2029 1751 2056 tem-

1074 2079 1137 2116 pus
1152 2068 1327 2104 dilaturum
1339 2077 1438 2115 putas
1451 2070 1470 2103 ?

1129 2117 1264 2153 Perlata
1281 2118 1355 2165 lege
1373 2118 1543 2166 Pompeii,
1561 2127 1596 2153 et
1612 2118 1657 2153 L.
1675 2118 1750 2152 Do-

1081 2167 1180 2202 mitio
1205 2167 1445 2202 Ahenobarbo
1473 2167 1655 2213 quaefitore
1681 2165 1750 2201 suf-

1081 2215 1193 2263 fragio
1211 2216 1334 2263 populi
1364 2225 1488 2256 creato,
1516 2215 1610 2249 Milo
1637 2215 1680 2249 de
1700 2217 1750 2257 vi,

1081 2274 1115 2300 et
1132 2265 1175 2300 de
1191 2265 1339 2306 ambitu,
1365 2274 1399 2298 et
1426 2264 1468 2298 de
1490 2263 1651 2298 sodalitiis
1673 2264 1750 2310 pos-

1083 2314 1214 2348 tulatus
1252 2312 1329 2348 fuit
1380 2311 1598 2346 Accuiarunt
1631 2311 1674 2346 de
1714 2313 1751 2347 vi

1082 2362 1255 2397 Milonem
1293 2373 1337 2396 ιιι
1370 2360 1452 2395 Idus
1483 2361 1573 2407 Apr.
1611 2360 1752 2407 Appius

1082 2409 1202 2457 major,
1230 2409 1284 2444 M.
1304 2410 1495 2451 Antonius,
1520 2419 1554 2443 et
1581 2409 1621 2443 P.
1649 2408 1751 2444 Vale-

1082 2460 1153 2494 rius
1183 2461 1327 2506 Nepos:
1368 2457 1540 2505 respondit
1569 2458 1636 2493 illis
1661 2469 1752 2494 unus

1311 2553 1449 2592 er
