<?xml version="1.0" encoding="UTF-8"?>
<!DOCTYPE html PUBLIC "-//W3C//DTD XHTML 1.0 Transitional//EN"
    "http://www.w3.org/TR/xhtml1/DTD/xhtml1-transitional.dtd">
<html xmlns="http://www.w3.org/1999/xhtml" xml:lang="en" lang="en">
 <head>
  <title>
</title>
<meta http-equiv="Content-Type" content="text/html;charset=utf-8" />
  <meta name='ocr-system' content='tesseract 3.04.00' />
  <meta name='ocr-capabilities' content='ocr_page ocr_carea ocr_par ocr_line ocrx_word'/>
</head>
<body>
  <div class='ocr_page' id='page_1' title='image "./operacumindicibu09ciceuoft_0145.png"; bbox 0 0 2335 3009; ppageno 0'>
   <div class='ocr_carea' id='block_1_1' title="bbox 766 211 1367 252">
    <p class='ocr_par' dir='ltr' id='par_1_1' title="bbox 766 211 1367 252">
     <span class='ocr_line' id='line_1_1' title="bbox 766 211 1367 252; baseline 0.002 -1"><span class='ocrx_word' id='word_1_1' title='bbox 766 211 1367 252; x_wconf 90' lang='lat' dir='ltr'>FRAGMENTA.</span> 
     </span>
    </p>
   </div>
   <div class='ocr_carea' id='block_1_2' title="bbox 375 311 1375 497">
    <p class='ocr_par' dir='ltr' id='par_1_2' title="bbox 375 311 1375 497">
     <span class='ocr_line' id='line_1_2' title="bbox 375 311 1305 365; baseline -0.001 -14"><span class='ocrx_word' id='word_1_2' title='bbox 375 311 454 364; x_wconf 74' lang='lat' dir='ltr'>Qi</span> <span class='ocrx_word' id='word_1_3' title='bbox 453 312 601 365; x_wconf 82' lang='lat' dir='ltr'>signum</span> <span class='ocrx_word' id='word_1_4' title='bbox 619 312 806 363; x_wconf 65' lang='lat' dir='ltr'>expeblans</span> <span class='ocrx_word' id='word_1_5' title='bbox 824 324 993 363; x_wconf 84' lang='lat' dir='ltr'>magnum</span> <span class='ocrx_word' id='word_1_6' title='bbox 1011 320 1131 351; x_wconf 80' lang='lat' dir='ltr'>manet</span> <span class='ocrx_word' id='word_1_7' title='bbox 1151 312 1305 356; x_wconf 83' lang='lat' dir='ltr'><em>Oriona,</em></span> 
     </span>
     <span class='ocr_line' id='line_1_3' title="bbox 375 377 1361 431; baseline -0.001 -14"><span class='ocrx_word' id='word_1_8' title='bbox 375 380 514 431; x_wconf 83' lang='lat' dir='ltr'><em>Nempe</em></span> <span class='ocrx_word' id='word_1_9' title='bbox 531 377 604 417; x_wconf 84' lang='lat' dir='ltr'>iter</span> <span class='ocrx_word' id='word_1_10' title='bbox 622 386 664 416; x_wconf 88' lang='lat' dir='ltr'>ut</span> <span class='ocrx_word' id='word_1_11' title='bbox 683 377 792 422; x_wconf 85' lang='lat' dir='ltr'>ratis,</span> <span class='ocrx_word' id='word_1_12' title='bbox 821 386 857 416; x_wconf 85' lang='lat' dir='ltr'>et</span> <span class='ocrx_word' id='word_1_13' title='bbox 876 378 986 417; x_wconf 66' lang='lat' dir='ltr'>noblis</span> <span class='ocrx_word' id='word_1_14' title='bbox 1004 379 1168 430; x_wconf 80' lang='lat' dir='ltr'>menficra</span> <span class='ocrx_word' id='word_1_15' title='bbox 1180 380 1361 431; x_wconf 73' lang='lat' dir='ltr'>patescat,</span> 
     </span>
     <span class='ocr_line' id='line_1_4' title="bbox 376 442 1375 497; baseline -0.001 -16"><span class='ocrx_word' id='word_1_16' title='bbox 376 443 511 494; x_wconf 77' lang='lat' dir='ltr'>Qalia</span> <span class='ocrx_word' id='word_1_17' title='bbox 522 444 637 496; x_wconf 86' lang='lat' dir='ltr'>plura</span> <span class='ocrx_word' id='word_1_18' title='bbox 655 443 832 482; x_wconf 84' lang='lat' dir='ltr'>hominum</span> <span class='ocrx_word' id='word_1_19' title='bbox 847 443 977 496; x_wconf 83' lang='lat' dir='ltr'><em>generi</em></span> <span class='ocrx_word' id='word_1_20' title='bbox 992 444 1172 497; x_wconf 65' lang='lat' dir='ltr'>Dfstgna</span> <span class='ocrx_word' id='word_1_21' title='bbox 1190 442 1375 482; x_wconf 85' lang='lat' dir='ltr'>dederunt.</span> 
     </span>
    </p>
   </div>
   <div class='ocr_carea' id='block_1_3' title="bbox 392 573 1761 595">
    <p class='ocr_par' dir='ltr' id='par_1_3' title="bbox 392 573 1761 595">
     <span class='ocr_line' id='line_1_5' title="bbox 392 573 1761 595; baseline 0 2414"><span class='ocrx_word' id='word_1_22' title='bbox 392 573 1761 595; x_wconf 95' lang='lat' dir='ltr'> </span> 
     </span>
    </p>
   </div>
   <div class='ocr_carea' id='block_1_4' title="bbox 631 658 1513 700">
    <p class='ocr_par' dir='ltr' id='par_1_4' title="bbox 631 658 1513 700">
     <span class='ocr_line' id='line_1_6' title="bbox 631 658 1513 700; baseline 0.003 -3"><span class='ocrx_word' id='word_1_23' title='bbox 631 658 1513 700; x_wconf 87' lang='lat' dir='ltr'>PROGNOSTICA.</span> 
     </span>
    </p>
   </div>
   <div class='ocr_carea' id='block_1_5' title="bbox 434 767 1779 891">
    <p class='ocr_par' dir='ltr' id='par_1_5' title="bbox 434 767 1779 891">
     <span class='ocr_line' id='line_1_7' title="bbox 434 767 1737 824; baseline 0.003 -16"><span class='ocrx_word' id='word_1_24' title='bbox 434 769 588 808; x_wconf 84' lang='lat' dir='ltr'>PR1sc.</span> <span class='ocrx_word' id='word_1_25' title='bbox 619 768 681 808; x_wconf 86' lang='lat' dir='ltr'>lib.</span> <span class='ocrx_word' id='word_1_26' title='bbox 706 767 790 820; x_wconf 82' lang='lat' dir='ltr'>V1.]</span> <span class='ocrx_word' id='word_1_27' title='bbox 823 768 1036 821; x_wconf 87' lang='lat' dir='ltr'>Caprigeni</span> <span class='ocrx_word' id='word_1_28' title='bbox 1056 769 1208 821; x_wconf 90' lang='lat' dir='ltr'>pecoris</span> <span class='ocrx_word' id='word_1_29' title='bbox 1229 769 1356 809; x_wconf 86' lang='lat' dir='ltr'>custos</span> <span class='ocrx_word' id='word_1_30' title='bbox 1377 769 1424 808; x_wconf 93' lang='lat' dir='ltr'>de</span> <span class='ocrx_word' id='word_1_31' title='bbox 1444 772 1601 824; x_wconf 87' lang='lat' dir='ltr'>gurgite</span> <span class='ocrx_word' id='word_1_32' title='bbox 1619 773 1737 812; x_wconf 74' lang='lat' dir='ltr'>vasto,</span> 
     </span>
     <span class='ocr_line' id='line_1_8' title="bbox 435 833 1779 891; baseline 0.002 -17"><span class='ocrx_word' id='word_1_33' title='bbox 435 837 574 881; x_wconf 77' lang='lat' dir='ltr'>IDEM,</span> <span class='ocrx_word' id='word_1_34' title='bbox 604 834 666 873; x_wconf 90' lang='lat' dir='ltr'>lib.</span> <span class='ocrx_word' id='word_1_35' title='bbox 690 833 795 886; x_wconf 79' lang='lat' dir='ltr'>V11.]</span> <span class='ocrx_word' id='word_1_36' title='bbox 829 835 1009 873; x_wconf 87' lang='lat' dir='ltr'>Navibus</span> <span class='ocrx_word' id='word_1_37' title='bbox 1031 834 1172 873; x_wconf 84' lang='lat' dir='ltr'>amiffis</span> <span class='ocrx_word' id='word_1_38' title='bbox 1195 835 1390 874; x_wconf 86' lang='lat' dir='ltr'>fluitantia</span> <span class='ocrx_word' id='word_1_39' title='bbox 1408 850 1579 889; x_wconf 85' lang='lat' dir='ltr'>quaerere</span> <span class='ocrx_word' id='word_1_40' title='bbox 1599 838 1779 891; x_wconf 88' lang='lat' dir='ltr'>aplustra.</span> 
     </span>
    </p>
   </div>
   <div class='ocr_carea' id='block_1_6' title="bbox 435 899 1771 958">
    <p class='ocr_par' dir='ltr' id='par_1_6' title="bbox 435 899 1771 958">
     <span class='ocr_line' id='line_1_9' title="bbox 435 899 1771 958; baseline 0.002 -18"><span class='ocrx_word' id='word_1_41' title='bbox 435 903 575 948; x_wconf 76' lang='lat' dir='ltr'>IDEM,</span> <span class='ocrx_word' id='word_1_42' title='bbox 598 900 661 941; x_wconf 85' lang='lat' dir='ltr'>lib.</span> <span class='ocrx_word' id='word_1_43' title='bbox 685 899 750 952; x_wconf 81' lang='lat' dir='ltr'>x.]</span> <span class='ocrx_word' id='word_1_44' title='bbox 774 901 907 953; x_wconf 85' lang='lat' dir='ltr'>Qem</span> <span class='ocrx_word' id='word_1_45' title='bbox 929 913 1056 953; x_wconf 90' lang='lat' dir='ltr'>neque</span> <span class='ocrx_word' id='word_1_46' title='bbox 1077 901 1281 954; x_wconf 88' lang='lat' dir='ltr'>tempestas</span> <span class='ocrx_word' id='word_1_47' title='bbox 1302 902 1484 955; x_wconf 88' lang='lat' dir='ltr'>perimet,</span> <span class='ocrx_word' id='word_1_48' title='bbox 1506 916 1633 957; x_wconf 87' lang='lat' dir='ltr'>neque</span> <span class='ocrx_word' id='word_1_49' title='bbox 1652 904 1771 958; x_wconf 86' lang='lat' dir='ltr'>longa</span> 
     </span>
    </p>
   </div>
   <div class='ocr_carea' id='block_1_7' title="bbox 573 966 1533 1086">
    <p class='ocr_par' dir='ltr' id='par_1_7' title="bbox 573 966 1533 1086">
     <span class='ocr_line' id='line_1_10' title="bbox 681 966 846 1004; baseline 0 0"><span class='ocrx_word' id='word_1_50' title='bbox 681 966 846 1004; x_wconf 87' lang='lat' dir='ltr'>vetustas</span> 
     </span>
     <span class='ocr_line' id='line_1_11' title="bbox 573 1031 1533 1086; baseline 0.004 -17"><span class='ocrx_word' id='word_1_51' title='bbox 573 1032 795 1077; x_wconf 87' lang='lat' dir='ltr'>Interimet,</span> <span class='ocrx_word' id='word_1_52' title='bbox 827 1031 1026 1084; x_wconf 89' lang='lat' dir='ltr'>stinguens</span> <span class='ocrx_word' id='word_1_53' title='bbox 1047 1031 1229 1084; x_wconf 83' lang='lat' dir='ltr'>praeclara</span> <span class='ocrx_word' id='word_1_54' title='bbox 1248 1032 1414 1086; x_wconf 77' lang='lat' dir='ltr'>insignia</span> <span class='ocrx_word' id='word_1_55' title='bbox 1433 1034 1533 1074; x_wconf 87' lang='lat' dir='ltr'>caeli.</span> 
     </span>
    </p>
   </div>
   <div class='ocr_carea' id='block_1_8' title="bbox 435 1096 1716 1151">
    <p class='ocr_par' dir='ltr' id='par_1_8' title="bbox 435 1096 1716 1151">
     <span class='ocr_line' id='line_1_12' title="bbox 435 1096 1716 1151; baseline 0.002 -14"><span class='ocrx_word' id='word_1_56' title='bbox 435 1099 575 1144; x_wconf 73' lang='lat' dir='ltr'>IDEM,</span> <span class='ocrx_word' id='word_1_57' title='bbox 606 1096 711 1149; x_wconf 61' lang='lat' dir='ltr'>ibid]</span> <span class='ocrx_word' id='word_1_58' title='bbox 745 1098 802 1134; x_wconf 95' lang='lat' dir='ltr'>Ut</span> <span class='ocrx_word' id='word_1_59' title='bbox 823 1110 916 1135; x_wconf 89' lang='lat' dir='ltr'>cum</span> <span class='ocrx_word' id='word_1_60' title='bbox 936 1097 1030 1134; x_wconf 88' lang='lat' dir='ltr'>luna</span> <span class='ocrx_word' id='word_1_61' title='bbox 1050 1110 1182 1135; x_wconf 89' lang='lat' dir='ltr'>means</span> <span class='ocrx_word' id='word_1_62' title='bbox 1205 1098 1447 1151; x_wconf 81' lang='lat' dir='ltr'>Hyperionis</span> <span class='ocrx_word' id='word_1_63' title='bbox 1468 1100 1594 1139; x_wconf 87' lang='lat' dir='ltr'>officit</span> <span class='ocrx_word' id='word_1_64' title='bbox 1613 1101 1716 1147; x_wconf 90' lang='lat' dir='ltr'>orbi,</span> 
     </span>
    </p>
   </div>
   <div class='ocr_carea' id='block_1_9' title="bbox 574 1162 1393 1216">
    <p class='ocr_par' dir='ltr' id='par_1_9' title="bbox 574 1162 1393 1216">
     <span class='ocr_line' id='line_1_13' title="bbox 574 1162 1393 1216; baseline 0.004 -15"><span class='ocrx_word' id='word_1_65' title='bbox 574 1163 840 1216; x_wconf 88' lang='lat' dir='ltr'>Stinguuntur</span> <span class='ocrx_word' id='word_1_66' title='bbox 860 1162 956 1201; x_wconf 88' lang='lat' dir='ltr'>radii</span> <span class='ocrx_word' id='word_1_67' title='bbox 977 1177 1078 1201; x_wconf 85' lang='lat' dir='ltr'>caeca</span> <span class='ocrx_word' id='word_1_68' title='bbox 1097 1163 1266 1216; x_wconf 87' lang='lat' dir='ltr'>caligine</span> <span class='ocrx_word' id='word_1_69' title='bbox 1287 1165 1393 1204; x_wconf 66' lang='lat' dir='ltr'>tecti.</span> 
     </span>
    </p>
   </div>
   <div class='ocr_carea' id='block_1_10' title="bbox 437 1228 1770 1284">
    <p class='ocr_par' dir='ltr' id='par_1_10' title="bbox 437 1228 1770 1284">
     <span class='ocr_line' id='line_1_14' title="bbox 437 1228 1770 1284; baseline 0.002 -15"><span class='ocrx_word' id='word_1_70' title='bbox 437 1231 576 1275; x_wconf 78' lang='lat' dir='ltr'>IDEM,</span> <span class='ocrx_word' id='word_1_71' title='bbox 613 1229 675 1267; x_wconf 85' lang='lat' dir='ltr'>lib.</span> <span class='ocrx_word' id='word_1_72' title='bbox 713 1228 828 1281; x_wconf 55' lang='lat' dir='ltr'>xvh]</span> <span class='ocrx_word' id='word_1_73' title='bbox 870 1228 940 1267; x_wconf 94' lang='lat' dir='ltr'>Ast</span> <span class='ocrx_word' id='word_1_74' title='bbox 974 1239 1106 1267; x_wconf 86' lang='lat' dir='ltr'>autem</span> <span class='ocrx_word' id='word_1_75' title='bbox 1141 1230 1250 1267; x_wconf 89' lang='lat' dir='ltr'>tenui</span> <span class='ocrx_word' id='word_1_76' title='bbox 1284 1245 1372 1284; x_wconf 81' lang='lat' dir='ltr'>quae</span> <span class='ocrx_word' id='word_1_77' title='bbox 1410 1231 1578 1271; x_wconf 90' lang='lat' dir='ltr'>candent</span> <span class='ocrx_word' id='word_1_78' title='bbox 1617 1231 1770 1271; x_wconf 83' lang='lat' dir='ltr'>lumine</span> 
     </span>
    </p>
   </div>
   <div class='ocr_carea' id='block_1_11' title="bbox 574 1294 750 1333">
    <p class='ocr_par' dir='ltr' id='par_1_11' title="bbox 574 1294 750 1333">
     <span class='ocr_line' id='line_1_15' title="bbox 574 1294 750 1333; baseline 0 0"><span class='ocrx_word' id='word_1_79' title='bbox 574 1294 750 1333; x_wconf 89' lang='lat' dir='ltr'>Phatnae.</span> 
     </span>
    </p>
   </div>
   <div class='ocr_carea' id='block_1_12' title="bbox 426 1422 1769 1480">
    <p class='ocr_par' dir='ltr' id='par_1_12' title="bbox 426 1422 1769 1480">
     <span class='ocr_line' id='line_1_16' title="bbox 426 1422 1769 1480; baseline 0.001 -16"><span class='ocrx_word' id='word_1_80' title='bbox 426 1426 479 1464; x_wconf 77' lang='lat' dir='ltr'>Cr</span> <span class='ocrx_word' id='word_1_81' title='bbox 489 1437 527 1464; x_wconf 83' lang='lat' dir='ltr'>e.</span> <span class='ocrx_word' id='word_1_82' title='bbox 541 1425 678 1464; x_wconf 81' lang='lat' dir='ltr'>Divin.</span> <span class='ocrx_word' id='word_1_83' title='bbox 695 1422 793 1478; x_wconf 88' lang='lat' dir='ltr'>I.7.]</span> <span class='ocrx_word' id='word_1_84' title='bbox 805 1425 939 1476; x_wconf 89' lang='lat' dir='ltr'><strong>Atque</strong></span> <span class='ocrx_word' id='word_1_85' title='bbox 950 1423 1068 1462; x_wconf 85' lang='lat' dir='ltr'>etiam</span> <span class='ocrx_word' id='word_1_86' title='bbox 1076 1432 1213 1463; x_wconf 88' lang='lat' dir='ltr'>ventos</span> <span class='ocrx_word' id='word_1_87' title='bbox 1226 1424 1495 1478; x_wconf 85' lang='lat' dir='ltr'>praemonstrat</span> <span class='ocrx_word' id='word_1_88' title='bbox 1505 1426 1601 1480; x_wconf 84' lang='lat' dir='ltr'>saepe</span> <span class='ocrx_word' id='word_1_89' title='bbox 1614 1425 1769 1466; x_wconf 86' lang='lat' dir='ltr'>futuros</span> 
     </span>
    </p>
   </div>
   <div class='ocr_carea' id='block_1_13' title="bbox 379 1490 1459 1807">
    <p class='ocr_par' dir='ltr' id='par_1_13' title="bbox 379 1490 1459 1679">
     <span class='ocr_line' id='line_1_17' title="bbox 380 1490 1459 1543; baseline 0.001 -13"><span class='ocrx_word' id='word_1_90' title='bbox 380 1491 569 1530; x_wconf 88' lang='lat' dir='ltr'>Inflatum</span> <span class='ocrx_word' id='word_1_91' title='bbox 590 1504 709 1536; x_wconf 89' lang='lat' dir='ltr'>mare,</span> <span class='ocrx_word' id='word_1_92' title='bbox 741 1504 835 1528; x_wconf 92' lang='lat' dir='ltr'>cum</span> <span class='ocrx_word' id='word_1_93' title='bbox 856 1490 986 1529; x_wconf 90' lang='lat' dir='ltr'>subito</span> <span class='ocrx_word' id='word_1_94' title='bbox 1005 1490 1240 1543; x_wconf 86' lang='lat' dir='ltr'>penitusque</span> <span class='ocrx_word' id='word_1_95' title='bbox 1261 1492 1459 1538; x_wconf 88' lang='lat' dir='ltr'>tumescit,</span> 
     </span>
     <span class='ocr_line' id='line_1_18' title="bbox 382 1555 1322 1609; baseline 0 -14"><span class='ocrx_word' id='word_1_96' title='bbox 382 1558 554 1609; x_wconf 87' lang='lat' dir='ltr'>Saxaque</span> <span class='ocrx_word' id='word_1_97' title='bbox 574 1570 682 1602; x_wconf 89' lang='lat' dir='ltr'>cana,</span> <span class='ocrx_word' id='word_1_98' title='bbox 714 1555 800 1594; x_wconf 88' lang='lat' dir='ltr'>salis</span> <span class='ocrx_word' id='word_1_99' title='bbox 821 1556 936 1594; x_wconf 91' lang='lat' dir='ltr'>niveo</span> <span class='ocrx_word' id='word_1_100' title='bbox 956 1556 1134 1608; x_wconf 89' lang='lat' dir='ltr'>spumata</span> <span class='ocrx_word' id='word_1_101' title='bbox 1153 1557 1322 1609; x_wconf 88' lang='lat' dir='ltr'>liquore,</span> 
     </span>
     <span class='ocr_line' id='line_1_19' title="bbox 379 1621 1324 1679; baseline -0.001 -17"><span class='ocrx_word' id='word_1_102' title='bbox 379 1622 596 1679; x_wconf 74' lang='lat' dir='ltr'>Tristificas</span> <span class='ocrx_word' id='word_1_103' title='bbox 617 1631 768 1660; x_wconf 91' lang='lat' dir='ltr'>certant</span> <span class='ocrx_word' id='word_1_104' title='bbox 789 1622 983 1674; x_wconf 87' lang='lat' dir='ltr'>Neptuno</span> <span class='ocrx_word' id='word_1_105' title='bbox 1003 1621 1161 1660; x_wconf 79' lang='lat' dir='ltr'>reddere</span> <span class='ocrx_word' id='word_1_106' title='bbox 1182 1636 1295 1661; x_wconf 91' lang='lat' dir='ltr'>voces</span> <span class='ocrx_word' id='word_1_107' title='bbox 1314 1638 1324 1661; x_wconf 77' lang='grc' dir='ltr'>ε</span> 
     </span>
    </p>

    <p class='ocr_par' dir='ltr' id='par_1_14' title="bbox 379 1687 1393 1807">
     <span class='ocr_line' id='line_1_20' title="bbox 379 1687 1393 1728; baseline -0.001 0"><span class='ocrx_word' id='word_1_108' title='bbox 379 1691 465 1728; x_wconf 89' lang='lat' dir='ltr'>Aut</span> <span class='ocrx_word' id='word_1_109' title='bbox 485 1688 623 1727; x_wconf 89' lang='lat' dir='ltr'>densus</span> <span class='ocrx_word' id='word_1_110' title='bbox 644 1687 783 1726; x_wconf 85' lang='lat' dir='ltr'>stridor</span> <span class='ocrx_word' id='word_1_111' title='bbox 802 1701 896 1726; x_wconf 89' lang='lat' dir='ltr'>cum</span> <span class='ocrx_word' id='word_1_112' title='bbox 917 1687 1019 1726; x_wconf 88' lang='lat' dir='ltr'>celso</span> <span class='ocrx_word' id='word_1_113' title='bbox 1039 1701 1060 1726; x_wconf 93' lang='lat' dir='ltr'>e</span> <span class='ocrx_word' id='word_1_114' title='bbox 1079 1689 1225 1727; x_wconf 89' lang='lat' dir='ltr'>vertice</span> <span class='ocrx_word' id='word_1_115' title='bbox 1245 1690 1393 1728; x_wconf 86' lang='lat' dir='ltr'>montis</span> 
     </span>
     <span class='ocr_line' id='line_1_21' title="bbox 383 1752 1355 1807; baseline -0.001 -14"><span class='ocrx_word' id='word_1_116' title='bbox 383 1756 522 1800; x_wconf 88' lang='lat' dir='ltr'>Ortus,</span> <span class='ocrx_word' id='word_1_117' title='bbox 553 1753 774 1806; x_wconf 82' lang='lat' dir='ltr'>adaugescit</span> <span class='ocrx_word' id='word_1_118' title='bbox 794 1752 1047 1806; x_wconf 90' lang='lat' dir='ltr'>scopulorum</span> <span class='ocrx_word' id='word_1_119' title='bbox 1069 1753 1165 1807; x_wconf 87' lang='lat' dir='ltr'>saepe</span> <span class='ocrx_word' id='word_1_120' title='bbox 1184 1754 1355 1806; x_wconf 84' lang='lat' dir='ltr'>repulsu.</span> 
     </span>
    </p>
   </div>
   <div class='ocr_carea' id='block_1_14' title="bbox 381 1881 1484 2461">
    <p class='ocr_par' dir='ltr' id='par_1_15' title="bbox 381 1881 1479 2134">
     <span class='ocr_line' id='line_1_22' title="bbox 382 1881 1316 1935; baseline -0.002 -13"><span class='ocrx_word' id='word_1_121' title='bbox 382 1885 491 1923; x_wconf 90' lang='lat' dir='ltr'>Rava</span> <span class='ocrx_word' id='word_1_122' title='bbox 509 1882 612 1922; x_wconf 85' lang='lat' dir='ltr'>fulix</span> <span class='ocrx_word' id='word_1_123' title='bbox 633 1883 771 1922; x_wconf 89' lang='lat' dir='ltr'>itidem</span> <span class='ocrx_word' id='word_1_124' title='bbox 792 1881 949 1935; x_wconf 89' lang='lat' dir='ltr'>fugiens</span> <span class='ocrx_word' id='word_1_125' title='bbox 969 1896 990 1920; x_wconf 93' lang='lat' dir='ltr'>e</span> <span class='ocrx_word' id='word_1_126' title='bbox 1010 1882 1167 1935; x_wconf 88' lang='lat' dir='ltr'>gurgite</span> <span class='ocrx_word' id='word_1_127' title='bbox 1186 1882 1316 1935; x_wconf 89' lang='lat' dir='ltr'>ponti,</span> 
     </span>
     <span class='ocr_line' id='line_1_23' title="bbox 381 1947 1363 2000; baseline -0.001 -13"><span class='ocrx_word' id='word_1_128' title='bbox 381 1949 554 1988; x_wconf 86' lang='lat' dir='ltr'>Nuntiat</span> <span class='ocrx_word' id='word_1_129' title='bbox 574 1949 785 1987; x_wconf 84' lang='lat' dir='ltr'>horribiles</span> <span class='ocrx_word' id='word_1_130' title='bbox 806 1949 978 1989; x_wconf 87' lang='lat' dir='ltr'>clamans</span> <span class='ocrx_word' id='word_1_131' title='bbox 999 1947 1137 1986; x_wconf 89' lang='lat' dir='ltr'>instare</span> <span class='ocrx_word' id='word_1_132' title='bbox 1157 1948 1363 2000; x_wconf 89' lang='lat' dir='ltr'>procellas,</span> 
     </span>
     <span class='ocr_line' id='line_1_24' title="bbox 383 2013 1479 2067; baseline -0.001 -13"><span class='ocrx_word' id='word_1_133' title='bbox 383 2015 502 2054; x_wconf 89' lang='lat' dir='ltr'>Haud</span> <span class='ocrx_word' id='word_1_134' title='bbox 523 2016 700 2054; x_wconf 90' lang='lat' dir='ltr'>modicos</span> <span class='ocrx_word' id='word_1_135' title='bbox 723 2015 894 2053; x_wconf 89' lang='lat' dir='ltr'>tremulo</span> <span class='ocrx_word' id='word_1_136' title='bbox 914 2013 1084 2053; x_wconf 87' lang='lat' dir='ltr'>fundens</span> <span class='ocrx_word' id='word_1_137' title='bbox 1105 2028 1126 2052; x_wconf 91' lang='lat' dir='ltr'>e</span> <span class='ocrx_word' id='word_1_138' title='bbox 1145 2023 1306 2067; x_wconf 87' lang='lat' dir='ltr'>gutture</span> <span class='ocrx_word' id='word_1_139' title='bbox 1326 2024 1479 2053; x_wconf 75' lang='lat' dir='ltr'>cantus.</span> 
     </span>
     <span class='ocr_line' id='line_1_25' title="bbox 384 2080 1382 2134; baseline -0.001 -15"><span class='ocrx_word' id='word_1_140' title='bbox 384 2082 489 2134; x_wconf 88' lang='lat' dir='ltr'>Saepe</span> <span class='ocrx_word' id='word_1_141' title='bbox 508 2081 627 2119; x_wconf 90' lang='lat' dir='ltr'>etiam</span> <span class='ocrx_word' id='word_1_142' title='bbox 647 2080 823 2134; x_wconf 90' lang='lat' dir='ltr'>pertriste</span> <span class='ocrx_word' id='word_1_143' title='bbox 843 2081 948 2119; x_wconf 88' lang='lat' dir='ltr'>canit</span> <span class='ocrx_word' id='word_1_144' title='bbox 968 2080 1015 2118; x_wconf 89' lang='lat' dir='ltr'>de</span> <span class='ocrx_word' id='word_1_145' title='bbox 1036 2081 1190 2134; x_wconf 62' lang='lat' dir='ltr'>pectore</span> <span class='ocrx_word' id='word_1_146' title='bbox 1210 2093 1382 2126; x_wconf 87' lang='lat' dir='ltr'>carmen,</span> 
     </span>
    </p>

    <p class='ocr_par' dir='ltr' id='par_1_16' title="bbox 383 2145 1234 2191">
     <span class='ocr_line' id='line_1_26' title="bbox 383 2145 1234 2191; baseline -0.001 -7"><span class='ocrx_word' id='word_1_147' title='bbox 383 2147 438 2184; x_wconf 89' lang='lat' dir='ltr'>Et</span> <span class='ocrx_word' id='word_1_148' title='bbox 467 2147 671 2184; x_wconf 88' lang='lat' dir='ltr'>matutinis</span> <span class='ocrx_word' id='word_1_149' title='bbox 701 2145 881 2185; x_wconf 88' lang='lat' dir='ltr'>acredula</span> <span class='ocrx_word' id='word_1_150' title='bbox 910 2146 1074 2184; x_wconf 88' lang='lat' dir='ltr'>vocibus</span> <span class='ocrx_word' id='word_1_151' title='bbox 1104 2145 1234 2191; x_wconf 87' lang='lat' dir='ltr'>instat,</span> 
     </span>
    </p>

    <p class='ocr_par' dir='ltr' id='par_1_17' title="bbox 383 2211 1484 2461">
     <span class='ocr_line' id='line_1_27' title="bbox 383 2211 1370 2264; baseline 0 -15"><span class='ocrx_word' id='word_1_152' title='bbox 383 2211 561 2250; x_wconf 89' lang='lat' dir='ltr'>Vocibus</span> <span class='ocrx_word' id='word_1_153' title='bbox 581 2212 710 2258; x_wconf 89' lang='lat' dir='ltr'>instat,</span> <span class='ocrx_word' id='word_1_154' title='bbox 742 2222 781 2251; x_wconf 91' lang='lat' dir='ltr'>et</span> <span class='ocrx_word' id='word_1_155' title='bbox 800 2211 960 2250; x_wconf 85' lang='lat' dir='ltr'>affiduas</span> <span class='ocrx_word' id='word_1_156' title='bbox 975 2212 1074 2264; x_wconf 90' lang='lat' dir='ltr'>jacit</span> <span class='ocrx_word' id='word_1_157' title='bbox 1094 2225 1160 2250; x_wconf 89' lang='lat' dir='ltr'>ore</span> <span class='ocrx_word' id='word_1_158' title='bbox 1179 2211 1370 2264; x_wconf 89' lang='lat' dir='ltr'>querelas,</span> 
     </span>
     <span class='ocr_line' id='line_1_28' title="bbox 384 2278 1343 2331; baseline -0.001 -14"><span class='ocrx_word' id='word_1_159' title='bbox 384 2279 491 2317; x_wconf 89' lang='lat' dir='ltr'>Cum</span> <span class='ocrx_word' id='word_1_160' title='bbox 511 2278 687 2329; x_wconf 89' lang='lat' dir='ltr'>primum</span> <span class='ocrx_word' id='word_1_161' title='bbox 706 2278 857 2331; x_wconf 88' lang='lat' dir='ltr'>gelidos</span> <span class='ocrx_word' id='word_1_162' title='bbox 880 2291 982 2316; x_wconf 86' lang='lat' dir='ltr'>rores</span> <span class='ocrx_word' id='word_1_163' title='bbox 1003 2291 1139 2316; x_wconf 89' lang='lat' dir='ltr'>aurora</span> <span class='ocrx_word' id='word_1_164' title='bbox 1159 2278 1343 2316; x_wconf 85' lang='lat' dir='ltr'>remittit.</span> 
     </span>
     <span class='ocr_line' id='line_1_29' title="bbox 385 2343 1484 2397; baseline -0.001 -14"><span class='ocrx_word' id='word_1_165' title='bbox 385 2343 586 2396; x_wconf 88' lang='lat' dir='ltr'>Fuscaque</span> <span class='ocrx_word' id='word_1_166' title='bbox 607 2357 892 2397; x_wconf 88' lang='lat' dir='ltr'>nonnunquam</span> <span class='ocrx_word' id='word_1_167' title='bbox 913 2344 1068 2382; x_wconf 90' lang='lat' dir='ltr'>cursans</span> <span class='ocrx_word' id='word_1_168' title='bbox 1091 2357 1158 2396; x_wconf 89' lang='lat' dir='ltr'>per</span> <span class='ocrx_word' id='word_1_169' title='bbox 1177 2344 1312 2381; x_wconf 90' lang='lat' dir='ltr'>littora</span> <span class='ocrx_word' id='word_1_170' title='bbox 1332 2343 1484 2389; x_wconf 83' lang='lat' dir='ltr'>cornix,</span> 
     </span>
     <span class='ocr_line' id='line_1_30' title="bbox 385 2409 1340 2461; baseline -0.004 -11"><span class='ocrx_word' id='word_1_171' title='bbox 385 2409 582 2450; x_wconf 80' lang='lat' dir='ltr'>Demersit</span> <span class='ocrx_word' id='word_1_172' title='bbox 601 2418 733 2461; x_wconf 86' lang='lat' dir='ltr'>caput,</span> <span class='ocrx_word' id='word_1_173' title='bbox 763 2419 802 2447; x_wconf 89' lang='lat' dir='ltr'>et</span> <span class='ocrx_word' id='word_1_174' title='bbox 823 2409 987 2448; x_wconf 67' lang='lat' dir='ltr'>fluctum</span> <span class='ocrx_word' id='word_1_175' title='bbox 1007 2410 1158 2448; x_wconf 88' lang='lat' dir='ltr'>cervice</span> <span class='ocrx_word' id='word_1_176' title='bbox 1180 2409 1340 2461; x_wconf 88' lang='lat' dir='ltr'>recepit.</span> 
     </span>
    </p>
   </div>
   <div class='ocr_carea' id='block_1_15' title="bbox 441 2474 1503 2581">
    <p class='ocr_par' dir='ltr' id='par_1_18' title="bbox 441 2474 1503 2581">
     <span class='ocr_line' id='line_1_31' title="bbox 441 2474 1503 2528; baseline -0.002 -14"><span class='ocrx_word' id='word_1_177' title='bbox 441 2476 523 2514; x_wconf 84' lang='lat' dir='ltr'>Vos</span> <span class='ocrx_word' id='word_1_178' title='bbox 545 2489 704 2528; x_wconf 87' lang='lat' dir='ltr'>quoque</span> <span class='ocrx_word' id='word_1_179' title='bbox 725 2474 830 2528; x_wconf 78' lang='lat' dir='ltr'>signa</span> <span class='ocrx_word' id='word_1_180' title='bbox 849 2475 1006 2521; x_wconf 88' lang='lat' dir='ltr'>videtis,</span> <span class='ocrx_word' id='word_1_181' title='bbox 1036 2475 1149 2528; x_wconf 85' lang='lat' dir='ltr'>aquai</span> <span class='ocrx_word' id='word_1_182' title='bbox 1169 2475 1297 2514; x_wconf 90' lang='lat' dir='ltr'>dulcis</span> <span class='ocrx_word' id='word_1_183' title='bbox 1318 2475 1503 2519; x_wconf 66' lang='lat' dir='ltr'>alumnae,</span> 
     </span>
     <span class='ocr_line' id='line_1_32' title="bbox 471 2540 1475 2581; baseline -0.001 -1"><span class='ocrx_word' id='word_1_184' title='bbox 471 2542 611 2581; x_wconf 76' lang='lat' dir='ltr'>ToM.</span> <span class='ocrx_word' id='word_1_185' title='bbox 643 2540 718 2580; x_wconf 89' lang='lat' dir='ltr'>IX.</span> <span class='ocrx_word' id='word_1_186' title='bbox 1452 2540 1475 2579; x_wconf 90' lang='lat' dir='ltr'>S</span> 
     </span>
    </p>
   </div>
  </div>
 </body>
</html>
