2335 3009
537 232 586 287 38
879 227 1570 273 EPISTOLARUM

536 329 656 370 effent
674 329 865 382 exempti.
910 328 1066 382 Appius
1087 340 1108 365 a
1128 326 1275 366 Caesare
1295 327 1474 366 nondum
1493 327 1672 366 redierat.
1713 328 1822 367 Tuas
1843 328 1925 368 miss·

535 395 646 434 rifice
665 395 795 433 literas
815 395 979 447 expetito
994 412 1006 440 ς
1038 402 1154 445 atque
1182 391 1311 430 adhuc
1340 393 1516 432 clausum
1546 407 1650 432 mare
1675 393 1756 432 scio
1782 393 1895 433 fuiffe
1911 408 1924 434 ε

537 461 600 500 sed
620 459 809 512 quosdam
829 459 971 498 venisse
992 468 1122 498 tamen
1144 458 1265 496 Olbia
1294 457 1492 504 dicebant,
1523 459 1593 511 qui
1624 469 1661 497 te
1691 461 1807 498 unice
1836 460 1923 498 lau-

537 525 687 570 darent,
718 525 960 578 plurimique
979 524 1020 562 in
1042 523 1245 576 provincia
1272 522 1357 561 fieri
1377 525 1565 562 dicerent.
1613 524 1739 563 Iidem
1771 525 1926 564 aiebant

536 591 717 630 nuntiare
751 599 789 629 te
822 590 950 642 prima
982 588 1229 641 navigatione
1264 588 1601 634 transmiffurum;
1632 589 1673 627 id
1708 590 1854 642 cupio:
1886 599 1926 629 et

537 669 764 709 quanquam
785 655 954 708 teipsum
985 654 1135 692 scilicet
1159 653 1345 699 maxime,
1378 663 1509 693 tamen
1537 654 1658 693 etiam
1682 654 1812 693 literas
1840 664 1926 694 tuas

537 731 641 768 ante,
670 723 848 774 expecto.
894 721 960 759 Mi
979 720 1113 765 frater,
1145 719 1242 758 vale.

851 921 1121 960 MARcus
1166 922 1236 973 Q
1269 921 1524 960 Fnarnx
1570 922 1610 960 S.

540 1051 635 1090 VII.
660 1050 887 1123 ANTE
918 1049 1023 1087 diem
1058 1063 1114 1088 111
1150 1049 1210 1088 Id.
1234 1049 1365 1101 April.
1397 1058 1486 1087 ante
1506 1050 1638 1087 lucem
1658 1048 1760 1086 hanc
1779 1048 1926 1100 episto-

770 1115 848 1152 lam
869 1114 1117 1158 diCtaveram,
1148 1113 1454 1165 scripseramque
1473 1113 1514 1150 in
1536 1113 1691 1157 itinere,
1722 1121 1767 1150 ut
1792 1125 1838 1150 eo
1863 1112 1928 1151 die

535 1181 638 1234 apud
667 1182 722 1220 T.
747 1180 906 1217 Titium
936 1180 977 1216 in
1008 1179 1221 1230 Anagnino
1251 1191 1464 1217 manerem.
1511 1177 1702 1217 Postridie
1730 1186 1860 1216 autem
1884 1178 1928 1216 in

535 1246 694 1285 Laterio
714 1244 935 1297 cogitabam
956 1259 965 1282 :
998 1244 1104 1289 inde,
1136 1257 1228 1282 cum
1250 1244 1289 1281 in
1312 1244 1496 1296 Arpinati
1516 1244 1695 1297 quinque
1715 1243 1796 1282 dies
1825 1243 1927 1282 fuis-

535 1312 632 1356 sem,
671 1312 727 1349 ire
760 1310 802 1348 in
838 1309 1153 1361 Pompeianum:
1194 1308 1345 1346 rediens
1380 1309 1548 1361 aspicere
1582 1310 1826 1353 Cumanum,
1865 1319 1925 1354 ut,

535 1377 724 1430 quoniam
756 1375 797 1412 in
828 1374 940 1413 Non.
972 1374 1099 1412 Maias
1131 1373 1282 1412 Miloni
1302 1373 1384 1412 dies
1403 1374 1559 1427 prodita
1577 1373 1645 1419 est,
1675 1373 1778 1426 prid.
1813 1373 1926 1414 Non.

537 1443 676 1480 Romae
696 1441 826 1485 effern,
857 1449 990 1493 teque,
1022 1441 1077 1478 mi
1098 1439 1287 1478 cariffime
1306 1449 1345 1477 et
1366 1439 1580 1478 suaviffime
1599 1439 1733 1484 frater,
1762 1439 1810 1478 ad
1841 1453 1928 1479 earn

535 1508 641 1546 diem
665 1509 727 1560 (ut
748 1505 964 1560 sperabam)
989 1505 1175 1544 viderem.
1221 1505 1543 1545 AEdificationem
1564 1506 1711 1544 Arcani
1731 1505 1778 1543 ad
1810 1515 1927 1545 tuum

536 1573 748 1612 adventum
787 1571 987 1610 sustentari
1026 1571 1219 1624 placebat.
1271 1572 1373 1618 Fac,
1417 1572 1475 1610 mi
1512 1571 1654 1617 frater,
1699 1580 1745 1610 ut
1776 1571 1926 1617 valeas,

535 1639 914 1693 quamprimumque
933 1638 1078 1677 venias.

852 1839 1121 1878 Mancus
1167 1839 1236 1890 Q
1269 1840 1523 1878 Fam-121
1570 1839 1610 1878 S.

536 1968 654 2007 VIII.
679 1966 753 2040 O
785 1966 1092 2007 LITERAS
1122 1966 1223 2005 mihi
1246 1976 1328 2006 tuas
1345 1967 1659 2020 jucundissimas,
1689 1969 1924 2020 expectans,

783 2047 826 2072 ac
860 2034 989 2087 primo
1019 2031 1182 2085 quidem
1207 2046 1300 2071 cum
1321 2033 1523 2080 defiderio,
1553 2047 1660 2073 nunc
1687 2047 1777 2072 vero
1806 2035 1925 2072 etiam

536 2113 630 2140 cum
660 2099 828 2139 timore!
862 2101 995 2152 Atque
1025 2097 1094 2136 has
1124 2098 1221 2137 scito
1250 2099 1380 2138 literas
1410 2113 1474 2138 me
1503 2100 1600 2139 solas
1629 2099 1814 2153 accepiss‘e
1842 2099 1927 2152 post

537 2167 640 2211 illas,
671 2179 766 2220 quas
801 2174 891 2204 tuus
928 2174 1044 2203 nauta
1076 2165 1226 2209 attulit,
1259 2166 1381 2204 Olbia
1414 2166 1535 2206 datas.
1583 2166 1655 2206 Sed
1689 2176 1826 2205 caetera
1862 2169 1926 2217 (ut

537 2232 692 2283 scribis)
717 2232 895 2286 praesenti
926 2231 1091 2269 sermoni
1123 2231 1376 2271 reserventur.
1423 2233 1516 2271 Hoc
1549 2242 1677 2271 tamen
1712 2246 1789 2270 non
1823 2244 1927 2284 queo

536 2298 706 2337 differre.
741 2299 800 2337 ld.
836 2298 955 2336 Maiis
988 2297 1139 2336 senatus
1170 2297 1353 2350 frequens
1381 2298 1537 2337 divinus
1559 2298 1636 2337 fuit
1664 2300 1703 2337 in
1727 2298 1925 2351 supplica-

537 2365 644 2403 tione
665 2365 840 2403 Gabinio
861 2364 1099 2417 deneganda.
1145 2364 1313 2416 Adjurat
1337 2365 1528 2403 Procilius
1550 2364 1626 2403 hoc
1649 2364 1798 2403 nemini
1817 2363 1924 2401 acci-

535 2430 643 2469 diffe.
678 2431 789 2470 Foris
811 2431 920 2469 valde
943 2425 1155 2483 plauditur.
1200 2431 1309 2469 Mihi
1330 2445 1423 2470 cum
1446 2431 1509 2470 sua
1529 2431 1664 2484 sponte
1680 2429 1923 2483 jucundum,

536 2505 623 2536 tum
639 2495 873 2549 jucundius,
904 2496 1011 2551 quod
1032 2510 1096 2536 mc
1115 2496 1286 2543 absente,
1311 2497 1382 2550 (cst
1402 2498 1510 2537 enim
1530 2490 1688 2547 εἱλικρινὶς
1702 2493 1922 2549 judicium)
