2335 3009
700 223 795 263 AD
853 223 923 275 Q
970 222 1336 262 FRATREM
1395 225 1528 265 LIB.
1584 228 1619 267 1.
1844 243 1869 284 ς

523 323 598 362 IV.
631 323 743 374 Qos
765 336 855 361 vero
874 331 941 360 aut
961 335 1009 361 ex
1029 321 1252 360 domesticis
1274 323 1607 370 convictionibus,
1635 334 1702 364 aut
1723 341 1771 365 ex
1792 341 1864 367 ne-

467 387 631 426 ceffariis
664 389 991 441 apparitionibus,
1023 397 1156 426 tecum
1188 388 1261 426 effe
1293 389 1464 434 voluisti,
1497 391 1566 442 qui
1587 391 1691 442 quasi
1722 406 1769 430 ex
1791 406 1861 431 co-

464 450 580 490 horte
611 454 786 506 praetoris
821 453 1008 506 appellari
1044 453 1184 498 solent,
1214 452 1359 491 horum
1390 467 1470 492 non
1501 455 1621 493 modo
1650 455 1764 502 faCta,
1796 457 1860 495 sed

462 519 585 556 etiam
606 519 708 556 dicta
728 519 874 564 omnia,
893 518 1103 570 praestanda
1124 518 1237 556 nobis
1259 518 1363 557 sunt.
1396 519 1469 556 Sed
1490 518 1609 558 habes
1625 534 1690 559 eos
1708 531 1856 568 tecum,

464 597 564 636 quos
596 585 711 637 poffis
743 586 844 623 ree‘te
875 583 1062 622 facientes
1094 583 1211 622 facile
1231 584 1422 637 diligere;
1455 587 1588 624 minus
1609 587 1856 627 consulentes

461 650 743 688 existimationi
764 660 839 688 tuae
860 649 1050 688 facillime
1071 663 1267 688 coercere:
1290 664 1310 688 a
1326 651 1488 703 quibus,
1506 651 1613 690 rudis
1634 666 1726 691 cum
1748 653 1855 699 effes,

462 715 618 753 videtur
638 715 804 768 potuiffe
825 726 892 754 tua
911 716 1123 754 liberalitas
1145 716 1303 769 decipi,
1337 730 1427 754 nam
1458 726 1501 755 ut
1531 717 1697 770 quisque
1725 718 1778 756 est
1799 720 1857 757 vir

462 782 656 833 optimus,
688 783 742 820 ita
762 781 1001 820 difficillime
1021 781 1093 820 effe
1113 781 1210 819 alios
1235 782 1439 834 improbos
1472 782 1688 835 suspicatur
1706 799 1714 822 :
1748 798 1855 823 nunc

463 860 554 885 vero
575 849 713 886 tertius
734 847 801 886 hic
823 861 946 885 annus
968 847 1108 886 habeat
1135 848 1403 900 integritatem
1431 849 1611 895 eandem,
1643 864 1763 903 quam
1790 850 1855 890 su-

462 913 648 964 periores,
679 914 894 951 cautiorem
925 914 1044 951 etiam
1077 926 1121 950 ae
1151 912 1462 964 diligentiorem.
1510 914 1595 951 Sint
1624 928 1732 953 aures
1765 925 1856 961 tuae,

463 991 549 1030 quae
571 979 625 1024 id,
658 978 764 1030 quod
785 979 965 1023 audiunt,
997 977 1270 1016 existimentur
1290 978 1437 1024 audire,
1469 992 1548 1016 non
1579 980 1620 1017 in
1642 993 1736 1031 quas
1768 981 1857 1019 ficte

459 1052 500 1081 et
521 1044 698 1082 fimulate
718 1044 884 1097 quaestus
905 1045 1016 1082 causa
1042 1044 1316 1082 insusurretur.
1364 1045 1421 1082 Sit
1450 1045 1620 1083 annulus
1652 1055 1742 1084 tuus
1776 1060 1856 1085 non

462 1119 507 1146 ut
528 1123 591 1147 vas
612 1111 786 1161 aliquod,
818 1110 880 1148 sed
902 1120 1089 1162 tanquam
1110 1110 1190 1162 ipse
1212 1120 1283 1155 tu;
1317 1123 1396 1148 non
1420 1110 1598 1148 minister
1627 1111 1761 1149 alienae
1783 1126 1854 1150 vo-

461 1173 642 1219 luntatis,
664 1174 727 1212 sed
750 1174 853 1212 testis
876 1184 966 1213 tuae.
998 1174 1198 1212 Accensus
1220 1175 1266 1212 s1t
1285 1188 1330 1212 eo
1352 1188 1532 1219 numero,
1555 1189 1634 1226 quo
1654 1189 1746 1214 eum
1768 1191 1854 1214 ma-

455 1239 561 1290 jores
584 1239 702 1276 nostri
723 1238 794 1276 effe
815 1238 1039 1283 voluerunt,
1072 1239 1142 1290 qui
1171 1238 1248 1276 hoe
1279 1253 1359 1276 non
1389 1240 1430 1276 in
1452 1239 1633 1277 beneficii
1656 1240 1759 1286 loco,
1792 1242 1856 1280 sed

461 1304 503 1342 in
525 1304 668 1342 laboris
690 1317 732 1342 ac
753 1304 943 1349 muneris,
966 1317 1046 1342 non
1068 1313 1212 1342 temere
1232 1304 1303 1341 nis1
1323 1303 1477 1341 libertis
1500 1304 1575 1342 suis
1597 1305 1824 1346 deferebant
1839 1327 1853 1353 3

460 1369 607 1422 quibus
629 1369 690 1406 illi
711 1369 872 1421 quidem
895 1382 973 1408 non
994 1368 1124 1407 multo
1144 1368 1267 1413 secus,
1285 1382 1328 1406 ae
1349 1368 1480 1413 servis,
1503 1369 1762 1421 imperabant.
1797 1373 1855 1411 Sit

459 1434 575 1473 lictor
607 1448 687 1473 non
719 1435 808 1480 suae,
841 1434 903 1472 sed
936 1445 1027 1480 tuae‚
1057 1434 1230 1472 lenitatis
1251 1434 1475 1486 apparitor;
1508 1435 1732 1487 majoraque
1753 1451 1854 1490 prae-

459 1500 586 1539 ferant
606 1500 726 1539 fasces
748 1501 808 1538 illi
829 1514 872 1539 ac
893 1501 1042 1538 secures
1064 1500 1268 1552 dignitatis
1290 1500 1469 1552 insignia,
1498 1514 1617 1553 quam
1638 1502 1853 1554 potestatis.

459 1568 558 1605 Toti
589 1567 758 1619 denique
792 1566 838 1605 fit
871 1566 1084 1619 provinciae
1112 1566 1335 1617 cognitum,
1369 1566 1443 1604 tibi
1477 1567 1675 1612 omnium,
1707 1570 1853 1620 quibus

458 1634 601 1686 praefis,
633 1633 813 1678 salutem,
845 1633 1005 1678 liberos,
1036 1631 1199 1677 famam,
1221 1631 1397 1670 fortunas
1418 1632 1490 1670 effe
1511 1632 1732 1672 cari-ffimas.
1767 1636 1852 1673 De·

458 1699 579 1750 nique
611 1697 694 1737 haec
725 1699 863 1751 opinio
895 1699 954 1743 sit,
986 1712 1066 1736 non
1098 1697 1217 1736 modo
1249 1698 1312 1743 iis,
1344 1699 1413 1751 qui
1443 1698 1594 1750 aliquid
1614 1701 1851 1752 acceperint,

458 1764 522 1802 sed
544 1765 592 1802 iis
613 1765 746 1809 etiam,
773 1764 842 1816 qui
864 1763 1057 1808 dederint,
1089 1773 1127 1801 te
1147 1764 1358 1802 inimicum
1384 1764 1427 1815 (fi
1451 1763 1490 1800 id
1511 1765 1760 1815 cognoveris)
1785 1765 1851 1804 fu-

458 1840 609 1869 turum.
642 1831 787 1882 Neque
802 1843 893 1868 vero
914 1829 1122 1882 quisquam
1143 1828 1266 1873 dabit,
1284 1842 1376 1866 eum
1398 1829 1470 1866 erit
1492 1827 1567 1866 hoe
1589 1830 1851 1882 perspectum,

458 1895 561 1935 nihil
582 1910 651 1949 per
670 1909 750 1940 e08,
768 1896 836 1948 qui
860 1896 1043 1934 fimulant
1064 1895 1100 1933 se
1120 1895 1221 1947 apud
1246 1904 1282 1933 te
1302 1895 1478 1932 multum
1499 1895 1619 1947 poffe,
1641 1895 1707 1933 abs
1731 1906 1767 1934 te
1789 1897 1850 1935 so-

457 1962 536 2000 lere
557 1963 773 2015 impetrari.
807 1962 895 2000 Nec
917 1971 1045 1999 tamen
1068 1960 1121 1998 est
1141 1959 1224 1999 haee
1240 1961 1364 1998 oratio
1386 1974 1471 1998 mea
1487 1959 1730 2012 hujusmodi,
1750 1973 1792 2000 ut
1815 1973 1852 2001 te

455 2027 499 2066 in
523 2038 609 2066 tuos
631 2038 696 2066 aut
718 2028 862 2065 durum
883 2027 955 2066 effe
975 2027 1164 2071 nimium,
1196 2036 1261 2064 aut
1283 2025 1553 2078 suspiciosum,
1575 2026 1711 2065 velim.
1744 2029 1851 2067 Nam

457 2093 484 2132 fi
506 2095 595 2147 quis
616 2094 668 2131 est
689 2108 841 2139 eorum,
868 2094 937 2146 qui
960 2093 1034 2131 tibi
1056 2093 1206 2131 biennii
1228 2093 1350 2145 spatio
1371 2106 1575 2145 nunquam
1598 2093 1637 2130 in
1660 2092 1849 2146 suspicio·

457 2174 546 2198 nem
567 2162 733 2198 avaritiae
755 2161 918 2205 venerit,
951 2164 1013 2212 (ut
1034 2174 1107 2212 ego
1129 2160 1312 2204 Caefium,
1343 2169 1381 2197 et
1404 2158 1678 2211 Chaerippum,
1710 2169 1748 2197 et
1770 2161 1847 2198 La-

457 2225 639 2272 beonem,
671 2236 710 2265 et
731 2226 862 2271 audio,
893 2236 946 2272 et,
978 2227 1071 2279 quia
1091 2226 1276 2278 cognovi,
1306 2225 1505 2275 existimo)
1529 2224 1631 2262 nihil
1652 2223 1719 2269 est,
1742 2225 1850 2277 quod

458 2305 538 2329 non
564 2302 603 2330 et
631 2293 692 2337 iis,
723 2302 761 2331 et
789 2292 815 2330 fi
846 2293 935 2344 quis
964 2291 1017 2330 est
1044 2292 1142 2330 alius
1175 2291 1475 2343 ejusdemmodi,
1506 2299 1545 2327 et
1577 2291 1777 2328 committi
1810 2301 1848 2329 et

458 2357 564 2396 credi
586 2357 788 2396 reetiffime
808 2368 960 2410 putem.
1009 2358 1081 2396 Sed
1104 2358 1128 2396 fi
1150 2358 1239 2410 quis
1260 2357 1327 2401 est,
1359 2358 1399 2394 in
1422 2369 1502 2408 quo
1517 2356 1601 2408 jam
1622 2355 1848 2403 offenderis,

458 2423 504 2460 de
526 2436 605 2475 quo
625 2423 774 2476 aliquid
795 2424 980 2469 senseris3
1013 2423 1107 2462 huie
1130 2422 1231 2462 nihil
1257 2422 1481 2468 credideris,
1514 2421 1664 2460 nullam
1697 2433 1850 2475 partem.

456 2488 755 2529 existimationis
777 2498 852 2527 tuae
871 2489 1129 2529 commiseris.
