2335 3009
786 198 1058 238 HIST

398 289 461 326 fibi
488 289 652 325 honorem
683 289 784 324 illum
815 297 890 324 tum
918 301 987 324 non
1015 289 1064 324 so-

398 338 473 373 lum
490 339 624 379 datum,
648 337 700 372 sed
718 338 820 372 etiam
839 337 1009 373 creditum
1027 349 1065 372 ac

397 387 614 422 commissum
631 395 777 433 putaret.

447 436 487 469 ln
524 435 632 470 causis
664 435 716 476 iis,
756 445 843 481 quas
872 434 994 469 Cicero
1023 446 1066 469 ex

396 483 481 518 Afia
498 483 646 518 reversus
665 492 741 517 ante
755 482 966 530 quaesturam
981 483 1064 530 egit,

397 543 542 567 numero
565 532 754 567 orationem
779 543 843 579 pro
869 532 921 578 Q
939 532 1066 566 Roscio

396 581 570 616 Comoedo
586 594 593 616 :
626 581 660 615 id
678 581 775 627 quod
793 580 967 628 proposita
985 592 1066 615 con-

397 629 573 664 stitutione
605 629 718 664 causae
751 630 896 677 planum
929 628 1066 663 faciam.

397 678 468 712 Res
498 678 615 725 igitur,
642 688 681 712 ut
709 689 752 712 ex
782 677 946 713 orationis
974 677 1066 725 frag-

397 736 514 761 mento
531 726 721 773 colligitur,
749 726 795 760 ita
812 725 843 760 se
861 726 975 761 habet.

462 775 504 809 C.
549 775 702 810 Fannius
744 775 889 810 Chaerea
930 774 1065 810 servum

397 822 496 858 suum
525 824 727 871 Panurgum
744 835 965 859 communem
984 836 1066 858 cum

397 871 526 907 Roscio
551 885 591 908 ea
618 873 692 920 lege
718 871 812 914 fecit,
840 882 879 907 ut
898 872 924 907 is
943 884 962 907 a
979 871 1063 907 Ros-

398 921 454 955 cio
488 930 558 956 arte
592 921 786 956 histrionica
824 921 1064 964 institueretur,

396 969 619 1017 quaestusque
656 970 742 1005 inter
776 982 836 1005 eos
870 970 1065 1005 communis

395 1019 487 1054 effet.
540 1019 739 1054 lnstitutum
769 1018 914 1053 artificio
931 1019 1067 1054 comico

396 1068 599 1115 Panurgum
646 1068 701 1115 Q
732 1067 875 1102 Flavius
913 1068 1066 1114 Tarqui-

398 1116 519 1151 niensis
538 1116 681 1164 quidam
700 1115 879 1151 interfecit.
919 1116 959 1151 In
979 1116 1065 1151 hanc

398 1177 469 1200 rem
503 1165 656 1201 Fannius
690 1165 849 1212 cognitor
882 1176 900 1199 a
939 1165 1065 1200 Roscio

397 1214 499 1249 datus
528 1213 609 1255 fuit,
648 1214 709 1260 qui
745 1214 907 1248 Flavium
931 1212 1067 1260 judicio

396 1263 602 1299 DAMNI
638 1261 884 1309 JNJURIA
927 1263 1072 1298 DATI

396 1311 514 1346 Roscii
542 1311 680 1346 nomine
701 1309 968 1358 persequeretur,
997 1322 1066 1345 non

396 1360 490 1394 secus
508 1369 612 1407 atque
637 1360 661 1394 si
690 1371 740 1394 res
770 1359 828 1394 sua
843 1359 933 1394 esset.
985 1358 1068 1393 Lite

396 1408 582 1444 contestata
627 1407 773 1444 Roscius
822 1408 891 1443 fine
933 1407 1068 1443 Fannio

396 1469 479 1493 cum
505 1457 628 1494 Flavio
650 1457 780 1492 decidit
804 1457 899 1492 H-s.
927 1466 1067 1492 centum

396 1507 564 1542 millibus.
618 1506 752 1542 Deinde
778 1506 821 1542 C.
839 1505 960 1541 Pisone
986 1505 1068 1541 teste

396 1565 431 1591 et
469 1555 611 1598 arbitro,
649 1554 795 1590 Roscius
835 1554 969 1590 Fannio
1003 1566 1068 1601 pro

397 1616 513 1652 opera,
540 1616 604 1652 pro
634 1604 761 1645 labore,
788 1604 884 1650 quod
909 1603 1068 1650 cognitor

397 1652 524 1695 fuisset,
567 1653 665 1700 quod
693 1652 892 1687 vadimonia
920 1651 1066 1694 obiisset,

398 1711 525 1737 certam
544 1701 726 1750 pecuniam
743 1701 838 1736 dedit
867 1701 929 1736 hac
948 1700 1066 1736 condi-

398 1752 504 1794 tione,
531 1760 570 1785 ut
599 1750 623 1785 s1
640 1750 727 1798 quid
756 1749 910 1785 Fannius
928 1761 993 1797 pro
1010 1750 1069 1784 sua

398 1809 496 1848 parte
512 1799 596 1834 servi
615 1798 809 1846 interempti
828 1810 846 1832 a
867 1798 990 1833 Flavio
1009 1809 1067 1832 ex-

396 1849 525 1896 egisset,
542 1858 673 1896 partem
691 1847 764 1895 ejus
782 1847 960 1883 dimidiam
981 1846 1065 1881 Ros-

396 1898 451 1933 cio
492 1897 696 1932 dissolveret.
758 1896 839 1931 Post
881 1896 1066 1931 triennium

395 1946 562 1988 Fannius,
589 1946 650 1993 qui
679 1945 805 1981 diceret
835 1944 866 1979 se
895 1956 914 1979 a
943 1944 1067 1979 Flavio

396 1995 481 2031 nihil
513 1994 695 2037 abstulisse,
723 1993 890 2029 Roscium
920 2005 1000 2028 cum
1026 2004 1068 2028 eo

397 2043 440 2078 de
456 2054 529 2080 tota
553 2055 587 2078 re
615 2055 680 2092 pro
710 2043 866 2078 societate
895 2041 1065 2083 decidisse,

397 2092 564 2128 Roscium
593 2092 628 2127 in
653 2091 712 2139 jus
743 2091 893 2133 vocavit,
919 2100 952 2125 et
971 2091 1065 2125 H-S.

398 2141 653 2188 quinquaginta
706 2140 836 2183 millia,
887 2139 1066 2174 dimidiam

398 2189 524 2224 scilicet
542 2200 672 2237 partem
689 2189 762 2237 ejus
777 2188 948 2237 pecuniae,
961 2201 1067 2235 quam

400 2237 546 2272 Roscius
564 2249 583 2272 a
601 2239 723 2274 Flavio
742 2239 936 2280 abstulerat,
955 2237 1066 2285 petiit,

399 2297 433 2321 et
452 2286 627 2333 sponsione
644 2287 810 2322 Roscium
829 2287 1002 2327 lacessivit,
1022 2286 1067 2321 M

401 2335 464 2370 fibi
492 2335 547 2369 ille
565 2335 661 2370 H-S.
686 2347 779 2370 ισοξ).
798 2336 946 2370 deberet.
1000 2336 1071 2369 Da-

402 2394 458 2418 tus
490 2383 596 2430 igitur
607 2382 716 2430 judex
735 2396 752 2418 a
773 2385 924 2419 Praetore
942 2382 1010 2418 fuit
1029 2384 1070 2417 C.

404 2433 482 2472 Piso
507 2444 587 2468 cum
617 2433 680 2467 hac
711 2431 875 2474 formula,
911 2432 946 2467 Si
977 2441 1074 2480 paret

487 2530 555 2568 To
568 2542 621 2571 M..
655 2529 729 2569 IX.

1107 197 1403 239 ORIA.

1117 289 1283 325 Roscium
1302 291 1435 326 Fannio
1458 291 1552 327 H-S.
1581 305 1663 328 1000
1683 293 1784 328 debe-

1117 349 1161 372 re.
1181 339 1292 385 Qod
1310 339 1384 374 Cic.
1399 341 1653 376 enumeratione
1670 343 1783 376 causa-

1117 398 1193 420 rum
1224 387 1408 423 debitionis
1437 387 1559 424 falsum
1577 391 1640 424 effe
1657 391 1758 425 docet
1774 403 1781 425 ε

1117 446 1228 481 neque
1246 435 1411 471 societatis
1431 438 1567 472 nomine
1588 439 1783 486 quidquam

1115 495 1134 517 a
1153 483 1278 518 Roscio
1296 484 1366 530 peti
1384 486 1476 530 posse
1494 487 1629 532 probat.

1164 532 1339 567 Corradus
1357 533 1557 568 Ciceronem
1586 535 1671 569 hanc
1703 546 1783 569 cau-

1116 580 1184 615 sam
1226 581 1328 627 egisse
1361 582 1427 615 Cn.
1462 582 1631 627 Pompeio
1668 593 1701 618 et
1726 583 1781 618 M.

1117 630 1234 665 Craffo
1257 630 1336 664 cols.
1369 641 1457 664 anno
1488 631 1563 677 post
1583 631 1673 665 hunc
1692 631 1785 666 sexto

1117 677 1195 713 inde
1232 688 1345 726 putat,
1388 679 1484 725 quod
1518 689 1594 714 turn
1631 680 1672 715 C.
1708 679 1786 714 Piso

1116 736 1247 774 praetor
1263 726 1378 762 fuerit.
1407 727 1474 762 Sed
1490 727 1635 769 fallitur,
1663 728 1725 775 qui
1743 740 1784 762 ex

1109 775 1230 822 judice
1246 775 1381 823 privato
1399 786 1582 823 praetorem
1601 776 1694 811 facit.

1165 825 1352 859 Falluntur
1368 837 1510 871 quoque
1529 825 1589 867 illi,
1618 825 1679 872 qui
1698 825 1783 860 Ros-

1115 872 1208 908 cium
1236 873 1452 908 Comoedum
1482 884 1559 909 ante
1576 874 1783 909 Amerinum

1114 920 1289 957 defensum
1318 921 1396 956 inde
1425 932 1562 969 putant,
1588 923 1686 969 quod
1708 923 1783 970 post

1115 970 1274 1005 Amerini
1315 969 1544 1006 defensionem
1588 972 1709 1006 Cicero
1751 971 1784 1006 in

1115 1019 1289 1055 Graeciarn
1320 1019 1431 1054 statim
1463 1019 1567 1055 fuerit
1597 1019 1783 1066 profectus.

1117 1069 1200 1103 Hoc
1231 1078 1385 1115 tempore
1415 1069 1471 1116 Q
1492 1069 1659 1104 Roscium
1688 1068 1786 1103 fuisse

1114 1115 1290 1151 defensum
1307 1129 1350 1151 ex
1379 1117 1544 1159 oratione,
1571 1127 1641 1163 cap.
1674 1129 1726 1152 12.
1755 1125 1783 1151 et

1121 1178 1174 1211 ¹3-
1202 1164 1432 1212 cognoscitur,
1461 1165 1494 1200 in
1521 1178 1592 1212 qua
1618 1166 1784 1201 Roscium

1116 1214 1257 1260 Syllano
1287 1224 1441 1261 tempore
1466 1226 1546 1249 cum
1573 1214 1696 1250 Flavio
1726 1215 1784 1248 de-

1116 1263 1242 1303 cidisse,
1282 1272 1316 1297 et
1343 1262 1569 1308 quadriennio
1598 1263 1673 1310 post
1703 1275 1781 1297 cau-

1116 1311 1184 1346 sam
1203 1312 1311 1345 actam
1330 1312 1406 1351 effe,
1431 1322 1545 1358 aperte
1563 1311 1782 1358 significatur.

1166 1360 1251 1395 Hoc
1270 1371 1359 1394 anno
1387 1359 1420 1394 in
1439 1359 1610 1406 Hispania
1627 1360 1785 1395 adversus

1116 1408 1305 1443 Sertorium
1335 1407 1498 1442 acerrima
1523 1408 1581 1443 illa
1607 1409 1728 1456 praelia
1752 1419 1787 1443 ct

1117 1457 1280 1499 maxima,
1311 1456 1519 1492 Sucronense
1546 1466 1580 1492 et
1607 1457 1785 1498 Dunense,

1711 202 1789 255 265

1116 1506 1293 1541 commissa
1325 1505 1415 1548 sunt,
1451 1517 1603 1552 quorum
1630 1505 1787 1540 meminit

1116 1555 1238 1590 Cicero
1252 1565 1310 1602 pro
1326 1554 1438 1597 Balbo,
1463 1564 1530 1601 cap.
1553 1566 1586 1590 2.
1627 1555 1690 1590 Tu
1707 1554 1787 1589 vide

1118 1604 1348 1640 Plutarchum
1365 1605 1398 1638 in
1418 1604 1572 1650 Pompe'io.

1117 1756 1228 1793 Anno
1249 1752 1358 1792 Urbis
1383 1752 1477 1805 678.
1517 1750 1697 1790 Ciceronis
1718 1765 1782 1804 32.

1260 1821 1452 1859 Consules
1482 1818 1645 1858 fuerunt

1146 1883 1195 1922 L.
1230 1883 1496 1926 OeTAvms,
1528 1881 1576 1919 C.
1600 1882 1756 1920 Aune-

1286 1956 1387 1982 LIUS
1421 1943 1612 1981 CoTTA.

1166 2040 1222 2075 De
1251 2040 1302 2075 his
1333 2041 1457 2075 Cicero
1485 2039 1518 2074 in
1549 2039 1692 2074 Verrem
1721 2038 1784 2074 111.

1117 2101 1192 2135 cap.
1213 2100 1270 2134 50.
1314 2090 1391 2126 Cum
1407 2090 1450 2124 L.
1469 2091 1636 2131 Οὲῖαυίτσ,
1662 2088 1698 2123 C.
1718 2088 1785 2122 Au-

1116 2139 1212 2173 relius
1225 2137 1289 2184 coſj.
1309 2138 1387 2174 aedes
1396 2140 1509 2184 sacras
1526 2135 1715 2182 locaviffi’nt‚
1734 2147 1786 2170 ne-

1116 2199 1172 2235 que
1187 2187 1347 2234 potuiffi‘nt
1377 2188 1480 2221 omnia
1504 2187 1594 2226 [arta
1624 2189 1703 2218 tetra
1721 2188 1771 2219 exi
1779 2206 1787 2211 -

1111 2248 1210 2283 gere,
1239 2249 1332 2283 neque
1356 2238 1381 2270 ii
1400 2243 1561 2281 pratores,
1589 2233 1696 2280 quibus
1717 2240 1788 2267 erat

1118 2287 1269 2331 negotium
1303 2286 1421 2326 datum,
1461 2284 1495 2317 C.
1533 2282 1686 2322 Sacerdos,
1731 2283 1786 2317 Μ.

1122 2335 1256 2377 Caefius:
1282 2335 1402 2375 saHum
1431 2332 1469 2374 ‹st
1495 2332 1526 2365 S.
1558 2333 1593 2366 C.
1620 2330 1726 2377 quibus
1752 2330 1790 2364 de

1114 2385 1215 2428 sartis
1245 2385 1331 2417 leHis
1365 2382 1517 2427 cognitum
1555 2387 1583 2414 et
1607 2378 1790 2425 judicatum

1122 2443 1182 2467 non
1205 2429 1284 2478 effet,
1309 2432 1356 2466 uti
1385 2431 1421 2465 C.
1450 2431 1574 2471 Verres,
1606 2428 1648 2462 P.
1678 2428 1791 2464 Caelius

1413 2526 1490 2565 Ll
