2335 3009
765 205 872 243 AD
951 205 1359 246 BRUTUM.
1686 226 1758 265 ως

361 303 488 343 defuit
508 303 593 357 post
612 316 691 348 me,
721 315 831 348 cum,
861 311 1011 355 quanto
1035 301 1149 341 suum
1179 303 1326 351 filium,
1357 314 1506 359 quanto
1526 321 1676 353 meum,
1709 309 1747 346 in

361 369 540 422 periculo
566 367 749 406 futurum
779 367 940 413 diceret,
971 368 999 406 fi
1030 377 1167 406 contra
1192 371 1468 421 proconsulem
1499 386 1605 410 arma
1636 372 1750 411 tulis-

362 435 460 473 sent.
493 434 611 473 Nosti
630 433 837 472 hominem
854 449 864 472 :
891 433 1012 473 causae
1032 448 1112 472 non
1132 434 1276 474 defuit.
1309 437 1510 475 Dixerunt
1529 439 1647 477 etiam
1669 438 1748 477 alii.

361 499 496 539 Labeo
524 513 616 538 vero
645 499 786 545 noster,
824 512 897 538 nec
926 499 1083 552 signum
1117 509 1233 538 tuum
1262 501 1303 538 in
1338 502 1513 554 epistola,
1546 517 1616 541 nec
1647 504 1752 541 diem

360 565 598 618 appofitum,
629 579 701 604 nec
731 574 769 603 te
798 565 981 618 scripfiffe
1009 565 1056 604 ad
1083 575 1188 611 tuos,
1219 575 1264 604 ut
1293 566 1448 606 soleres.
1492 569 1585 607 Hoc
1615 582 1753 620 cogere

360 631 531 677 volebat,
553 630 665 669 falsas
686 631 816 669 literas
836 630 925 677 esse,
953 640 1006 677 et,
1029 631 1056 670 fi
1077 632 1234 684 quaeris,
1256 633 1460 684 probabat.
1494 634 1617 672 Nunc
1639 644 1753 672 tuum

360 697 414 736 est
435 697 659 743 confilium,
691 698 826 742 Brute,
857 697 905 735 de
936 706 1022 736 toto
1052 711 1194 750 genere
1214 698 1325 738 belli.
1370 699 1497 737 Video
1527 709 1565 738 te
1596 700 1756 738 lenitate

361 762 558 808 delectari,
575 772 616 801 et
633 776 726 801 eum
746 771 883 815 putare
902 761 1079 801 fructum
1099 764 1172 802 effe
1192 764 1438 803 maximum:
1462 765 1643 817 praeclare
1663 766 1753 818 qui-

361 827 468 873 dem,
499 827 563 866 sed
583 827 668 866 aliis
689 828 821 873 rebus,
851 827 939 866 aliis
959 828 1223 880 temporibus,
1255 829 1366 868 locus
1387 829 1460 868 effe
1494 828 1592 883 solet
1617 829 1754 868 debet-

362 904 440 945 que
473 892 708 931 clementiae.
755 893 879 932 Nunc
910 892 1010 945 quid
1039 893 1184 945 agitur,
1208 895 1367 944 Brute?
1400 893 1560 946 templis
1593 894 1757 933 deorum

363 957 654 996 immortalium
675 956 861 999 imminet
879 954 1094 1015 hominum
1114 947 1319 1014 egentium
1336 967 1375 998 et
1395 960 1642 1012 perditorum
1657 960 1756 1013 spes,

354 1016 438 1062 'nec
466 1023 687 1076 quidquam
709 1024 826 1062 aliud
857 1015 1082 1076 decernitur
1111 1023 1189 1063 hoc
1210 1023 1343 1071 bello,
1375 1025 1445 1063 nifi
1465 1031 1603 1065 utrum
1624 1026 1757 1071 fimus,

365 1103 504 1128 necne.
538 1090 616 1128 Cui
636 1078 850 1142 parcimus,
867 1098 939 1128 aut
953 1086 1062 1142 qui'd.
1076 1081 1263 1143 ‘agim‘usJ
1286 1091 1364 1129 His
1378 1090 1479 1144 'ergo
1498 1091 1758 1137 consulimus,

364 1155 514 1208 quibus
550 1152 765 1193 vi&oribus
803 1146 1013 1208 vestigium
1050 1143 1226 1205 nostrum
1248 1146 1251 1148 ’
1273 1151 1451 1211 ῇιιΙῙὶὶῐῑι,
1480 1156 1757 1209 ielinquetur?

366 1221 476 1260 Nam
495 1219 592 1274 quid
613 1220 770 1258 interest
788 1220 901 1266 ,inter
922 1220 1190 1267 Dolabellam,
1221 1230 1261 1260 et
1287 1213 1470 1278 quemvis
1489 1223 1760 1262 Antoniorum

366 1286 522 1324 trium?
555 1297 726 1338 quorum
755 1284 783 1323 fi
813 1285 880 1323 cui
910 1285 1125 1337 parcimus,
1156 1285 1246 1324 duri
1276 1285 1431 1339 fuimus
1451 1287 1501 1325 ,in
1534 1287 1758 1327 Dolabella.

364 1351 468 1390 Haec
488 1359 533 1390 ut
552 1351 607 1389 ita
626 1350 786 1389 sentiret
806 1349 975 1396 senatuS,
999 1350 1250 1404 populusque
1269 1351 1492 1398 Romanus,
1513 1352 1581 1390 etfi
1602 1363 1660 1391 ‘res
1681 1352 1765 1405 ipsa

366 1417 548 1470 cogebat,
580 1426 711 1455 tamen
732 1417 904 1456 maxima
923 1430 971 1455 ex
992 1426 1100 1470 parte
1121 1414 1251 1456 nostro
1271 1417 1435 1456 consilio
1453 1427 1571 1470 atque
1591 1419 1763 1457 auctori-

366 1491 445 1522 tate
465 1481 683 1535 perfectum
704 1481 772 1520 est.
796 1483 863 1521 Tu
884 1482 910 1520 fi
931 1481 1033 1521 hanc
1054 1483 1247 1521 rationem
1268 1495 1348 1521 non
1368 1483 1526 1536 probas,
1544 1492 1653 1522 tuam
1674 1483 1763 1522 sen-

367 1548 534 1595 tentiam
555 1546 778 1592 defendam,
809 1561 888 1586 non
910 1548 1132 1600 relinquam
1153 1561 1297 1587 meam.
1329 1549 1472 1601 Neque
1493 1548 1723 1587 dissolutum
1744 1562 1766 1587 a

368 1623 407 1652 te
440 1613 657 1665 quidquam
692 1612 874 1651 homines
909 1615 1130 1666 expectant,
1162 1628 1289 1667 neque
1321 1614 1493 1653 crudele.
1541 1615 1676 1667 Hujus
1709 1614 1764 1652 rei

369 1679 586 1717 moderatio
606 1677 734 1717 facilis
755 1678 823 1724 est,
845 1689 890 1725 ut
910 1680 951 1717 in
973 1680 1091 1718 duces
1112 1678 1322 1718 vehemens
1343 1681 1404 1725 fis,
1427 1681 1468 1718 in
1490 1680 1637 1718 milites
1659 1680 1762 1718 libe-

372 1745 475 1783 ralis.
509 1745 744 1783 Ciceronem
766 1758 916 1790 meum,
942 1746 999 1783 mi
1021 1747 1156 1790 Brute,
1177 1745 1297 1783 velim
1319 1759 1438 1798 quam
1459 1745 1680 1798 plurimum
1703 1755 1762 1783 te-

369 1823 464 1849 cum
494 1809 652 1850 habeas.
695 1810 867 1849 Virtutis
900 1810 1149 1864 disciplinam
1179 1811 1386 1849 meliorem
1407 1810 1572 1863 reperiet
1594 1810 1761 1856 nullam,

369 1889 488 1930 quam
508 1876 888 1930 contemplationem
908 1886 1026 1929 atque
1046 1876 1313 1915 imitationem
1334 1877 1408 1916 tui.
1428 1890 1518 1915 x111
1538 1875 1629 1915 Kal.
1644 1876 1761 1915 Maii.

460 2412 600 2451 Tou.
631 2410 707 2451 IX.
1428 2411 1466 2448 Ο
