2241 2994
672 231 1521 276 PHILOSOPHORUM.

414 321 474 363 do,
499 329 535 356 et
560 330 680 357 contra
700 333 921 358 communem
946 322 1081 370 opinio-

416 381 495 404 nem
516 369 645 405 ratione
665 370 780 417 aliqua
804 382 970 418 pugnare,
998 371 1083 406 nihil

415 419 596 459 affirmare,
624 418 782 453 invadere
799 418 832 453 in
857 431 907 460 ea,
935 431 1017 466 quae
1035 419 1082 454 sa-

415 465 459 500 tis
476 465 555 500 scite
564 466 682 501 ceteris
695 466 907 514 philosophis
922 467 1083 502 instructa

413 522 449 548 et
464 514 655 561 composita
669 524 776 556 erant,
790 524 823 550 et
837 515 950 550 ruinas
963 516 1080 550 edere:

414 561 574 609 denique,
585 563 679 609 quasi
697 563 869 610 desperata
887 564 1083 611 cognitione

414 610 510 653 certi,
538 610 573 646 id
589 611 696 658 sequi,
720 612 818 659 quod
834 612 1014 647 verifimile
1030 613 1082 647 vi-

414 659 561 694 deretur.
605 660 744 695 Solebat
762 672 844 696 vero
868 661 907 700 is,
934 661 994 708 qui
1023 673 1081 695 au-

413 707 486 742 dire
495 707 610 751 vellet,
629 719 709 743 curn
720 707 939 756 quaeliviss‘et,
959 720 1082 751 tacere·‚

414 764 490 790 tum
509 756 595 791 alius
612 768 778 805 perpetua
794 757 946 792 oratione
963 768 1083 793 contra

412 804 621 851 disputabat.
656 807 776 851 Qam
790 805 984 852 disputandi
999 818 1080 841 con-

412 851 626 888 suetudinem
643 853 858 901 susceperunt
872 854 1082 890 Tusculanae

411 900 670 948 disputationes,
685 913 724 937 ut
740 903 787 937 est
806 902 839 936 in
857 903 947 937 libro
963 903 999 937 de
1019 905 1079 939 Fa-

411 956 454 984 to.
497 949 619 997 Hujus
645 951 762 998 itaque
788 961 994 998 perpetuum
1024 953 1080 987 de-

412 1008 545 1033 cretum
574 998 663 1034 fuit:
695 999 796 1034 Nihil
822 1000 913 1046 poffe
937 1001 1078 1048 percipi.

411 1047 526 1083 Lucul.
547 1060 580 1095 9.
610 1058 644 1082 et
660 1047 698 1082 de
715 1049 800 1084 Nat.
830 1048 968 1083 Deorum
998 1049 1024 1083 1.
1049 1061 1080 1094 7.

413 1096 525 1142 Qod
543 1096 751 1143 quibusdam
773 1097 857 1131 adeo
873 1097 1015 1143 placuit,
1043 1107 1083 1132 ut

411 1154 604 1179 extremum
641 1145 812 1180 bonorum
841 1154 875 1179 et
910 1146 1082 1180 summum

413 1204 542 1227 munus
564 1193 720 1240 sapientis
743 1194 807 1228 esse
828 1193 990 1235 dicerent,
1017 1195 1080 1229 ob-

413 1240 523 1275 sistere
539 1241 630 1284 vifis,
658 1242 867 1289 assensusque
885 1242 960 1278 suos
984 1243 1082 1278 firme

415 1288 584 1326 sustinere.

493 1467 995 1503 PERIPATETICI.

496 1582 881 1624 ERIPATETICL
916 1594 996 1618 cum
1028 1582 1080 1617 vi-

515 1632 632 1666 derent
656 1643 716 1666 nos
743 1631 790 1665 ita
814 1632 878 1666 esse
905 1641 1015 1674 natos,
1041 1641 1081 1666 ut

413 1680 644 1715 communiter
672 1679 715 1714 ad
745 1691 799 1714 eas
831 1679 974 1714 virtutes
1009 1681 1080 1727 apti

412 1729 568 1771 essemus,
579 1740 660 1775 quae
670 1739 762 1763 notae
773 1728 982 1774 illustresque
992 1729 1080 1770 sunt,

406 1776 575 1824 justitiam
593 1778 684 1819 dico,
704 1777 975 1823 temperantiam,
992 1788 1079 1812 cete-

412 1826 532 1873 rasque
552 1826 683 1873 generis
708 1825 869 1872 ejusdem,
897 1837 979 1872 quae
1004 1838 1080 1861 om-

412 1887 487 1917 nes,
502 1875 624 1910 ssmiles
635 1875 760 1910 artium
771 1875 994 1922 reliquarum,
1009 1886 1080 1909 ma-

413 1924 496 1959 teria
512 1933 661 1965 tantum,
683 1923 724 1957 ad
745 1923 919 1958 meliorem
934 1933 1078 1969 partem,

411 1982 446 2008 et
463 1972 662 2008 tractatione
674 1971 860 2013 differunt·‚
887 1971 1009 2018 easque
1027 1972 1077 2018 ip-

412 2021 461 2056 sas
485 2021 630 2056 virtutes
656 2020 808 2055 viderent
835 2032 896 2055 nos
923 2021 1081 2067 magnifi-

412 2069 544 2105 centius
567 2079 725 2117 appetere
747 2079 780 2104 et
801 2069 993 2110 ardentius·,
1021 2069 1079 2103 ha·

413 2119 492 2154 bere
513 2118 615 2153 etiam
642 2118 775 2152 insitam
806 2119 994 2164 quandam,
1023 2117 1079 2152 vel

412 2167 529 2214 potius
557 2167 706 2201 innatam
729 2167 954 2214 cupiditatem
974 2166 1079 2201 scien-

411 2215 471 2250 tiae
487 2232 498 2257 ;
526 2215 689 2260 natosque
699 2215 765 2250 effe
782 2215 825 2250 ad
842 2216 1079 2262 congregatio-

414 2275 492 2298 nem
521 2263 714 2305 hominum,
745 2274 780 2298 et
805 2265 847 2298 ad
875 2264 1080 2305 societatem,

413 2311 768 2358 communitatemque
777 2315 907 2358 generis
920 2311 1058 2346 humani
1069 2328 1079 2352 ·,

413 2372 521 2407 eaque
538 2359 572 2394 in
591 2359 747 2394 maximis
765 2360 909 2408 ingeniis
933 2360 1082 2395 maxime

415 2410 575 2450 illucere,
603 2418 710 2442 totam
738 2408 988 2455 philosophiam
1015 2418 1081 2443 tres

413 2458 449 2494 in
466 2467 578 2506 partes
595 2456 793 2493 diviserunt.
839 2458 922 2494 Una
940 2469 1017 2505 pars
1034 2457 1082 2492 est

511 2506 631 2541 ΤοΜ.
660 2506 724 2541 lx.

1725 255 1802 295 377

1134 323 1166 358 in
1186 334 1327 367 natura3
1345 326 1522 361 disserendi
1541 328 1659 369 altera·,
1682 329 1799 365 viven-

1133 372 1168 406 di
1185 373 1293 408 tertia.
1337 374 1472 409 Natura
1485 376 1528 410 fic
1547 376 1590 410 ab
1609 376 1647 412 iis
1667 378 1799 413 investi-

1133 430 1212 466 gata
1228 421 1288 462 est,
1313 432 1353 456 ut
1371 423 1464 457 nulla
1482 436 1558 470 pars
1577 426 1682 467 coelo,
1702 427 1799 468 mari,

1134 477 1232 508 terra,
1260 479 1298 504 ut
1329 471 1464 516 poetice
1492 473 1626 518 loquar,
1658 485 1799 521 praeter-

1134 516 1228 550 missa
1244 517 1294 551 fit.
1339 519 1553 564 Qinetiam,
1580 532 1660 556 cum
1683 523 1726 556 de
1749 535 1800 557 re-

1133 577 1209 599 rum
1230 565 1333 600 initiis
1351 567 1516 614 omnique
1535 571 1666 604 mundo
1692 571 1800 605 locuti

1132 614 1257 655 esient3
1285 624 1325 648 ut
1344 615 1454 649 multa
1471 627 1537 650 non
1553 618 1657 652 modo
1674 619 1799 664 proba-

1135 661 1193 696 bili
1214 664 1519 709 argumentatione,
1547 664 1600 699 sed
1618 666 1719 700 etiam
1743 680 1800 701 ne-

1132 711 1266 745 cessaria
1308 711 1629 747 mathematicorum
1672 714 1801 749 ratione

1131 759 1396 799 concluderent;
1421 761 1604 795 maximam
1625 763 1800 797 materiam

1131 818 1173 841 ex
1193 807 1292 842 rebus
1311 821 1371 856 per
1389 809 1418 843 se
1443 809 1650 855 investigatis
1679 811 1721 845 ad
1750 823 1800 846 re-

1133 867 1209 889 rum
1244 857 1460 892 occultarum
1490 859 1724 904 cognitionem
1751 871 1800 894 at-

1132 904 1295 939 tulerunt.
1347 905 1405 939 Ad
1446 906 1632 953 placandos
1669 907 1800 943 animos

1132 953 1243 986 multa
1261 953 1469 989 afferebant:
1498 954 1608 1001 spinas
1632 957 1800 1002 partiendi

1130 1011 1164 1034 et
1182 1001 1363 1036 definiendi
1382 1004 1702 1049 praetermittebant.
1745 1005 1801 1039 De

1133 1049 1183 1083 his
1203 1050 1245 1083 sic
1261 1050 1307 1084 ait
1319 1051 1462 1086 Cicero:
1491 1052 1526 1085 Si
1549 1052 1665 1086 omnia
1685 1064 1703 1086 a
1723 1053 1800 1100 phi-

1133 1097 1282 1145 losophis
1297 1100 1400 1134 essent
1414 1100 1571 1146 petenda,
1599 1101 1799 1148 Peripateti-

1132 1157 1253 1181 corum
1279 1146 1440 1182 institutis
1457 1149 1674 1184 commodius
1692 1150 1800 1196 finge-

1134 1205 1226 1229 retur
1252 1196 1384 1230 oratio:
1431 1198 1517 1244 Qo
1547 1198 1655 1243 magis
1685 1208 1799 1240 tuum,

1132 1243 1248 1285 Brute,
1261 1243 1435 1289 judicium
1448 1245 1573 1291 probo,
1592 1246 1652 1292 qui
1666 1259 1798 1289 eorum,

1132 1290 1165 1325 id
1193 1292 1252 1334 est,
1279 1305 1321 1327 ex
1339 1304 1450 1328 vetere
1474 1295 1662 1328 Academia
1687 1295 1800 1341 philo-

1130 1340 1332 1387 sophorum,
1359 1341 1479 1376 sectam
1495 1341 1626 1377 secutus
1644 1356 1690 1383 ες,
1711 1356 1798 1390 quo-

1130 1400 1207 1423 rum
1239 1389 1272 1423 in
1300 1390 1456 1425 doctrina
1485 1401 1588 1437 atque
1618 1392 1800 1439 praeceptis

1129 1436 1306 1472 differendi
1343 1438 1428 1473 ratio
1460 1438 1684 1485 conjungitur
1717 1452 1799 1474 cum

1130 1485 1294 1520 suavitate
1311 1486 1446 1521 dicendi
1470 1498 1503 1521 et
1525 1488 1644 1534 copia:
1674 1489 1797 1533 Quan-

1130 1546 1236 1580 quam
1251 1546 1289 1569 ea
1305 1534 1373 1581 ipsa
1387 1536 1692 1582 Peripateticorum
1707 1539 1799 1571 Aca-

1129 1582 1415 1630 demicorumque
1433 1584 1643 1619 consuetudo
1663 1585 1695 1619 in
1720 1586 1799 1619 rati-

1131 1643 1196 1666 one
1213 1632 1347 1666 dicendi
1368 1632 1442 1666 talis
1465 1632 1525 1674 est,
1551 1643 1590 1667 ut
1614 1645 1673 1668 nec
1698 1634 1799 1680 perfi-

1131 1691 1206 1714 cere
1228 1690 1396 1715 oratorem
1421 1682 1520 1726 poffit
1548 1681 1617 1727 ipsa
1644 1693 1702 1728 per
1726 1682 1799 1724 sese,

1131 1740 1192 1762 nec
1223 1728 1290 1762 fine
1318 1741 1356 1762 ea
1384 1739 1499 1763 orator
1527 1730 1590 1763 effe
1617 1729 1798 1776 perfectus,

1130 1777 1273 1811 Horum
1289 1776 1460 1812 sententiae
1478 1788 1512 1812 et
1529 1789 1704 1826 praecepta
1722 1779 1800 1814 sunt

1131 1824 1324 1871 hujusmodi
1340 1839 1348 1861 ε

1179 1874 1258 1909 Effe
1277 1874 1311 1908 in
1329 1873 1502 1909 mentibus
1522 1874 1700 1909 hominum
1725 1885 1796 1910 tan-

1128 1934 1234 1969 quam
1264 1924 1444 1957 oraculum
1471 1923 1626 1970 aliquod,
1653 1935 1695 1958 cx
1724 1936 1798 1971 quo

1129 1972 1249 2006 futura
1277 1971 1504 2018 praesentiant,
1541 1972 1564 2007 s1
1593 1982 1652 2006 aut
1682 1972 1798 2007 furore

1130 2019 1250 2055 divino
1266 2019 1425 2055 incitatus
1441 2020 1589 2063 animus,
1607 2030 1665 2055 aut
1680 2020 1799 2056 somno

1129 2068 1298 2103 relaxatus
1313 2068 1420 2103 solute
1432 2079 1612 2104 moveatur
1626 2081 1663 2104 ac
1679 2069 1793 2104 libere.

1128 2117 1165 2152 de
1181 2119 1296 2153 Divin.
1317 2117 1361 2152 11.
1381 2119 1440 2161 48.

1180 2167 1276 2213 Qae
1289 2176 1402 2200 autem
1418 2165 1612 2212 conjectura
1623 2163 1795 2212 explican-

1130 2224 1199 2256 tur,
1219 2225 1278 2249 aut
1295 2215 1424 2249 eventis
1442 2214 1670 2248 animadversa
1687 2225 1720 2248 et
1737 2226 1796 2248 no-

1131 2273 1200 2298 tata
1217 2263 1306 2305 sunt,
1332 2275 1370 2297 ea
1392 2274 1514 2309 genera
1535 2262 1709 2296 divinandi
1729 2274 1796 2295 non

1131 2311 1309 2352 naturalia,
1347 2311 1400 2345 sed
1432 2310 1620 2350 artificiosa,
1658 2309 1691 2344 in
1724 2321 1798 2356 quo

1132 2360 1330 2407 Aruspices,
1358 2361 1533 2405 Augures,
1565 2356 1796 2404 Conjec‘tores-

1131 2420 1200 2454 que
1228 2417 1463 2448 numerantur,
1494 2407 1733 2454 improbanda.
1763 2406 1799 2441 de

1131 2457 1245 2492 Divin.
1262 2457 1288 2492 1.
1303 2469 1358 2503 33.
1394 2503 1422 2538 B
1441 2502 1463 2538 b
1484 2502 1506 2538 b
