2335 3009
503 253 555 281 20
853 233 1543 278 EPISTOLARUM

503 339 670 378 narravit
694 337 851 390 scriptas
876 335 923 374 ad
953 344 991 373 te
1020 334 1140 372 solere
1168 331 1312 377 afferri,
1342 332 1390 370 ab
1418 331 1454 370 se
1481 332 1575 384 legi,
1606 339 1659 376 et,
1691 329 1717 368 fi
1744 329 1891 382 iniquae

503 405 593 449 fint,
625 404 707 442 fieri
739 412 776 441 te
808 402 1030 440 certiorem.
1079 401 1304 451 Antequam
1336 411 1426 436 vero
1457 398 1538 450 ipse
1569 397 1616 435 ad
1647 406 1686 434 te
1714 395 1890 441 venisset,

503 469 660 507 nullum
683 467 878 505 delectum
900 466 1101 504 literarum
1121 463 1232 502 fuisse
1251 478 1259 501 :
1282 477 1330 501 ex
1350 476 1396 500 eo
1415 462 1488 501 effe
1508 463 1712 501 volumina
1732 461 1889 499 selecta-

504 547 593 571 rum
627 532 893 585 epistolarum,
931 544 1017 583 quae
1051 527 1282 581 reprehendi
1317 527 1497 566 solerent.
1544 528 1636 565 Hoc
1670 527 1718 564 de
1751 538 1891 578 genere

504 597 606 636 nihil
638 608 674 635 te
707 610 812 634 nunc
844 595 1005 648 quidem
1039 607 1209 638 moneo;
1243 592 1323 630 sero
1353 592 1407 630 est
1437 593 1560 637 enim,
1591 605 1634 630 ac
1665 592 1759 630 scire
1781 600 1890 643 potes

505 663 630 701 multa
670 676 731 700 me
766 662 867 699 varie
901 660 1190 712 diligenterque
1225 657 1430 696 monuisse.
1481 658 1587 696 Illud
1622 666 1751 695 tamen
1785 655 1893 708 quod

505 727 772 780 Theopompo
800 724 995 769 mandavi,
1027 737 1120 761 cum
1139 723 1255 761 effem
1275 722 1499 761 admonitus
1520 723 1568 760 ab
1589 722 1686 775 ipso,
1717 721 1805 760 vide
1825 733 1894 773 per

504 792 686 831 homines
707 800 879 829 amantes
902 790 974 834 tui,
1006 788 1112 840 quod
1132 787 1186 826 est
1206 787 1335 834 facile,
1368 797 1412 826 ut
1439 787 1520 826 haec
1541 801 1681 840 genera
1702 786 1893 824 tollantur

504 858 770 910 epistolarum,
810 855 986 908 primum
1021 854 1263 906 iniquarum,
1294 853 1434 891 deinde
1467 854 1766 897 contrariarum,
1804 860 1892 890 tum

504 923 667 962 absurde
697 932 736 961 et
767 921 948 960 inusitate
978 920 1225 972 scriptarum,
1257 919 1451 972 postremo
1483 921 1523 958 in
1553 920 1726 971 aliquem
1746 926 1892 956 contu-

502 987 768 1027 meliosarum.
801 988 935 1039 Atque
955 998 1029 1038 ego
1048 984 1131 1023 haec
1153 994 1232 1022 tam
1253 983 1339 1029 effe,
1370 998 1489 1037 quam
1509 985 1640 1029 audio,
1663 997 1742 1022 non
1763 992 1862 1036 puto
1878 1001 1891 1027 ς

502 1063 557 1099 et,
589 1053 615 1092 fi
645 1053 735 1091 sunt
763 1051 1091 1104 occupationibus
1114 1050 1192 1088 tuis
1212 1049 1345 1088 minus
1366 1049 1642 1094 animadversa,
1674 1062 1781 1086 nunc
1801 1061 1892 1100 per-

503 1119 607 1171 spice
627 1127 666 1157 et
686 1130 823 1170 purga.
870 1116 970 1168 Legi
1001 1114 1219 1167 epistolam,
1249 1127 1368 1166 quam
1389 1113 1470 1165 ipse
1489 1113 1673 1166 scripfiffe
1694 1113 1799 1164 Sylla
1819 1125 1892 1150 no-

501 1184 720 1222 menclator
739 1182 866 1219 dietus
886 1180 954 1225 est,
988 1192 1065 1218 non
1087 1178 1356 1231 probandam:
1389 1178 1468 1231 legi
1496 1178 1706 1217 nonnullas
1735 1179 1893 1216 iracun-

502 1248 583 1286 das.
630 1246 703 1285 Sed
733 1255 909 1298 tempore
937 1244 1021 1297 ipso
1042 1244 1089 1281 de
1109 1243 1298 1296 epistolis.
1344 1243 1451 1282 Nam
1472 1257 1566 1281 cum
1585 1243 1688 1282 hanc
1708 1244 1893 1296 paginam

503 1322 692 1357 tenerem,
733 1312 782 1350 L.
817 1310 976 1348 Flavius
1010 1317 1153 1361 praetor
1185 1308 1404 1361 defignatus
1439 1308 1486 1346 ad
1521 1323 1585 1347 me
1616 1309 1739 1354 venit,
1769 1308 1893 1347 homo

503 1377 605 1416 mihi
626 1376 736 1416 valde
756 1374 976 1414 familiaris.
1023 1375 1060 1412 Is
1090 1372 1208 1419 mihi,
1240 1383 1277 1412 te
1297 1373 1343 1412 ad
1363 1384 1632 1427 procuratores
1653 1374 1740 1413 suos
1761 1374 1892 1412 literas

504 1443 656 1488 misisse,
687 1456 774 1495 quae
806 1440 908 1479 mihi
939 1439 1025 1478 visa:
1056 1439 1146 1478 sunt
1177 1440 1454 1492 iniquisfimae;
1488 1454 1535 1479 ne
1561 1440 1659 1494 quid
1685 1440 1732 1478 de
1760 1441 1890 1485 bonis,

503 1523 590 1561 quae
612 1509 660 1546 L.
686 1507 841 1545 octavii
862 1505 1030 1544 Nasonis
1052 1504 1225 1550 fuissent,
1257 1505 1321 1543 cui
1344 1506 1392 1544 L.
1417 1505 1575 1544 Flavius
1597 1505 1706 1544 heres
1727 1505 1795 1551 est,
1826 1505 1890 1544 di·

502 1574 726 1612 minuerent
746 1580 849 1617 ante,
867 1584 986 1624 quam
1009 1571 1058 1609 C.
1076 1570 1283 1609 Fundanio
1303 1571 1511 1623 pecuniam
1533 1571 1747 1609 solvissent:
1771 1572 1891 1609 item-

501 1652 578 1691 que
598 1637 736 1676 mififfe
755 1636 801 1674 ad
822 1635 1180 1689 Apollonidienses,
1212 1649 1260 1674 ne
1280 1635 1327 1673 de
1348 1636 1477 1681 bonis,
1508 1650 1594 1688 quae
1616 1637 1771 1674 octavii
1791 1635 1891 1674 fuis-

502 1704 599 1748 sent,
631 1702 801 1740 diminui
836 1710 1074 1754 paterentur,
1104 1701 1332 1754 priusquam
1353 1701 1562 1740 Fundanio
1582 1701 1761 1739 debitum
1783 1701 1890 1739 solu-

502 1778 589 1807 tum
620 1768 726 1807 esset.
773 1768 872 1806 Haec
905 1765 1007 1804 mihi
1038 1767 1261 1805 verisimilia
1290 1780 1368 1805 non
1391 1767 1599 1805 videntur:
1634 1767 1721 1805 sunt
1742 1768 1848 1805 enim
1871 1781 1892 1805 a

502 1833 708 1887 prudentia
729 1841 795 1870 tua
815 1831 1081 1871 remotissima.
1128 1832 1193 1871 Ne
1220 1832 1416 1870 diminuat
1445 1831 1588 1871 heres?
1620 1833 1744 1884 Qid,
1777 1833 1802 1871 st
1825 1834 1889 1871 in-

504 1899 683 1937 fitiatur?
715 1897 840 1949 Qid,
872 1898 897 1935 fi
928 1897 1093 1935 omnino
1124 1910 1202 1935 non
1233 1897 1428 1936 debetur?
1459 1898 1602 1950 Qid?
1634 1908 1774 1951 praetor
1794 1898 1891 1936 solet

498 1963 672 2016 judicare
705 1961 836 2000 deberi
855 1962 868 1999 ?
901 1961 1010 2013 Qid
1030 1962 1043 1998 ?
1075 1974 1148 2013 ego
1177 1961 1384 2000 Fundanio
1405 1976 1483 2000 non
1505 1963 1624 2015 cupio
1643 1964 1656 2000 ?
1688 1976 1766 2001 non
1788 1963 1889 2001 ami-

502 2042 571 2067 cus
607 2028 723 2066 sum?
767 2041 844 2065 non
881 2027 1146 2065 misericordia
1179 2029 1370 2065 moveor?
1404 2041 1520 2066 nemo
1551 2029 1704 2081 magis:
1737 2029 1799 2067 sed
1831 2030 1891 2067 via

496 2094 598 2147 juris
618 2092 810 2145 ejusmodi
831 2092 883 2130 est
904 2092 1138 2145 quibusdam
1161 2093 1200 2130 in
1224 2093 1352 2138 rebus,
1385 2103 1428 2131 ut
1450 2093 1549 2132 nihil
1574 2094 1617 2132 sit
1642 2094 1719 2133 loci
1740 2095 1888 2147 gratim.

501 2161 636 2211 Atque
658 2159 709 2196 ita
731 2156 830 2196 mihi
852 2157 1006 2196 dicebat
1028 2158 1202 2202 Flavius,
1237 2158 1424 2211 scriptum
1447 2159 1486 2197 in
1507 2173 1549 2198 ea
1569 2159 1743 2212 epistola,
1770 2174 1889 2212 quam

503 2233 609 2261 tuam
630 2221 702 2260 effe
722 2222 890 2267 dicebat,
919 2232 955 2260 te
975 2232 1041 2260 aut
1061 2223 1165 2275 quasi
1187 2223 1323 2262 amicis
1347 2224 1423 2262 tuis
1444 2225 1585 2276 gratias
1607 2227 1798 2270 acturum,
1821 2235 1888 2264 aut

500 2288 603 2340 quasi
626 2288 799 2326 inimicis
821 2287 1073 2326 incommoda
1094 2288 1280 2327 laturum.
1314 2289 1422 2339 Qid
1444 2290 1567 2328 multa
1587 2291 1599 2327 ?
1632 2289 1778 2328 screbat
1798 2305 1888 2342 gra-

499 2353 613 2397 viter,
645 2352 684 2389 id
716 2350 967 2390 vehementer
995 2365 1151 2390 mecum
1173 2353 1421 2404 querebatur,
1452 2354 1664 2406 orabatque
1698 2364 1739 2392 ut
1771 2355 1817 2392 ad
1851 2365 1887 2393 te

499 2431 617 2470 quam
639 2416 931 2469 diligentiffime
955 2417 1189 2456 scriberem:
1223 2419 1329 2471 quod
1359 2418 1475 2462 facio.
1506 2430 1543 2457 ct
1576 2430 1611 2457 tc
1642 2420 1795 2473 prorsus
1818 2434 1884 2458 ve-

497 2483 701 2522 hementer
721 2483 839 2521 ctiam
861 2493 977 2535 atquc
997 2484 1115 2522 ctiam
1138 2498 1248 2537 rogO,
1281 2494 1323 2522 ut
1343 2495 1382 2523 ct
1414 2486 1732 2538 procuratoribus
1762 2486 1888 2526 Flavii
