2335 3009
559 269 641 309 ²04

557 354 702 402 quomodo
735 355 847 392 alienis
877 357 967 392 rebus
999 359 1129 393 amicum
1153 357 1230 403 fore

549 404 688 449 speres?
725 405 774 440 Et
808 405 903 448 item,
943 405 1047 449 Nam,
1081 418 1167 453 quem
1197 408 1231 441 in

558 453 701 487 amicitia
724 453 920 511 perfidioficm
947 456 1136 502 cognoveris,
1163 467 1231 490 eum

559 512 656 548 quare
678 510 769 548 putes
794 504 976 538 inimicitias
999 515 1066 538 cum
1085 503 1154 546 fide
1170 503 1230 539 ba·

558 549 631 584 bere
643 550 721 598 poffe
734 552 754 586 ,Ρ
779 551 840 594 Et,
865 552 934 599 Qi
950 553 1106 598 privatus
1122 553 1231 587 intole-

559 598 657 634 rabili
664 601 814 646 superbia
821 601 936 646 fuerit,
962 612 1029 639 eum
1048 600 1232 636 commodum

559 654 590 682 et
598 649 653 692 sui
670 649 888 696 cognoscentem
904 650 1035 685 vIdere'
1021 662 1056 684 m
1068 649 1231 695 potestate,

559 699 628 743 quis
646 698 753 743 speret
766 701 785 734 ?
811 699 871 740 Et,
896 698 966 745 Qui
990 700 1024 733 in
1032 699 1231 743 sermonibus

560 754 592 780 et
619 755 772 782 conventu
800 750 964 783 amicorum
989 758 1100 782 verum
1116 747 1230 782 dixerit

559 806 736 842 numquam,
778 808 845 831 eum
877 796 941 842 fibi
980 798 1014 831 in
1042 795 1231 831 concionibus

559 843 659 878 credis
699 857 720 878 a
760 844 915 880 mendacio
954 851 1194 890 temperaturum
1211 847 1230 880 ,Ρ

561 892 664 936 Item,
682 892 768 940 Qos
783 905 821 929 ex
838 893 964 929 collibus
978 893 1149 939 dejecimus,
1163 904 1230 929 cum

561 943 601 976 iis
616 943 650 976 in
667 952 774 989 campo
790 945 953 978 metuimus
968 942 1114 978 dimicare
1127 943 1146 977 ,Ρ
1164 941 1232 988 Qi

559 1002 630 1026 cum
655 991 761 1037 plures
789 1000 893 1034 erant,
918 993 1032 1037 paucis
1061 991 1148 1026 nobis
1178 1003 1231 1026 ex-

559 1041 683 1087 aequari
692 1053 750 1075 non
757 1047 927 1087 poterant,
941 1040 976 1075 hi
982 1040 1143 1087 postquam
1147 1049 1231 1086 pau-

561 1089 751 1135 cioresficnt‚
769 1091 942 1131 metuimus,
968 1089 1080 1132 nefint
1089 1089 1231 1135 superio-

561 1149 628 1173 res.
623 1139 640 1165 2
668 1137 753 1173 Hoc
779 1137 1010 1173 exornationis
1027 1149 1136 1184 genus
1154 1137 1230 1172 bre-

562 1185 667 1222 vibus
695 1195 730 1222 et
762 1185 972 1222 continuatis
999 1185 1116 1220 verbis
1154 1197 1230 1232 per-

561 1233 694 1270 fedlmm
708 1235 772 1270 effe
788 1235 903 1278 debet,
928 1244 963 1269 et
979 1246 1061 1270 curn
1075 1246 1232 1269 commo-

562 1283 648 1318 dum
677 1282 725 1318 est
755 1283 890 1326 auditu,
923 1293 1066 1331 propter
1093 1283 1233 1318 brevem

562 1343 598 1368 et
627 1331 818 1368 absolutam
844 1332 1134 1373 conclufionem;
1156 1341 1233 1366 tum

563 1394 646 1417 vero
676 1381 904 1423 vehementer,
941 1380 988 1422 id,
1014 1380 1115 1428 quod
1142 1392 1234 1428 opus

563 1431 611 1466 est
643 1430 783 1472 oratori,
819 1429 1026 1477 comprobat
1067 1429 1237 1464 contraria

564 1491 612 1521 re,
637 1490 671 1515 et
699 1491 742 1514 ex
771 1490 850 1521 eo,
861 1478 958 1526 quod
981 1477 1131 1513 dubium
1166 1489 1235 1513 non

563 1528 624 1570 est,
653 1527 794 1576 expedit
824 1527 923 1569 illud,
959 1527 1057 1575 quod
1084 1526 1234 1562 dubium

563 1577 624 1619 est,
652 1588 692 1612 ut
719 1586 778 1611 aut
807 1576 894 1611 dilui
922 1588 990 1610 non
1021 1577 1134 1624 poffit,
1174 1585 1234 1610 aut

565 1626 678 1662 multo
694 1625 898 1661 difficillime
914 1626 1026 1672 possit.
1066 1641 1069 1643 ·

614 1675 719 1710 XlX.
746 1675 953 1709 Membrum
979 1672 1143 1709 orationis
1172 1684 1231 1720 ap-

563 1724 714 1770 pellatur
732 1735 781 1758 res
812 1723 960 1758 breviter
982 1721 1137 1757 absoluta
1166 1721 1234 1756 sine

567 1773 673 1808 totius
719 1772 890 1808 sententiae
933 1770 1232 1813 demonstratione,

566 1833 648 1869 qure
666 1822 781 1856 denuo
811 1820 879 1856 alio
897 1819 1054 1855 membro
1070 1819 1234 1854 orationis

565 1870 749 1919 excipitur,
776 1870 840 1905 hoc
867 1869 995 1904 modo:
1036 1869 1083 1905 Et
1111 1870 1234 1903 inimico

563 1918 812 1965 prodera5.1d
830 1918 878 1953 est
904 1929 1027 1960 unum,
1053 1918 1150 1965 quod
1173 1929 1233 1965 ap-

568 1969 716 2023 pellatur
749 1967 968 2002 membrum:
1015 1966 1138 2001 deinde
1169 1966 1233 2001 hoc

565 2017 756 2064 excipiatur
785 2025 922 2063 oportet
952 2014 995 2049 ab
1025 2015 1155 2056 altero,
1190 2017 1234 2050 Et

567 2070 698 2101 amicum
715 2064 853 2100 l.cdcbas
897 2064 950 2098 Ex
969 2063 1108 2098 duobus
1128 2075 1234 2098 mem-

569 2115 637 2150 bris
657 2115 730 2149 haec
760 2113 938 2148 exornatio
963 2112 1072 2159 potest
1103 2112 1233 2146 consta-

569 2177 626 2198 re:
664 2163 715 2198 sed
743 2161 1013 2198 commodissima
1037 2171 1071 2196 et
1100 2161 1234 2195 absolu-

568 2213 689 2247 tissima
705 2212 764 2252 est,
793 2223 874 2258 quse
892 2222 932 2244 ex
952 2209 1063 2244 tribus
1090 2209 1233 2251 constat,

568 2262 630 2296 hoc
653 2262 776 2309 patio:
806 2261 849 2295 Et
878 2261 999 2293 inimico
1014 2258 1177 2303 proderas,
1205 2266 1234 2292 ct

567 2315 694 2345 amisum
712 2309 852 2350 laedclws,
879 2316 909 2342 ci
936 2308 994 2342 tibi
1016 2308 1075 2353 ipfi
1091 2319 1148 2341 non
1165 2319 1234 2341 con-

557 2361 695 2405 sulebas.
751 2360 846 2399 item,
875 2357 942 2391 Nec
963 2357 1139 2402 reipublisae
1164 2368 1231 2390 con-

563 2410 689 2453 su'uisti,
717 2421 766 2442 ncc
784 2409 888 2441 amn-is
908 2405 1065 2452 profuisti,
1093 2417 1143 2439 nec
1170 2407 1230 2439 im·-

565 2460 650 2492 nmis
680 2458 820 2500 rcstilisii.
878 2455 1058 2490 Articulus
1092 2454 1232 2493 dicitur

565 2519 647 2542 cum
667 2506 798 2552 singula
818 2505 921 2539 verba
952 2504 1140 2540 intervallis
1169 2503 1232 2538 dii·-

865 259 1647 301 RHETORICORUM

1279 356 1489 405 tinguuntur
1501 355 1587 393 caesa
1598 355 1764 400 oratione,
1791 356 1858 393 hoc
1872 368 1947 394 mo-

1279 407 1348 442 do:
1375 407 1569 447 Ammonia,
1591 418 1678 447 voce,
1703 406 1808 448 vultu,
1833 406 1950 442 adver-

1271 455 1376 501 sarios
1406 455 1616 500 periet-ruisti.
1669 455 1771 496 Item,
1805 456 1949 491 Inimicos

1279 503 1415 545 invidia,
1452 505 1587 549 imur-iis,
1620 506 1772 550 potentia,
1798 503 1948 550 perfidia,

1270 551 1428 596 sustulisti.
1481 553 1572 587 lnter
1605 551 1709 598 hujus
1742 552 1874 599 generis
1913 561 1950 587 et

1281 600 1374 636 illius
1404 599 1582 648 superioris
1605 601 1855 637 vehementiam
1882 600 1949 636 hoc

1281 649 1428 691 interest,
1438 648 1551 703 quod
1579 648 1666 684 illud
1684 649 1815 684 tardius
1837 658 1873 684 et
1895 660 1949 684 ra-

1280 697 1350 732 rius
1368 696 1476 740 venit,
1503 697 1568 732 hoc
1587 697 1740 733 crebrius
1755 707 1790 733 et
1806 697 1950 733 celerius

1280 746 1448 794 pervenit.
1500 746 1622 794 ltaque
1650 746 1686 781 in
1717 746 1778 781 illo
1815 757 1949 801 genere,

1279 806 1323 829 ex
1341 793 1528 830 remotione
1546 794 1677 830 brachii
1697 804 1732 830 et
1759 794 1948 831 contortio-

1281 855 1323 878 ne
1338 843 1489 879 dexterae
1507 843 1644 890 gladius
1671 843 1714 878 ad
1741 854 1869 891 corpus
1900 842 1951 878 af-

1280 891 1386 933 ferri-,
1429 892 1463 928 in
1498 892 1564 927 hoc
1599 902 1727 935 autem,
1762 892 1885 928 crebro
1916 901 1952 927 et

1281 941 1380 976 celeri
1406 941 1549 976 vulnere
1582 952 1710 989 corpus
1742 940 1952 976 consauciari

1282 989 1428 1025 videtur.
1480 989 1708 1025 Continuatio
1733 989 1782 1024 est
1800 989 1901 1025 densa
1915 999 1951 1024 et

1280 1037 1459 1073 continens
1500 1035 1732 1084 frequentatio
1762 1038 1952 1073 verborum

1280 1098 1362 1121 cum
1380 1085 1595 1122 absolutione
1610 1086 1862 1121 sententiarum.
1897 1086 1953 1122 Ea

1280 1143 1420 1170 utemur
1451 1134 1724 1189 commodissime
1751 1135 1950 1190 tripertito,

1282 1183 1316 1218 in
1344 1182 1518 1227 sententia,
1545 1182 1579 1218 in
1595 1184 1781 1227 contrario,
1807 1183 1841 1219 in
1867 1195 1951 1219 con-

1283 1232 1528 1268 clufione.1n
1546 1232 1720 1275 sententia,
1739 1232 1805 1268 hoc
1822 1233 1949 1281 pacto·

1283 1283 1326 1316 Ei
1341 1293 1402 1316 non
1419 1280 1552 1316 multum
1574 1281 1673 1327 potest
1700 1281 1791 1329 obeffe
1797 1282 1951 1328 fortiora,

1282 1332 1335 1377 qui
1350 1329 1417 1374 sibi
1423 1329 1551 1374 firmius
1580 1331 1614 1364 in
1645 1331 1782 1373 virtute,
1808 1342 1900 1377 quam
1917 1332 1952 1365 in

1282 1379 1364 1422 casu,
1385 1378 1564 1424 praefidium
1581 1378 1756 1414 collocavit.
1809 1380 1849 1414 In
1867 1391 1952 1414 con-

1285 1427 1402 1469 trario,
1421 1427 1486 1462 hoc
1504 1427 1610 1463 modo
1625 1441 1633 1463 :
1661 1427 1793 1472 Namst
1807 1431 1873 1475 quis
1881 1427 1952 1473 spei

1284 1487 1344 1511 non
1361 1476 1493 1512 multum
1520 1476 1680 1512 collocarit
1708 1479 1742 1511 in
1770 1478 1841 1523 casii
1842 1476 1954 1524 ‚quid

1283 1525 1334 1568 est,
1380 1525 1462 1572 quod
1488 1527 1517 1560 ei
1548 1535 1725 1572 magnopere
1753 1527 1838 1571 cafics
1862 1525 1953 1573 ⁰bff

1276 1572 1353 1620 poff
1352 1581 1386 1609 t
1383 1576 1399 1601 Ρ
1426 1574 1465 1609 ln
1483 1574 1713 1616 conclusione,
1740 1574 1805 1610 hoc
1823 1574 1950 1622 pacto:

1282 1622 1378 1669 Qod
1391 1623 1425 1668 st
1446 1626 1478 1657 in
1504 1635 1552 1658 eos
1564 1623 1732 1669 plurimum
1740 1623 1879 1669 fortuna
1892 1632 1952 1669 po-

1282 1671 1351 1715 test,
1376 1684 1428 1718 qut
1425 1672 1515 1717 suas
1533 1673 1674 1707 rationes
1689 1684 1787 1707 omnes
1803 1674 1837 1706 in
1849 1675 1952 1717 casum

1283 1721 1505 1761 contulerunt;
1532 1732 1590 1756 non
1599 1722 1678 1767 sunt
1693 1723 1793 1756 omnia
1815 1723 1954 1756 commit·

1283 1768 1377 1804 tenda
1385 1770 1544 1814 fortunae‚
1571 1781 1607 1804 ne
1636 1781 1784 1816 magnam
1806 1772 1896 1804 nintis
1918 1772 1953 1804 in

1283 1830 1335 1853 nos
1363 1817 1495 1854 habeat>
1512 1818 1759 1854 dominationem.
1828 1818 1869 1854 In
1900 1817 1952 1853 his

1283 1867 1394 1903 tribus
1425 1866 1607 1915 generibus
1625 1867 1667 1902 ad
1685 1867 1953 1902 continuationis

1283 1916 1356 1951 vim
1374 1916 1458 1951 adeo
1480 1915 1711 1963 frequentatio
1735 1916 1784 1951 est
1809 1916 1951 1950 necesss-

1285 1965 1344 2007 ria,
1384 1975 1424 2000 ut
1455 1965 1590 2001 infirma
1622 1963 1768 2000 facultas
1807 1965 1952 1999 oratoris

1283 2014 1454 2057 videatur,
1481 2014 1541 2049 nisi
1571 2013 1781 2054 sententiam,
1806 2024 1840 2048 et
1868 2026 1950 2048 con-

1284 2062 1441 2104 trarium,
1455 2073 1488 2097 et
1506 2062 1772 2104 conclufionem,
1791 2061 1952 2109 frequen·

1284 2112 1378 2146 tibus
1403 2112 1521 2147 efferat
1540 2111 1663 2146 verbis.
1716 2111 1782 2146 Sed
1809 2122 1841 2145 et
1870 2111 1952 2147 alias

1284 2172 1428 2207 quoque
1446 2171 1695 2207 nonnunquam
1716 2172 1783 2194 non
1801 2160 1951 2194 alienum

1283 2209 1342 2251 est,
1370 2209 1499 2243 tametsi
1519 2209 1644 2243 necesse
1663 2220 1729 2243 non
1747 2207 1806 2248 est.
1832 2209 1951 2255 eloqui

1287 2271 1335 2292 rcs
1366 2258 1497 2305 aliquas
1527 2269 1586 2305 per
1615 2256 1848 2304 hujuscemodi
1867 2270 1950 2292 con·

1285 2307 1502 2341 tinuationes.

1332 2356 1418 2389 XX
1445 2356 1600 2402 Compar
1623 2354 1829 2408 appellatur,
1854 2354 1950 2401 quod

1284 2404 1415 2439 habet
1409 2416 1441 2438 in
1471 2404 1499 2439 se
1526 2404 1680 2438 membra
1706 2403 1882 2442 oranonis,
1907 2404 1950 2437 dc

1283 2453 1413 2500 quibus
1432 2463 1508 2487 ante
1521 2453 1685 2493 diximus,
1699 2464 1782 2499 quae
1795 2452 1889 2486 const
1893 2462 1949 2486 ant

1283 2514 1325 2537 cx
1357 2502 1428 2549 pari
1458 2500 1527 2537 sere
1558 2513 1702 2537 numero
1732 2501 1949 2547 syllabarum.
