2335 3009
491 195 566 236 ¹3²
911 184 1436 225 POEMATUM

487 283 612 321 Ortus
631 292 748 336 atque
767 283 900 322 obitus
921 297 1057 323 ornnes
1079 285 1313 338 cognoscere
1334 286 1465 338 possis.

487 349 586 399 Qae
607 349 720 387 simul
740 349 920 396 existant,
951 364 1084 389 cernes
1100 369 1113 396 ;
1145 364 1232 403 quae
1254 360 1429 405 tempore
1449 353 1586 392 eodem

485 414 738 467 Praecipitent
758 415 914 454 obitum
938 418 1130 455 nocturno
1152 426 1342 469 tempore,
1373 418 1524 458 nosces.

483 480 575 530 Jam
604 481 717 518 simul
749 490 793 519 ut
822 481 957 534 supera
986 482 1020 520 sc
1052 492 1136 520 toto
1165 482 1317 520 lumine
1348 484 1499 522 Cancer

484 547 658 592 Extulit,
689 548 891 601 extemplo
920 548 1024 586 cedit
1054 548 1206 601 delapsa
1234 549 1404 594 Corona,

483 612 537 650 Et
566 612 653 650 loca
680 613 844 651 convisit
873 613 995 652 cauda
1025 622 1138 652 tenus
1168 612 1294 651 infera
1323 614 1461 654 Piscis.

480 677 706 716 Dimidiam
733 678 904 717 retinens
933 678 1054 717 stellis
1084 679 1263 717 distincta
1293 679 1450 718 Corona

481 743 636 782 Partem
657 744 776 783 etiam
797 744 949 797 supera,
977 754 1095 797 atque
1115 744 1189 783 alia
1209 744 1256 783 de
1276 755 1384 797 parte
1405 746 1556 799 repulsa
1575 747 1628 786 est
1646 762 1656 786 :

480 809 612 860 Qam
634 818 763 847 tamen
785 810 1005 863 insequitur
1026 809 1163 856 Piscis,
1195 824 1266 849 nec
1289 820 1395 850 totus
1416 812 1463 850 ad
1484 813 1642 852 umbras

476 874 661 921 Tractus,
692 875 756 914 sed
785 875 924 929 supero
952 878 1155 915 contectus
1185 891 1348 930 corpore
1377 879 1497 924 cedit,

477 940 613 993 Atque
633 939 819 979 humeros
842 941 962 995 usque
982 955 1003 979 a
1021 942 1206 994 genibus,
1236 943 1468 997 clarumque
1489 945 1668 983 recondit

476 1006 752 1058 Anguitenens
773 1007 911 1046 validis
932 1021 1124 1060 magnum
1144 1021 1164 1045 a
1184 1009 1404 1047 cervicibus
1426 1011 1629 1062 Anguem.

474 1071 565 1122 Jam
595 1085 686 1110 vero
715 1071 987 1125 Arctophylax
1016 1085 1096 1110 non
1126 1086 1236 1125 aequa
1264 1082 1373 1125 parte
1403 1073 1570 1115 secatur.

473 1136 583 1175 Nam
613 1137 768 1176 brevior
796 1138 898 1176 clara
926 1138 1012 1176 caeli
1043 1137 1090 1177 de
1118 1148 1228 1191 parte
1256 1139 1426 1186 videtur,

472 1203 661 1255 Amplior
681 1202 851 1241 infernas
873 1203 1058 1257 depulsus
1077 1203 1243 1257 poffidet
1264 1205 1440 1245 umbras.

473 1271 674 1322 Qattuor
693 1269 760 1309 hic
780 1270 917 1309 obiens
938 1270 1072 1310 secum
1091 1270 1283 1310 deducere
1302 1271 1410 1325 signa

470 1335 670 1388 Signifero
691 1336 788 1375 solet
807 1351 855 1376 ex
876 1337 979 1383 orbi,
1010 1346 1097 1375 tum
1118 1336 1236 1375 serius
1256 1337 1342 1384 ille,

473 1403 579 1440 Cum
601 1402 735 1455 supera
755 1403 830 1441 sese
851 1403 1001 1441 satiavit
1021 1402 1124 1449 luce,
1155 1403 1318 1449 recedit,

471 1467 562 1506 Post
582 1467 752 1507 mediam
774 1469 906 1507 labens
928 1468 1033 1507 claro
1053 1482 1147 1507 cum
1167 1482 1331 1522 corpore
1351 1471 1524 1510 noctem.

470 1533 570 1572 Haec
590 1533 752 1573 obscura
773 1544 908 1574 tenens
929 1534 1118 1574 convestit
1139 1534 1257 1574 sidera
1276 1535 1409 1575 tellus.

467 1601 524 1638 At
544 1610 652 1652 parte
672 1615 719 1640 ex
740 1602 813 1640 alia
833 1601 947 1640 claris
968 1615 1062 1640 cum
1082 1601 1240 1640 lucibus
1260 1610 1362 1641 errat

467 1672 611 1715 Orion,
642 1669 818 1708 humeris
840 1678 878 1706 et
899 1668 979 1706 lato
1000 1669 1154 1720 pectore
1174 1667 1353 1720 fulgens,

466 1739 520 1777 Et
540 1737 677 1775 dextra
696 1735 867 1773 retinens
889 1747 969 1772 non
989 1732 1135 1771 caffum
1155 1733 1321 1772 luminis
1342 1733 1490 1773 ensem.

467 1803 540 1843 Sed
559 1817 653 1842 cum
673 1801 720 1840 de
743 1801 853 1839 terris
874 1800 931 1839 vis
952 1799 1006 1838 est
1025 1798 1216 1852 patefacta
1236 1800 1398 1846 Leonis,

467 1870 630 1914 Omnia,
661 1882 748 1921 quae
769 1867 921 1905 Cancer
940 1865 1126 1920 praeclaro
1146 1865 1290 1905 detulit
1309 1875 1416 1912 ortu,

467 1935 628 1975 Cedunt
647 1933 850 1973 obscurata
867 1951 878 1978 ς
911 1932 1026 1971 fimul
1047 1932 1104 1971 vis
1126 1945 1268 1985 magna
1287 1931 1452 1986 Aquilai

466 2001 647 2045 Pellitur,
679 2013 721 2038 ac
744 1998 845 2037 flexo
864 1997 1066 2036 confidens
1088 2011 1250 2050 corpore
1271 1998 1406 2037 Nixus

463 2067 553 2119 jam
574 2066 711 2119 supero
731 2063 855 2103 ferme
875 2063 1059 2116 depulsus
1080 2063 1233 2102 lumine
1252 2063 1358 2102 cedit
1375 2078 1386 2103 :

464 2133 537 2171 Sed
558 2133 700 2171 laevum
721 2143 861 2184 genus,
891 2139 1009 2183 atque
1029 2130 1221 2168 illustrem
1242 2130 1391 2183 linquit
1411 2130 1451 2169 in
1472 2130 1600 2169 altum

464 2200 642 2237 Plantam
661 2217 671 2244 ;
705 2208 792 2236 tum
812 2206 948 2235 contra
968 2197 1144 2235 exoritur
1163 2197 1314 2235 clarum
1335 2207 1453 2250 caput
1476 2196 1643 2249 Hydrae,

462 2267 516 2303 Et
538 2267 685 2318 Lepus,
715 2273 753 2302 ct
778 2263 970 2315 Procyon,
1001 2262 1071 2315 qui
1095 2261 1168 2300 scse
1188 2261 1362 2301 fervidus
1385 2262 1504 2302 insert

463 2333 566 2369 Ante
589 2332 736 2368 Canem
754 2348 765 2374 ;
799 2328 890 2367 inde
911 2329 1030 2367 Canis
1052 2328 1211 2381 vestigia
1231 2329 1358 2381 prima
1377 2329 1581 2370 videntur„

460 2398 554 2437 Non
579 2410 699 2449 pauca
718 2410 738 2434 e
759 2395 855 2434 cmlo
874 2394 1074 2448 depellens
1096 2394 1201 2447 signa
1226 2405 1384 2447 repente

457 2463 647 2502 Exoritur
677 2461 844 2501 candens
876 2460 1019 2502 illustri
1045 2460 1199 2500 lumine
1231 2461 1374 2516 Virgo.

1793 554 1873 591 600

1790 880 1870 933 605

1785 1208 1868 1250 610

1781 1539 1862 1593 615

1778 1870 1857 1908 620

1771 2200 1851 2253 625
