2241 2994
739 247 1008 287 HIST

349 340 523 388 trigesimo
554 341 608 375 die
636 340 678 374 ad
709 340 832 374 urbem
866 340 1017 374 Romam

349 391 454 425 venit.
505 389 646 423 Hirtius.
699 390 823 423 Fuerat
841 399 922 422 cum
939 389 1017 422 Cae-

350 437 418 472 sare
453 438 485 472 in
516 435 638 471 Africa
669 436 708 471 P.
743 436 938 478 Dolabella,
979 446 1018 471 ut

350 486 451 520 docet
481 485 604 520 Cicero
634 484 755 531 Philip.
785 485 830 520 11.
857 495 923 530 cap.
957 496 1014 530 30.

349 533 412 580 qui
443 545 523 568 cum
560 532 729 568 Caesarem
766 534 809 568 ab
848 532 1017 567 Africano

351 582 442 616 bello
461 582 655 616 redeuntem
675 582 896 623 antecederet,
915 591 961 627 ep.
985 594 1016 628 7.

349 630 404 665 lib.
424 631 490 666 IX.
509 631 552 664 ad
566 631 681 666 Famil.
726 631 849 666 Cicero
864 630 895 665 ei
913 631 1016 665 Tiro-

350 691 427 714 nem
445 679 586 714 obviam
605 679 705 721 misit,
731 689 779 725 ep.
803 691 833 724 5.
862 679 916 714 lib.
935 680 1017 714 XII.

349 728 395 762 ad
426 729 498 763 Aet.
557 727 681 762 Caesari
716 727 848 763 senatus
890 729 1019 763 multos

350 776 495 812 honores
513 776 687 811 decrevit:
717 777 750 811 in
779 777 832 819 iis,
860 786 899 810 ut
930 788 1018 824 prae-

349 823 461 860 fectus
493 824 660 865 moribus,
697 825 866 870 ἥΐτρέπων
895 825 1020 863 ἑπιςαπις

349 885 411 921 per
429 873 612 908 triennium
628 873 720 914 effet,
735 876 798 909 Dio
811 873 866 908 lib.
881 874 1016 908 XLllI.

351 923 508 957 meminit
539 922 662 958 Cicero
691 932 737 968 ep.
775 934 829 968 15.
869 922 921 957 lib.
949 923 1016 957 IX.

348 971 463 1007 Fasnil.

400 1019 486 1054 Erat
515 1020 638 1056 Cicero
669 1021 702 1056 in
731 1020 829 1061 urbe,
867 1029 972 1066 atque
1001 1032 1020 1053 a

351 1068 496 1111 Caesare,
525 1080 562 1103 ut
581 1069 786 1105 Plutarchus
804 1069 931 1110 scribit,
958 1068 1018 1103 ho-

352 1128 434 1151 nore
468 1118 692 1159 afficiebatur,
736 1118 819 1152 adeo
854 1127 893 1152 ut
925 1117 1018 1151 laudi

350 1166 492 1201 Catonis
515 1178 533 1199 a
551 1167 716 1202 Cicerone
733 1167 866 1213 scriptae
885 1165 1019 1212 respon-

351 1214 434 1249 dens
453 1215 640 1250 orationem
659 1215 731 1261 ejus
749 1225 783 1250 et
812 1227 929 1255 vitam,
956 1226 1018 1248 ceu

353 1263 493 1298 Periclis
531 1275 566 1299 et
604 1264 829 1299 Theramenis
872 1262 1020 1298 nuxime

351 1312 535 1358 geminam,
554 1313 775 1347 collaudaret.
821 1312 941 1358 Atque,
960 1312 1019 1345 Ci-

351 1362 482 1394 ceronis
501 1361 587 1395 liber
604 1363 695 1402 Cato,
723 1360 864 1395 Caesaris
882 1361 1018 1395 Antica-

351 1416 385 1442 to
423 1408 626 1444 inscribitur.
684 1409 806 1444 Cicero
847 1420 936 1442 anno
974 1408 1018 1443 se-

351 1467 479 1504 quente
500 1458 541 1492 ad
559 1458 734 1500 Atticum,
762 1467 800 1492 ut
826 1458 871 1492 est
895 1456 1019 1502 epistola

356 1518 411 1551 15.
438 1506 491 1541 lib.
523 1507 604 1541 XlI.
642 1507 687 1541 ita
716 1506 867 1553 scripsit:
908 1507 1021 1551 Qualis

343 1554 465 1600 futura
473 1555 520 1598 sit
536 1556 667 1600 Caesaris
690 1557 884 1601 vituperatio
913 1563 1020 1589 contra

351 1603 555 1638 laudationem
573 1616 683 1645 meam,
706 1605 845 1649 perspexi
873 1615 909 1637 ex
931 1615 964 1638 eo
981 1604 1020 1636 li-

351 1654 419 1694 bro,
446 1665 531 1700 quem
558 1653 686 1688 Hirtius
713 1654 758 1687 ad
773 1664 819 1687 me
846 1654 951 1694 mistt:
986 1656 1019 1685 in

351 1713 408 1749 quo
439 1702 555 1747 colligit
585 1703 669 1736 vitia
699 1703 835 1743 Catonis,
865 1700 924 1747 sed
952 1712 1020 1735 cum

350 1752 492 1786 maximis
509 1751 650 1784 laudibus
668 1753 750 1785 meis.

402 1799 536 1834 Tribus
553 1799 695 1833 statibus
723 1799 820 1834 usum
847 1799 887 1833 C.
908 1797 1018 1833 Caesa-

352 1859 422 1883 rem
467 1849 499 1882 in
540 1848 767 1894 vituperando
801 1849 932 1886 Catone
973 1847 1021 1881 est

352 1897 445 1943 apud
465 1897 673 1943 Quintilian.
703 1896 762 1930 lib.
797 1896 857 1930 ΙΙΙ.
885 1907 958 1941 cap.
986 1908 1018 1942 9.

350 1945 519 1980 Caesarem
539 1945 570 1979 in
592 1945 800 1979 Anticatone
829 1943 911 1978 citat
938 1944 1020 1978 Gel-

352 1994 418 2029 lius
448 1994 503 2029 lib.
531 1994 593 2028 IV.
627 2004 693 2039 cap.
729 1993 782 2027 16.
837 1994 878 2028 C.
909 1992 1021 2027 Caesar

352 2043 386 2076 in
413 2043 622 2078 Anticatone
651 2042 762 2089 priore
788 2041 972 2075 adducitur
1002 2053 1020 2075 a

353 2091 525 2126 Prisciano
543 2091 596 2126 lib.
617 2091 718 2126 ΧΙΙῙ.
762 2089 941 2136 Juvenalis
961 2090 1018 2124 Sa-

353 2148 428 2184 tyra
450 2140 511 2174 VI.
539 2139 622 2175 vers.
655 2142 736 2186 338.
789 2141 861 2174 Duo
890 2140 1021 2177 Caelaris

354 2189 566 2224 Anticatones.
619 2189 740 2223 Cicero
764 2188 826 2223 sub
845 2187 946 2221 finem
967 2186 1018 2221 lib.

354 2237 456 2270 ΧΙΙῙ.
483 2237 527 2270 ad
541 2238 612 2271 Act.
656 2236 796 2271 Caesaris
815 2237 920 2270 libros
939 2247 1020 2270 con-

354 2295 406 2319 tra
448 2285 614 2318 Catonem
663 2285 826 2320 nominat.
874 2285 1019 2319 Cremu-

355 2333 423 2367 tius
458 2333 594 2367 Cordus
627 2333 720 2379 apud
755 2334 922 2368 'I'acitum
957 2333 1017 2367 lib.

354 2383 416 2417 lv,
447 2381 573 2416 Annal.
599 2393 673 2427 cap.
696 2394 751 2427 34.
794 2384 849 2416 Μ.
869 2383 1021 2416 Ciceronis

353 2431 446 2471 libro,
463 2443 516 2477 quo
533 2429 678 2464 Catonem
696 2431 766 2464 caelo
783 2433 933 2477 aequaz'it,
951 2429 1024 2476 quid

352 2479 444 2515 aliud
458 2481 609 2516 DiHator
626 2479 741 2525 Caesar,
763 2491 855 2526 quam
870 2480 1020 2524 rescripta

1059 246 1354 286 ORIA.
1667 262 1744 303 3²5

1068 341 1207 374 oratione
1231 340 1320 375 velut
1349 338 1434 386 apud
1461 340 1589 385 Judices
1617 342 1739 388 respon-

1067 387 1146 421 dit?
1182 388 1317 423 Gellius
1347 389 1407 423 lib.
1440 390 1545 425 XIII.
1573 401 1647 438 cap.
1683 393 1736 427 18.

1068 438 1124 471 M.
1143 437 1222 470 Cato
1249 436 1354 482 Nepos
1380 445 1475 481 pater
1482 439 1554 482 fuit
1573 441 1624 474 Μ.
1643 441 1737 474 Cato-

1067 487 1114 518 nis
1151 487 1295 530 praetorii
1338 488 1418 527 viri,
1462 489 1512 532 qui
1542 487 1618 522 bello
1649 488 1737 523 civili

1066 534 1166 569 Uticae
1183 544 1283 567 necem
1288 533 1353 576 fibi
1365 533 1470 579 gladio
1487 547 1577 570 manu
1587 537 1648 580 sua
1665 549 1734 570 con-

1058 582 1156 627 scivit
1169 595 1180 616 .·
1207 581 1244 616 de
1260 582 1348 627 cujus
1364 584 1436 616 vita
1454 583 1532 617 liber
1548 584 1588 627 est
1605 586 1660 619 M.
1679 586 1734 620 Ci-

1067 632 1196 672 ceronis,
1236 632 1289 678 qui
1321 631 1511 676 inscribitur,
1551 633 1640 667 Laus
1677 636 1733 670 M.

1067 680 1209 715 Catonis.
1262 679 1430 714 Caesarem
1461 679 1690 716 laudationem
1717 695 1736 717 a

1068 729 1235 763 Cicerone
1267 727 1426 775 scriptam
1457 740 1525 762 non
1556 741 1647 776 aegre
1681 741 1735 766 tu-

1068 776 1150 818 liffe,
1188 776 1243 811 sed
1282 776 1424 819 librum,
1465 777 1533 812 five
1565 783 1664 817 βιελίον
1694 797 1735 821 τι,

1068 824 1240 872 scripsisse,
1265 829 1280 860 ’ὁ
1306 829 1330 871 ξ,
1348 825 1514 867 Ἀντικάτων
1531 826 1662 870 ἐκάλεσεν,
1689 828 1736 864 ait

1067 874 1133 909 Dio
1150 874 1205 908 lib.
1225 874 1362 909 XLlIl.

1118 923 1250 957 Catone
1278 922 1434 957 absoluto
1471 922 1594 958 Cicero
1624 923 1735 960 statim

1068 971 1115 1006 est
1146 971 1317 1018 aggressus
1342 972 1520 1014 Oratorem,
1547 982 1587 1008 ut
1615 973 1737 1020 ipsein

1068 1022 1205 1055 Oratore
1231 1020 1273 1054 ad
1304 1020 1360 1055 M.
1383 1020 1544 1062 Brutum,
1571 1022 1633 1068 qui
1661 1032 1737 1058 tum

1070 1068 1195 1103 Galliae
1225 1078 1382 1115 praeerat‚
1418 1068 1545 1112 scribit,
1582 1080 1650 1115 cap.
1682 1083 1736 1107 ιο.

1070 1117 1125 1151 De
1151 1118 1310 1159 Oratore,
1338 1118 1411 1164 lege
1435 1126 1481 1162 ep.
1514 1130 1567 1165 19.
1597 1119 1634 1163 [l.
1662 1121 1737 1166 18.]

1068 1165 1121 1200 lib.
1140 1166 1203 1200 VI.
1231 1167 1318 1201 Fam.

1120 1215 1175 1249 M.
1220 1214 1389 1249 Claudius
1428 1215 1630 1258 Marcellus,
1674 1217 1736 1263 qui

1070 1273 1147 1297 ante
1178 1274 1283 1297 annos
1314 1263 1471 1310 quinque
1501 1263 1533 1298 in
1556 1264 1737 1300 consulatu

1071 1311 1239 1346 Caesarem
1291 1312 1404 1358 palam
1456 1324 1736 1359 oppugnaverat,

1071 1360 1162 1394 bello
1193 1359 1286 1394 civili
1318 1370 1429 1406 partes
1461 1361 1613 1407 Pompeii
1644 1362 1737 1396 secu-

1071 1418 1139 1450 tus,
1182 1420 1222 1442 eo
1258 1408 1352 1442 vieto
1385 1407 1553 1443 Caesarem
1588 1420 1737 1446 veterem

1070 1456 1169 1491 suum
1200 1456 1378 1491 inimicum
1409 1467 1562 1492 metuens
1593 1458 1738 1505 Mityle-

1071 1517 1130 1540 nas
1159 1507 1330 1547 concessit,
1358 1505 1476 1552 ibique
1494 1505 1526 1540 in
1546 1506 1657 1541 studio
1677 1508 1736 1542 bo-

1072 1566 1192 1588 narum
1211 1555 1334 1588 artium
1362 1554 1426 1588 hoc
1448 1565 1601 1602 tempor<⁴
1620 1556 1737 1591 beatis-

1072 1603 1164 1645 sime,
1191 1613 1361 1646 quantum
1392 1604 1496 1637 modo
1525 1613 1645 1638 natura
1677 1605 1737 1640 ho·

1071 1652 1171 1686 minis
1190 1652 1331 1698 patitur,
1356 1651 1506 1692 vivebat,
1534 1662 1572 1686 ut
1589 1665 1632 1687 ex
1650 1653 1737 1688 Bru-

1071 1710 1107 1735 to
1126 1699 1225 1734 refert
1243 1702 1368 1734 Seneca
1386 1700 1420 1733 in
1438 1699 1677 1736 Consolatione
1693 1702 1737 1737 ad

1070 1749 1249 1789 Albinam,
1284 1758 1350 1793 cap.
1385 1751 1415 1782 8.
1454 1758 1528 1782 tum
1559 1749 1614 1783 M.
1645 1750 1735 1785 Tul-

1071 1798 1136 1832 lius
1167 1797 1208 1831 ad
1235 1808 1314 1831 eum
1344 1797 1438 1831 dedit
1466 1797 1549 1842 egist.
1578 1808 1610 1842 7.
1641 1806 1670 1833 et
1703 1802 1735 1835 8.

1070 1846 1122 1880 lib.
1152 1846 1214 1880 IV.
1252 1847 1344 1881 Fam.
1384 1845 1522 1880 hortans
1553 1846 1664 1888 illum,
1699 1859 1739 1884 ut

1071 1893 1196 1935 Caesari
1228 1893 1258 1928 se
1282 1894 1514 1929 summitteret.
1567 1896 1658 1930 Cum
1677 1908 1736 1930 au-

1072 1953 1139 1977 tem
1160 1943 1191 1976 in
1215 1942 1328 1978 senatu
1355 1955 1374 1977 a
1400 1943 1443 1976 L.
1464 1942 1583 1977 Pisone
1610 1945 1738 1980 mentio

1070 1992 1149 2026 esset
1167 1991 1255 2025 faeta
1273 1992 1314 2026 de
1332 1991 1515 2032 Marcello,
1541 2003 1575 2026 et
1591 2004 1672 2028 cum
1691 1994 1734 2029 C.

1071 2041 1262 2075 Marcellus
1288 2041 1318 2074 se
1341 2040 1383 2074 ad
1401 2039 1541 2074 Caesaris
1559 2042 1659 2088 pedes
1677 2042 1736 2076 ab·

1065 2087 1207 2135 jecisset,
1247 2089 1392 2123 cunctus
1431 2089 1562 2124 senatus
1599 2090 1736 2124 consur·

1071 2137 1156 2172 rexit
1180 2147 1214 2171 et
1244 2139 1284 2171 ad
1315 2137 1480 2172 Caesarem
1508 2136 1650 2184 supplex
1681 2151 1736 2174 ac-

1071 2187 1172 2221 cessit.
1209 2187 1306 2220 Tum
1325 2186 1448 2227 Caesar,
1476 2186 1628 2220 accusata
1646 2198 1736 2221 acer-

1073 2235 1177 2269 bitate
1220 2235 1391 2275 Marcelli,
1434 2244 1568 2280 repente
1612 2245 1736 2280 praeter

1070 2283 1162 2331 spem
1195 2283 1294 2325 dixit,
1321 2282 1351 2316 se
1380 2281 1506 2316 senatui
1536 2283 1668 2328 roganti
1693 2285 1737 2319 de

1071 2332 1240 2366 Marcello
1267 2343 1307 2366 ne
1331 2329 1455 2365 ominis
1481 2330 1620 2376 quidem
1639 2333 1736 2367 causa

1071 2391 1286 2427 negaturum.
1341 2379 1471 2424 ltaque,
1508 2389 1588 2412 cum
1617 2392 1735 2416 omnes

1070 2440 1147 2463 ante
1188 2429 1239 2463 M.
1272 2427 1433 2461 Tullium
1466 2427 1575 2474 rogati
1611 2431 1736 2475 gratias

1070 2477 1193 2513 Caesari
1218 2486 1342 2524 praeter
1363 2476 1408 2511 L.
1427 2476 1624 2512 Volcatium
1643 2478 1736 2513 Tul-
