2335 3009
507 241 580 271 102
954 223 1440 264 EPISTOLAE

504 324 556 364 illi
585 322 802 363 abutendum
831 320 950 375 gloria
981 330 1063 368 tua,
1092 329 1133 361 ut
1164 318 1388 374 adtpisbatur
1415 320 1561 360 honores
1587 323 1774 372 paternos.
1802 315 1891 359 Kal.

503 389 628 442 April.
660 386 884 440 Dyrrachio.

904 589 1147 628 C1c1zRo
1193 589 1406 628 BRUTO
1452 588 1491 627 S.

505 721 579 761 IV.
603 719 849 794 DATIS
878 731 993 757 mane
1021 730 1055 756 a.
1083 716 1122 756 d.
1147 730 1190 755 νι
1216 715 1275 755 Id.
1305 716 1437 770 April.
1475 717 1632 772 Scaptio
1651 715 1791 763 literis,
1822 730 1895 756 eo*

704 785 795 823 dem
815 784 878 822 die
898 793 983 823 tuas
1003 783 1137 836 accepi
1158 783 1248 821 Kal.
1271 783 1403 836 April.
1427 783 1649 837 Dyrrachio
1668 783 1788 828 datas,
1806 783 1892 821 ves-

504 852 603 906 peri.
636 853 774 904 Itaque
794 863 908 888 mane
928 849 1031 902 prid.
1054 848 1115 888 Id.
1134 848 1265 902 April.
1284 862 1377 887 cum
1394 863 1414 887 a
1430 851 1586 903 Scaptio
1605 849 1749 888 certior
1768 847 1892 887 factus

503 918 634 963 effem,
657 930 736 956 non
756 915 828 954 effe
847 929 913 954 eos
933 913 1145 968 profectos,
1175 914 1322 968 quibus
1342 914 1468 968 pridie
1487 915 1682 960 dederam,
1704 923 1744 952 et
1762 913 1895 952 statim

504 985 575 1030 ire,
606 984 683 1023 hoc
703 982 912 1037 paululum
931 981 1083 1021 exaravi
1103 981 1184 1033 ipsa
1203 982 1244 1019 in
1266 981 1381 1019 turba
1400 983 1604 1020 matutinae
1633 979 1893 1019 salutationis.

504 1051 569 1088 De
589 1048 717 1087 Caffio
735 1048 861 1093 laetor‚
891 1057 931 1085 et
950 1046 1178 1099 reipublicae
1197 1045 1400 1097 gratulor:
1432 1045 1534 1084 mihi
1553 1046 1688 1090 etiam,
1714 1045 1800 1096 qui,
1831 1057 1896 1082 re-

503 1122 706 1167 pugnante
725 1121 764 1150 et
784 1111 971 1150 irascente
992 1109 1126 1155 Pansa,
1156 1109 1389 1148 sententiam
1410 1109 1594 1156 dixerim,
1625 1118 1670 1148 ut
1702 1108 1896 1148 Dolabel-

504 1180 584 1218 lam
606 1178 712 1216 bello
733 1176 882 1215 Caffius
903 1175 1212 1230 persequeretur.
1245 1176 1298 1214 Et
1318 1175 1480 1228 quidem
1501 1175 1680 1214 audacter
1698 1174 1896 1221 dicebam,

505 1245 584 1283 fine
604 1243 736 1282 nostro
755 1241 1116 1281 senatus-consulto
1129 1242 1214 1293 jam
1234 1241 1336 1279 illud
1355 1255 1447 1279 eum
1469 1241 1621 1280 bellum
1640 1254 1786 1294 gerere.
1831 1241 1897 1279 De

504 1320 544 1349 te
562 1311 682 1349 etiam
702 1308 787 1346 dixi
808 1317 910 1353 tum,
942 1320 1029 1361 quae
1049 1306 1214 1345 dicenda
1233 1307 1382 1360 putavi.
1416 1307 1514 1346 Haec
1533 1308 1581 1346 ad
1601 1317 1639 1346 te
1659 1307 1783 1346 oratio
1803 1319 1895 1360 per-

504 1375 667 1420 feretur,
698 1373 888 1426 quon'ram
908 1381 947 1411 te
967 1372 1082 1411 video
1101 1372 1282 1410 delectari
1304 1371 1542 1425 Philippicis
1574 1373 1728 1412 nostris.
1774 1372 1897 1425 Qod

505 1454 569 1480 me
603 1441 651 1478 de
683 1439 865 1480 Antonio
896 1438 1097 1483 consulis,
1130 1437 1260 1490 quoad
1293 1439 1404 1476 Bruti
1436 1439 1591 1477 exitum
1622 1438 1895 1491 cognorimus,

504 1505 806 1545 custodiendum
827 1513 939 1557 puto.
986 1505 1050 1542 Ex
1081 1503 1143 1542 his
1171 1504 1311 1550 literis,
1346 1517 1442 1557 quas
1464 1503 1566 1542 mihi
1586 1503 1735 1550 mifisti,
1769 1504 1896 1542 Dola-

505 1572 611 1612 bella
630 1571 762 1610 Afiam
781 1583 917 1609 vexare
936 1569 1106 1616 videtur,
1131 1579 1170 1608 et
1191 1570 1231 1608 in
1252 1583 1295 1608 ea
1315 1570 1351 1608 se
1371 1583 1502 1623 gerere
1521 1571 1735 1608 teterrime.
1769 1571 1898 1608 Com-

506 1638 688 1691 pluribus
720 1645 852 1674 autem
886 1635 1079 1689 scripsisti,
1112 1636 1363 1674 Dolabellam
1395 1649 1416 1674 a
1447 1635 1618 1674 Rhodiis
1650 1635 1722 1674 effe
1756 1635 1897 1674 exclu-

507 1704 621 1742 sum:
653 1702 722 1755 qui
756 1702 781 1740 fi
813 1701 860 1739 ad
893 1701 1084 1739 Rhodum
1119 1701 1286 1747 acceffit,
1316 1701 1471 1740 videtur
1501 1700 1603 1740 mihi
1636 1701 1766 1739 Asiam
1802 1701 1897 1739 reli-

505 1769 641 1823 quisse.
690 1768 734 1807 Id
756 1769 782 1807 fi
804 1769 858 1807 ita
876 1767 945 1813 est,
977 1768 1062 1806 istic
1092 1768 1166 1806 tibi
1187 1769 1325 1807 censeo
1343 1768 1672 1807 commorandum
1692 1783 1701 1807 ι
1734 1768 1788 1806 fin
1810 1781 1897 1806 eam

506 1835 623 1874 semel
645 1835 751 1887 cepit
770 1853 779 1879 ;
811 1832 914 1872 mihi
943 1833 1071 1878 crede,
1103 1847 1180 1873 non
1202 1834 1277 1872 erit
1292 1853 1305 1880 ;
1335 1844 1375 1873 at
1396 1835 1436 1873 in
1458 1835 1589 1873 Asiam
1609 1833 1747 1873 censeo
1766 1834 1896 1887 perse-

505 1900 725 1953 quendum.
771 1898 890 1937 Nihil
925 1898 1027 1938 mihi
1061 1899 1204 1938 videris
1234 1898 1311 1938 hoc
1343 1909 1519 1953 tempore
1550 1900 1692 1938 melius
1724 1901 1895 1938 acturus.

507 1965 628 2017 Qod
649 1977 760 2017 egere
782 1973 819 2002 te
839 1963 990 2002 duabus
1013 1964 1227 2003 necessariis
1249 1965 1364 2004 rebus
1385 1965 1537 2010 scribis,
1563 1965 1838 2018 supplemento
1858 1975 1897 2003 et

508 2031 701 2083 pecunia;
734 2030 897 2068 difficile
931 2030 1140 2069 confilium
1173 2030 1253 2069 cst:
1293 2045 1372 2070 non
1407 2033 1514 2070 enim
1548 2031 1649 2070 mihi
1683 2041 1898 2070 occurrunt

507 2096 729 2141 facultates,
760 2095 907 2148 quibus
930 2096 988 2133 uti
1010 2104 1046 2133 te
1068 2095 1170 2148 poss‘e
1191 2096 1359 2142 videam,
1382 2107 1520 2150 praeter
1540 2097 1642 2142 illas,
1671 2111 1765 2150 quas
1789 2097 1897 2135 sena·

507 2171 570 2199 tus
592 2161 779 2206 decrevit,
811 2170 855 2200 ut
887 2162 1071 2214 pecunias
1103 2175 1123 2199 a
1154 2162 1382 2201 civitatibus
1415 2173 1571 2202 mutuas
1605 2163 1786 2201 sumeres,
1835 2163 1898 2201 De

507 2227 784 2280 supplemento
804 2235 934 2264 autem
958 2240 1035 2265 non
1058 2227 1171 2265 video
1192 2228 1289 2280 quid
1311 2228 1391 2266 fieri
1415 2229 1541 2281 possit.
1585 2230 1764 2267 Tantum
1789 2229 1899 2267 enim

507 2293 624 2337 abest,
657 2302 700 2330 ut
724 2293 843 2330 Pansa
863 2293 910 2331 de
930 2293 1103 2331 exercitu
1128 2293 1208 2338 suo,
1240 2304 1305 2332 aut
1333 2295 1499 2338 delectu,
1534 2294 1606 2332 tibi
1639 2294 1789 2347 aliquid
1822 2295 1896 2333 tri-

511 2359 617 2402 buat,
650 2368 692 2395 ut
713 2358 831 2396 etiam
854 2358 1012 2396 moleste
1034 2357 1130 2396 ferat
1153 2368 1230 2397 tam
1255 2360 1402 2398 multos
1423 2360 1469 2397 ad
1492 2371 1527 2397 tc
1551 2360 1603 2397 irc
1625 2360 1864 2398 voluntarios
1884 2375 1894 2399 ε

509 2423 711 2476 quomodo
731 2424 914 2476 equidem
935 2424 1066 2469 credo,
1098 2425 1203 2476 quod
1226 2423 1285 2463 his
1308 2426 1437 2469 rebus.
1461 2440 1547 2478 qua:
1569 2426 1606 2463 in
1632 2426 1741 2464 Italia
1761 2425 1899 2463 decer—

509 2499 672 2534 nuntur,
706 2490 831 2528 nullas
853 2490 983 2543 copias
1007 2490 1124 2529 nimis
1147 2504 1305 2543 magnas
1327 2491 1398 2530 css'e
1428 2492 1663 2531 arbitretur:
1697 2491 1899 2544 quomodo
