2335 3009
496 235 548 276 34
847 220 1538 260 EPISTOLARUM

497 319 651 358 Eodem
671 319 734 357 die
755 318 1160 357 senatus-consultum
1189 317 1336 357 faEtum
1369 319 1436 364 est,
1470 319 1523 357 Ut
1536 317 1754 370 sbdalt'tates
1780 319 1890 359 decu-

496 384 653 436 riatique
676 382 887 436 dyc-ederent
905 401 915 427 ς
947 383 1070 435 lexque
1088 382 1130 421 de
1148 383 1190 420 iis
1194 382 1387 434 βήτην,
1419 392 1475 428 ut,
1497 383 1562 436 qui
1577 398 1644 422 non
1663 383 1888 437 djfiffffint,

497 462 540 486 ea
553 457 676 501 prena,
707 462 787 500 quae
806 448 851 499 cst
869 447 910 486 de
929 448 983 492 vi,
1005 457 1229 486 tenerentur.
1261 450 1313 487 A.
1337 449 1376 487 d.
1403 463 1459 487 111
1484 450 1544 487 Id.
1568 449 1651 487 dixi
1672 463 1743 502 pro
1764 449 1890 488 Bestia

498 514 546 551 de
583 514 736 551 ambitu
774 513 878 566 apud
917 523 1122 566 praetorem
1162 514 1240 551 Cn.
1278 514 1508 552 Domitium
1543 514 1584 551 in
1618 513 1706 552 foro
1739 515 1887 559 medio,

499 579 675 616 maximo
706 587 902 616 conventu
920 596 932 624 5
965 578 1168 630 incidique
1189 579 1228 616 in
1250 592 1340 617 eum
1362 579 1497 617 locum
1518 579 1559 616 in
1581 578 1763 625 dicendo,
1794 593 1889 618 cum

500 643 670 688 Sextius,
702 643 839 681 multis
869 643 910 680 in
936 644 1087 696 templo
1108 643 1276 682 Castoris
1297 644 1527 682 vulneribus
1548 645 1734 696 acceptis,
1766 644 1888 683 subfi-

499 707 566 746 dio
587 708 720 746 Bestiae
741 708 908 746 servatus
929 707 1033 746 effet.
1081 708 1163 746 Hic
1189 705 1509 761 προῳκονομηταῖμην
1527 708 1717 762 quiddam
1737 707 1890 758 εὐκαίρως

500 773 547 810 de
578 774 626 810 iis
659 787 744 825 quae
777 774 817 811 in
851 773 1030 811 Sextium
1055 773 1338 826 apparabantur
1359 773 1552 819 crimina;
1585 783 1624 812 et
1643 787 1735 812 eum
1755 774 1890 812 ornavi

501 838 600 876 veris
621 838 819 884 laudibus,
849 851 994 890 magno
1014 838 1158 877 assensu
1178 839 1377 877 omnium.
1423 839 1502 877 Res
1534 838 1691 877 homini
1721 838 1801 877 fuit
1819 852 1890 877 ve-

500 901 706 941 hementer
735 913 856 956 grata.
903 905 1002 955 Qae
1030 903 1105 942 tibi
1131 917 1178 942 eo
1209 903 1351 949 scribo,
1383 904 1490 956 quod
1522 918 1586 942 me
1612 904 1660 942 de
1689 904 1893 943 retinenda

502 968 624 1006 Sextii
645 969 767 1021 gratia
786 969 910 1007 literis
932 969 1026 1022 saepe
1050 969 1251 1007 monuisti.
1286 969 1393 1007 Prid.
1428 969 1488 1008 Id.
1522 969 1607 1008 haec
1638 970 1768 1022 scripsi
1801 979 1891 1008 ante

499 1033 646 1073 lucem.
692 1035 754 1072 Eo
782 1034 845 1072 die
874 1034 976 1087 apud
1003 1035 1271 1087 Pomponium
1293 1034 1332 1072 in
1354 1035 1436 1086 ejus
1458 1036 1608 1087 nuptiis
1630 1049 1735 1073 eram
1756 1049 1890 1074 coena-

500 1107 627 1137 turus.
674 1100 822 1137 Caetera
853 1099 942 1138 sunt
973 1100 1014 1137 in
1047 1100 1162 1138 rebus
1195 1099 1348 1144 nostris,
1379 1100 1601 1151 cujusmodi
1623 1110 1666 1138 tu
1686 1100 1789 1138 mihi
1809 1099 1892 1138 fere

499 1163 694 1200 diffidenti
727 1163 977 1215 praedicabas,
1008 1163 1125 1215 plena
1144 1163 1348 1214 dignitatis
1369 1172 1407 1201 et
1427 1165 1560 1215 gratiae
1578 1179 1587 1202 :
1620 1177 1706 1217 quae
1727 1164 1893 1218 quidem

500 1235 580 1271 tua,
611 1227 669 1264 mi
688 1225 821 1271 frater,
852 1226 1074 1278 prudentia,
1105 1227 1308 1279 patientia,
1330 1227 1491 1273 virtute,
1523 1228 1682 1281 pietate,
1704 1229 1892 1269 suavitate

500 1291 635 1336 etiam,
653 1291 727 1329 tibi
748 1290 931 1344 mihique
951 1291 1040 1330 sunt
1061 1292 1249 1331 restituta.
1282 1293 1439 1331 Domus
1461 1293 1535 1332 tibi
1555 1294 1601 1332 ad
1622 1294 1760 1333 lucum
1777 1295 1891 1334 Piso-

500 1357 561 1394 nis
595 1356 803 1394 Liciniana
836 1357 1029 1395 conducta
1060 1357 1141 1396 est:
1183 1357 1261 1404 sed,
1293 1367 1338 1397 ut
1369 1359 1493 1411 spero,
1524 1360 1659 1412 paucis
1691 1360 1891 1400 menfibus

499 1419 585 1474 post
605 1420 782 1459 kalendis
805 1422 949 1473 Qint.
973 1423 1013 1460 in
1036 1432 1144 1461 tuam
1164 1424 1463 1476 commigrabis.
1506 1426 1639 1463 Tuam
1671 1425 1712 1463 in
1735 1426 1891 1464 Carinis

500 1486 641 1524 mundi
661 1485 898 1525 habitatores
920 1489 1068 1527 Lamiae
1089 1488 1379 1528 conduxerunt.
1413 1491 1449 1528 A
1471 1499 1509 1528 te
1529 1490 1613 1543 post
1633 1490 1743 1529 illam
1767 1491 1890 1530 Olbi-

499 1551 629 1590 ensem
650 1552 852 1605 epistolam
874 1555 1000 1592 nullas
1022 1555 1153 1600 literas
1174 1557 1321 1609 accepi.
1368 1557 1478 1608 Qid
1499 1570 1601 1609 agas,
1632 1566 1671 1595 et
1692 1566 1735 1595 ut
1756 1566 1794 1595 te
1813 1557 1891 1596 ob-

498 1617 631 1662 lectes,
662 1617 756 1656 scire
778 1620 924 1672 cupi03
957 1621 1207 1674 maximeque
1229 1621 1398 1674 teipsum
1418 1622 1548 1661 videre
1573 1623 1890 1675 quamprimum.

501 1683 621 1727 Cura,
652 1683 709 1721 mi
743 1683 874 1730 frater,
908 1695 951 1724 ut
979 1686 1132 1726 valeas:
1164 1697 1202 1726 et
1234 1701 1462 1740 quanquam
1496 1687 1550 1726 est
1583 1687 1726 1734 hiems,
1758 1697 1893 1728 tamen-

502 1747 718 1789 Sardiniam
738 1748 850 1788 istam
869 1751 941 1790 effe
962 1752 1126 1805 cogites.
1151 1766 1223 1793 xv.
1247 1753 1328 1793 kal.
1350 1754 1478 1792 Mart.

816 1950 1083 1991 MARcus
1131 1955 1199 2006 Q
1233 1955 1575 1994 Fasti-1³18.

502 2077 574 2116 1V.
600 2076 647 2149 S
664 2079 696 2116 Ε
715 2078 929 2118 XTIUS
961 2079 1086 2118 noster
1115 2081 1315 2120 abs01utus
1346 2082 1398 2120 est
1419 2096 1452 2121 a.
1477 2083 1516 2122 d.
1545 2097 1576 2122 11
1603 2083 1661 2122 Id.
1687 2083 1809 2122 Mart.
1832 2093 1891 2130 et,

675 2144 782 2196 quod
802 2143 1053 2183 vehementer
1074 2146 1255 2185 interfuit
1277 2148 1502 2200 reipublicae
1525 2149 1675 2187 nullam
1697 2149 1818 2188 videri
1847 2151 1889 2188 in

498 2207 690 2259 ejusmodi
712 2209 821 2247 causa
842 2209 1110 2249 dissensionem
1131 2212 1217 2257 css‘e,
1249 2213 1435 2251 omnibus
1467 2215 1666 2253 sententiis
1688 2215 1890 2254 absolutus

499 2274 566 2311 est.
616 2274 735 2320 Illud,
767 2276 874 2327 quod
897 2276 970 2314 tibi
994 2277 1088 2330 saepe
1110 2292 1210 2315 curae
1231 2278 1302 2316 css'c
1325 2280 1611 2325 intellexeram,
1645 2295 1690 2319 nc
1712 2283 1775 2319 cui
1809 2282 1890 2319 ini-

500 2351 581 2390 quo
611 2339 921 2392 relinqueremus
952 2342 1196 2395 vituperandi
1230 2344 1378 2389 locum,
1410 2347 1478 2397 qui
1512 2360 1580 2383 nos
1613 2347 1782 2398 ingratos
1817 2347 1891 2386 effe

499 2405 658 2448 diceret,
703 2405 770 2443 nifi
809 2407 916 2444 illius
952 2409 1237 2459 perversitatem
1273 2410 1505 2461 quibusdam
1544 2412 1582 2449 in
1620 2413 1733 2450 rebus
1769 2426 1890 2465 quam

497 2468 770 2509 humanissime
793 2470 998 2519 ferremus,
1030 2473 1126 2513 scito
1154 2474 1228 2513 hoc
1251 2489 1320 2514 nos
1343 2477 1383 2514 in
1411 2491 1456 2515 eo
1481 2477 1634 2529 judicio
1659 2477 1890 2517 consecutos
