2241 2994
525 244 606 286 274

525 329 638 371 illum,
676 340 783 376 quem
814 329 975 364 mandato
1003 328 1191 364 Caesenniae

524 388 664 420 emerat,
700 378 799 413 suurn
828 378 892 412 effe
920 377 1019 413 dixit.
1073 377 1193 425 ltaque

525 426 751 462 constitutum
769 425 849 468 fuit,
875 439 948 474 quo
977 426 1032 462 die
1058 426 1091 461 in
1122 438 1191 462 rem

525 475 727 523 praesentem
744 476 928 518 veniretur,
955 485 994 511 ut
1013 487 1094 510 cum
1112 475 1191 510 Cae-

526 525 603 559 cina
619 525 661 559 de
677 523 790 560 fundo
805 525 884 560 esset
901 523 1064 571 dejectus,
1092 524 1192 559 inter-

524 573 658 608 dictum
678 585 697 607 a
723 583 871 621 praetore
899 573 1095 620 postularet.
1124 573 1191 606 Ve-

526 634 606 657 rum
642 622 825 664 AEbutius,
863 621 975 657 fundo
1008 629 1191 667 occupato,

526 670 716 712 Caecinam,
742 671 775 706 in
804 683 884 706 eum
907 670 1038 717 ingredi
1068 681 1194 704 conan-

526 729 608 763 tem,
635 720 761 755 coactis
778 719 980 766 armatisque
997 718 1196 753 hominibus

526 781 588 816 per
613 768 685 803 vim
716 769 810 803 aditu
837 768 1054 815 ingressuque
1079 765 1194 813 prohi-

528 818 616 853 buit.
667 817 841 865 Repulsus
867 817 1008 853 Caecina
1037 815 1194 851 interdic-

526 876 603 902 tum
621 866 663 901 de
681 866 818 901 armatis
845 865 1044 901 hominibus
1071 876 1089 899 a
1118 864 1192 899 Do-

527 915 651 950 labella
693 925 842 968 praetore
884 915 1103 962 impetravit,
1155 922 1196 948 ut

527 964 620 999 unde
648 964 798 1010 dejectus
822 964 913 1006 esset,
938 975 980 998 eo
1008 962 1194 997 restituere-

527 1023 596 1048 tur.
634 1013 801 1048 AEbutius
831 1011 1006 1048 restituisse
1031 1011 1061 1045 se
1080 1010 1191 1046 dixit:

527 1061 563 1096 in
587 1073 734 1109 eamque
759 1074 830 1097 rem
859 1060 993 1109 sponsio
1021 1059 1112 1094 faeta
1135 1058 1193 1094 est.

525 1110 584 1145 De
609 1122 680 1158 qua
709 1111 980 1157 Recuperatores
1006 1120 1027 1143 a
1047 1117 1196 1156 praetore

525 1159 597 1194 dati
614 1169 863 1206 cognoverunt.

576 1209 673 1243 Tota
709 1207 857 1254 quaestio
886 1205 1094 1242 definitionis
1121 1204 1193 1246 est·,

525 1258 586 1292 An
605 1256 785 1292 interdicto
802 1257 845 1292 de
862 1256 897 1290 vi
922 1265 1077 1291 teneatur
1091 1254 1194 1289 etiam

527 1307 568 1347 is,
594 1306 656 1353 qui
687 1318 754 1341 non
782 1304 905 1352 dejecit
929 1305 972 1339 de
988 1302 1112 1346 fundo,
1139 1302 1194 1338 sed

525 1355 571 1389 ab
611 1353 684 1402 ejus
723 1354 869 1401 ingressu
900 1352 1112 1401 prohibuit?
1151 1352 1194 1387 de

526 1415 597 1450 qua
615 1415 649 1438 re
665 1403 788 1438 Cicero
807 1403 840 1438 in
859 1403 1018 1443 Oratore,
1037 1412 1113 1448 cap.
1135 1411 1192 1448 29.

525 1456 609 1486 Yota
639 1451 716 1486 mibi
744 1453 836 1498 causo
849 1461 908 1497 pro
925 1452 1048 1486 Caecina
1065 1450 1101 1484 de
1116 1461 1191 1484 ver-

525 1502 572 1536 bis
589 1501 747 1536 {merdich
754 1500 825 1546 fuit
839 1513 850 1534 .·
877 1512 924 1537 res
947 1499 1106 1534 involutas
1122 1498 1192 1541 defi-

525 1550 633 1584 niendo
659 1550 889 1595 explicavimus,
913 1549 973 1593 jus
1004 1548 1096 1582 civile
1124 1547 1192 1582 lou-

523 1598 683 1641 davimus,
709 1598 809 1633 verba
827 1598 973 1645 ambigua
989 1596 1192 1641 distinximus.

527 1752 635 1790 Anno
656 1748 764 1790 Urbis
784 1747 878 1802 685.
922 1746 1102 1787 Ciceronis
1124 1759 1188 1800 39.

670 1819 860 1859 Consules
890 1818 1053 1858 fuerunt

540 1882 590 1920 L.
624 1883 862 1920 Cfficnws
894 1881 1176 1925 METELLUS,

635 1942 937 1995 QMAchus
965 1941 1080 1980 Rex.

576 2041 630 2075 De
669 2040 720 2076 his
754 2039 952 2075 consulibus
995 2039 1118 2073 Cicem
1159 2038 1191 2073 in

526 2090 694 2133 Pisonem,
731 2101 804 2137 cap.
835 2100 869 2133 4.
914 2087 1004 2124 Aude
1034 2100 1123 2129 nunc,
1160 2088 1192 2121 Ο

516 2139 623 2184 surio,
650 2139 685 2173 de
712 2147 765 2173 tuo
793 2137 903 2179 dicere,
929 2137 1014 2182 cujus
1032 2137 1102 2182 suit
1129 2138 1189 2170 ini-

523 2191 601 2223 tium
627 2187 694 2222 ludi
722 2186 939 2233 compitalicii.
964 2194 1030 2220 tum
1056 2187 1191 2230 primum

518 2237 600 2280 salit
623 2237 687 2282 post
719 2237 759 2271 L.
780 2235 944 2271 cultellum
972 2242 1000 2268 et
1027 2235 1071 2279 Q.
1092 2235 1188 2268 Μαν-

523 2290 603 2322 cr'um
620 2286 682 2333 “ff
714 2295 822 2320 (cntra
848 2287 1068 2318 anaoritatem
1098 2283 1188 2328 hujus

522 2335 649 2369 ordinis.
706 2335 754 2369 lta
794 2334 884 2369 enim
929 2333 1016 2368 refle
1060 2332 1189 2367 Paulus

523 2384 706 2418 Manutius
741 2383 879 2418 nomina
910 2380 1066 2417 mendosa
1098 2380 1186 2415 resti-

522 2434 598 2467 tuit.
654 2433 746 2467 ldcm
782 2431 966 2467 Manutius
1002 2431 1063 2465 hoc
1100 2440 1190 2464 anno

520 2481 698 2530 epistolam
718 2496 750 2525 4.
768 2482 807 2527 [1.
829 2482 880 2528 5]
900 2481 958 2516 lib.
981 2480 1004 2516 l.
1034 2479 1075 2514 ad
1096 2478 1189 2515 Atti-

838 231 902 271 M.
962 233 1017 272 T.
1078 232 1607 272 CICERONIS

1242 340 1323 364 cum
1353 327 1511 376 scriptam
1542 336 1667 375 putat:
1707 327 1742 362 in
1770 339 1841 375 qua
1869 327 1911 363 de

1241 377 1286 412 L.
1307 377 1483 412 Ciceronis
1504 386 1614 411 morte
1630 375 1712 423 agit.

1292 426 1375 460 Hoc
1403 437 1493 460 anno
1522 425 1561 459 P.
1591 425 1738 460 Clodius
1765 423 1912 459 Luculli

1241 474 1428 510 exercitum
1449 474 1481 508 in
1500 473 1632 509 Nisibis
1647 473 1744 509 urbis
1761 473 1910 508 obsidio-

1243 535 1284 558 ne
1311 522 1519 564 sollicitavit,
1545 521 1684 557 austere
1712 521 1828 556 Dione
1854 521 1910 556 lib.

1242 572 1399 606 XXXV.
1427 570 1518 605 unde
1534 570 1670 612 Cicero,
1695 570 1738 605 de
1756 569 1910 616 Harusp.

1243 619 1345 666 Resp.
1374 630 1448 665 cap.
1485 629 1543 653 20.
1595 619 1679 661 Post,
1705 620 1840 653 exercitu
1868 619 1911 653 L.

1246 667 1371 706 Luculli
1378 667 1558 712 sollicitato,
1575 668 1669 714 fugit
1683 666 1776 702 illinc.

1245 819 1355 856 Anno
1377 816 1485 857 Urbis
1506 817 1599 856 686.
1643 815 1822 856 Ciceronis
1841 828 1909 867 40.

1387 891 1578 929 Consules
1609 889 1772 929 fuerunt

1300 952 1350 990 C.
1385 951 1693 990 CALPuRmus
1732 951 1855 996 P1so,

1301 1013 1365 1050 M.
1394 1013 1587 1051 Aelmus
1617 1013 1855 1051 GLABRIO.

1295 1109 1348 1144 Hi
1366 1109 1521 1145 consules
1544 1108 1796 1145 nominantura
1812 1108 1912 1144 Cice·

1244 1169 1326 1193 rone
1343 1157 1397 1193 lib.
1409 1158 1494 1194 ΧΙΙ.
1508 1158 1554 1193 ad
1562 1159 1636 1194 Au.
1648 1167 1695 1205 ep.
1708 1169 1764 1194 22.
1781 1157 1822 1203 [l.
1837 1168 1856 1193 2
1866 1157 1913 1204 1.]

1243 1216 1277 1241 et
1294 1206 1476 1253 Philippica
1490 1207 1534 1243 11.
1560 1216 1627 1253 cap.
1650 1219 1683 1253 5.
1709 1205 1841 1254 quibus
1869 1206 1913 1242 C.

1244 1255 1403 1291 Triarius
1420 1256 1552 1303 legatus
1568 1255 1714 1291 Luculli
1732 1267 1752 1290 a
1768 1254 1911 1290 Mithri-

1244 1305 1322 1340 date
1350 1304 1461 1340 vic‘tus
1490 1303 1571 1348 fuit,
1598 1314 1638 1340 ut
1662 1303 1752 1346 Dio,
1774 1303 1911 1339 Plutar-

1243 1353 1330 1388 chus
1362 1363 1397 1388 et
1427 1353 1612 1401 Appianus
1646 1351 1810 1395 scribunt,
1848 1353 1911 1400 qui

1243 1402 1389 1444 addunt,
1415 1402 1570 1437 cecidisse
1595 1412 1671 1437 tum
1695 1401 1912 1437 centuriones

1243 1463 1297 1486 ci..
1325 1451 1482 1486 tribunos
1513 1463 1613 1486 xxiv.
1644 1459 1679 1485 et
1703 1449 1810 1485 castra
1835 1450 1910 1485 Ro-

1243 1511 1424 1535 manorum
1475 1511 1494 1534 a
1543 1498 1751 1535 Mithridate
1811 1508 1913 1547 capta

1242 1547 1350 1584 fuisse.

1293 1598 1386 1633 Haec
1415 1597 1461 1632 est
1492 1597 1551 1632 illa
1578 1595 1766 1639 calamitas,
1803 1607 1909 1644 quam

1243 1646 1367 1682 Cicero
1394 1648 1428 1680 in
1447 1645 1648 1689 Maniliana,
1673 1655 1742 1692 cap.
1773 1658 1807 1693 9.
1835 1655 1909 1680 tan-

1242 1705 1313 1730 tam
1331 1694 1429 1730 fuiss‘e
1447 1695 1505 1737 ait,
1533 1704 1572 1730 ut
1587 1706 1662 1730 eam
1681 1694 1724 1729 ad
1747 1706 1843 1729 aures
1861 1694 1908 1730 L.

1243 1744 1388 1780 Luculli
1416 1743 1628 1792 imperatoris
1654 1755 1723 1778 non
1748 1755 1790 1778 ex
1820 1754 1909 1790 prze-

1244 1791 1291 1828 lio
1309 1792 1469 1834 nuncius,
1495 1791 1550 1828 sed
1565 1803 1608 1827 ex
1625 1791 1776 1827 sermone
1793 1802 1911 1826 rumor

1243 1841 1387 1877 afferret.
1438 1841 1552 1876 Hicin
1573 1840 1635 1887 ipft
1649 1840 1700 1876 illo
1717 1839 1810 1882 malo,
1828 1852 1909 1886 gra-

1242 1889 1415 1939 viffimoque
1442 1890 1514 1926 belli
1540 1889 1698 1936 offenstone
1720 1889 1762 1924 L.
1791 1889 1912 1924 Lucul-

1243 1939 1300 1981 lus,
1325 1943 1379 1987 qui
1403 1948 1505 1974 tamen
1521 1939 1627 1986 aliqua
1643 1950 1682 1973 ex
1740 1945 1789 1972 rte
1804 1940 1844 1973 iis
1859 1940 1909 1972 in-

1243 1989 1399 2024 commodis
1441 1987 1556 2023 mederi
1587 1987 1680 2032 forta
1704 1998 1719 2020 e
1757 1985 1910 2033 polufft,

1240 2037 1433 2084 vestrojuſju
1450 2039 1581 2078 coaHus,
1607 2036 1687 2083 quod
1701 2037 1822 2081 imperii
1838 2035 1908 2070 diu-

1242 2090 1406 2121 turnitatis
1435 2085 1554 2121 modum
1574 2085 1773 2128 statuendum
1805 2087 1910 2119 veteri

1241 2135 1374 2181 exemplo
1394 2135 1577 2181 putavistis,
1610 2141 1736 2180 partem
1765 2133 1908 2173 utilitum,

1241 2187 1292 2231 qui
1300 2186 1374 2229 jam
1394 2183 1554 2229 stipendiis
1583 2183 1706 2228 consti-‘ti
1732 2190 1834 2224 nont,
1859 2182 1907 2217 di-

1242 2234 1332 2276 miſse.
1381 2241 1506 2278 partem
1547 2231 1714 2266 Glabrioni
1762 2230 1908 2266 tradidit.

1240 2282 1420 2316 Hactenus
1455 2281 1589 2316 Cicero.
1640 2277 1818 2315 Consi-&is
1852 2279 1907 2314 sti-

1240 2331 1372 2377 pendiis
1417 2340 1512 2365 erant
1555 2329 1679 2364 milites
1722 2328 1907 2366 Valeriani.

1239 2383 1374 2425 Οἰνυῶςιοι
1403 2386 1424 2414 οἳ
1455 2385 1475 2414 ιτ’
1508 2382 1632 2425 nard-5
1666 2377 1828 2419 ‹io-Suu,
1867 2387 1905 2412 ut

1240 2428 1308 2463 Dio
1337 2429 1503 2475 loquitur,
1530 2428 1592 2475 qui
1622 2426 1731 2469 addit,
1767 2425 1903 2461 turbam

1238 2477 1340 2513 ctiam
1376 2487 1450 2513 tum
1483 2477 1622 2522 saetam,
1665 2486 1746 2511 cum
1781 2474 1906 2511 milites
