2335 3009
532 276 610 305 212

534 356 596 391 tibi
621 356 708 391 ‘bene
740 353 872 391 vivendi
907 353 994 398 casus
1018 351 1204 399 facultates.

538 403 753 452 Hujusmodi
789 401 996 450 transjeffio,
1022 413 1104 450 quae
1136 413 1205 436 rem

539 466 609 490 non
655 453 766 488 reddit
805 452 1011 493 obscuram,
1054 450 1206 485 multum

538 502 693 550 proderit
709 502 751 536 ad
768 500 1055 542 continuationes,
1068 499 1111 533 de
1127 498 1205 546 qui-

541 552 608 586 bus
636 560 714 586 ante
746 549 880 585 dictum
909 549 980 584 est:
1009 548 1043 583 in
1077 547 1207 594 quibus

541 609 680 648 oportet
705 599 823 640 verba,
858 598 945 633 ficut
975 609 995 632 a
1021 596 1144 644 poetis,
1176 595 1209 630 in

541 649 717 696 quendam
750 657 908 683 extruere
937 657 1133 687 numerum,
1172 654 1212 678 ut

541 696 691 745 perfecte
731 707 765 732 et
799 695 1055 744 perpolitissime
1089 693 1213 740 poffint

541 745 608 782 effe
623 745 800 782 absolutae.

593 794 770 830 XXXIII.
807 791 1002 840 Superlatio
1029 790 1078 826 est
1104 788 1214 826 oratio

544 842 705 891 superans
738 841 930 883 veritatem,
973 838 1120 887 alicujus
1153 850 1214 874 au-

545 892 662 940 gendi,
704 889 926 927 minuendive
959 889 1068 924 causa,
1120 888 1215 924 Haec

546 941 693 977 sumitur
709 939 899 988 separatim,
926 947 987 974 aut
1011 949 1094 973 cum
1120 948 1214 972 com-

546 990 734 1039 paratione.
785 987 974 1036 Separatim
992 987 1060 1022 fic:
1087 986 1182 1033 Qod
1182 985 1219 1030 st

546 1038 742 1075 concordiam
757 1037 964 1079 retinebimus,
987 1037 1111 1081 imperii
1126 1045 1216 1080 mag-

545 1087 714 1123 nitudinem
734 1085 811 1133 solis
835 1093 909 1121 ortu
924 1093 1017 1132 atque
1033 1081 1138 1129 occasu
1155 1094 1217 1117 me-

547 1139 674 1171 tiemur.
727 1136 821 1170 Cum
854 1133 1123 1181 comparatione,
1159 1140 1219 1166 aut

548 1197 569 1220 a
596 1183 829 1224 fimilitudine,
866 1192 926 1218 aut
955 1194 975 1216 a
1009 1179 1217 1229 praestantia,

548 1233 731 1281 superlatio
756 1231 912 1267 sumitur.
965 1231 1001 1266 A
1020 1228 1217 1265 similitudi-

550 1296 592 1318 ne
620 1282 688 1318 fic:
724 1282 862 1327 Corpore
890 1282 1013 1315 niveum
1042 1277 1217 1320 candorem,

548 1333 667 1378 aspeHu
683 1333 805 1377 igneum
821 1328 976 1370 ardorem,
993 1327 1214 1376 afflquebatur.

549 1383 585 1416 A
604 1379 799 1428 praestantia
816 1379 882 1413 hoc
899 1377 1006 1413 modo
1020 1391 1028 1412 :
1056 1377 1154 1422 Cujus
1166 1387 1218 1410 ore

539 1429 643 1476 firmo
669 1427 753 1463 melle
777 1427 897 1462 dulcior
919 1425 1104 1473 profluebat.
1146 1425 1217 1460 Eo-

549 1479 627 1514 dem
646 1489 767 1525 genere
783 1476 847 1511 hoc
865 1475 913 1510 est
928 1489 935 1510 :
958 1475 1080 1509 Tantus
1097 1480 1167 1508 erat
1184 1475 1218 1507 in

549 1525 808 1573 armissplendor,
834 1534 868 1560 ut
881 1526 958 1570 fidis
978 1523 1091 1570 fulgor
1115 1523 1218 1567 obscu-

551 1579 618 1612 rior
633 1574 804 1611 videretur.
844 1573 1034 1610 Intelleffio
1049 1571 1109 1613 est,
1137 1583 1219 1606 cum

553 1638 603 1661 res
621 1635 694 1660 tota
711 1635 816 1672 parva
827 1623 870 1658 de
882 1632 979 1671 parte
991 1620 1220 1668 cognoscitur,

552 1685 612 1710 aut
630 1674 671 1708 de
689 1683 763 1708 toto
781 1684 870 1720 pars.
922 1672 976 1706 De
994 1680 1089 1718 parte
1107 1679 1220 1704 totum

553 1724 598 1759 sic
618 1722 840 1770 intelligitur:
859 1719 936 1756 Non
947 1719 1011 1754 illae
1024 1727 1055 1754 te
1067 1717 1222 1764 nuptiales

553 1772 642 1807 tibia·
662 1773 726 1817 ejus
752 1771 943 1805 matrimonii
966 1767 1220 1804 commonebant?

556 1822 650 1857 Nam
669 1820 722 1855 hic
742 1818 854 1854 omnis
884 1817 1105 1853 sanctimonia
1132 1827 1221 1864 nup-

556 1871 681 1906 tiarum
707 1881 776 1904 uno
793 1868 889 1915 figno
907 1866 1071 1902 tibiarum
1099 1865 1221 1900 intelli-

555 1921 660 1967 gitur.
701 1918 756 1952 De
774 1926 848 1952 toto
866 1928 956 1964 pam,
984 1925 1024 1950 ut
1042 1915 1064 1950 fi
1083 1913 1163 1962 quis
1179 1913 1222 1955 ei,

556 1968 618 2015 qui
646 1967 806 2002 vestitum
837 1975 897 2000 aut
922 1975 1083 2000 ornatum
1108 1963 1223 2010 sump-

558 2016 695 2052 tuosum
713 2015 870 2056 ostentet,
887 2013 990 2055 dicat,
1007 2014 1150 2058 Ostentas
1167 2013 1225 2045 mi-

558 2067 592 2100 hi
609 2065 753 2106 dizv'tias,
770 2072 800 2097 et
818 2063 978 2108 locupletes
995 2063 1096 2108 copias
1103 2062 1225 2107 jubias.

561 2115 622 2150 Ab
653 2125 723 2148 uno
753 2113 851 2159 plura
881 2111 1132 2158 intelliguntur,
1164 2109 1227 2144 hoc

561 2164 689 2199 modo:
719 2162 812 2197 Pano
822 2161 893 2206 fuit
921 2160 1078 2205 Hispanus
1097 2159 1228 2199 auxilio,

551 2216 621 2257 suit
650 2213 793 2246 immanis
827 2210 878 2245 ille
909 2208 1159 2255 Tranfiilpinus;
1196 2210 1230 2241 in

561 2262 660 2297 ltalia
690 2272 802 2308 quoque
829 2259 908 2294 idem
936 2270 1076 2292 nomicmo
1105 2263 1230 2303 togatus

551 2312 655 2358 scri-stt.
687 2312 717 2344 A
738 2308 899 2357 pluribus
917 2319 1026 2342 unum
1046 2306 1088 2341 sic
1108 2305 1229 2340 intelli-

562 2372 655 2408 gitur
672 2373 678 2393 ;
708 2360 811 2394 Atrox
829 2357 995 2391 calamitas
1010 2359 1135 2402 pellor-a
1159 2366 1226 2389 ma·-

561 2422 630 2443 tore
643 2408 802 2454 pulsabat.
833 2407 939 2453 ltaque
950 2404 1098 2439 anhelans
1112 2405 1227 2438 eximis

556 2459 753 2504 pulmonibus
777 2465 845 2501 pue
863 2467 938 2489 cura
948 2454 1081 2501 spiritus
1098 2452 1228 2487 duscha-

562 2518 628 2544 μιν.
684 2507 776 2542 imm
804 2506 836 2540 in
868 2503 1098 2551 superioribus
1117 2502 1231 2551 plures

843 256 1625 300 RHETORICORUM

1256 351 1420 399 Hispani,
1445 361 1480 386 et
1507 350 1615 393 Galli,
1644 358 1679 385 et
1714 349 1836 397 togati,
1870 348 1926 385 hie

1257 413 1368 436 unum
1381 400 1554 447 peetus&
1566 410 1655 434 unus
1667 397 1926 447 pulmo-intelli-

1256 449 1368 497 gitur:
1387 459 1421 483 et
1433 448 1498 484 erit
1511 447 1581 483 illic
1595 447 1789 483 diminutus
1807 458 1927 482 nume-

1257 510 1315 534 rus
1334 496 1540 539 festivitatis,
1559 496 1612 531 hic
1630 495 1796 531 adauctus
1814 495 1928 543 gravi-

1257 546 1336 581 tatis
1351 545 1470 593 gratia.
1497 545 1635 580 Abufio
1650 544 1711 587 est,
1725 556 1808 592 quae
1821 543 1929 579 verbo

1263 595 1410 630 similiet
1436 593 1650 641 propinquo,
1677 604 1742 640 pro
1775 601 1869 628 certo
1895 602 1931 627 et

1263 643 1405 691 proprio
1431 642 1598 684 abutitur,
1626 640 1692 677 hoc
1715 641 1845 676 modo:
1873 641 1930 675 Vi-

1261 704 1311 728 res
1336 692 1465 726 hominis
1492 691 1603 726 breves
1610 691 1714 736 sunt;
1741 699 1802 724 aut
1819 698 1932 735 parva

1252 742 1396 787 statura,
1422 749 1482 775 aut
1507 740 1629 786 longum
1654 742 1688 774 in
1703 738 1823 774 bomine
1839 738 1931 783 corfi-

1261 789 1361 832 lium;
1399 798 1460 824 aut
1491 790 1594 823 oratio
1626 799 1756 835 magna,
1793 796 1854 822 aut
1886 789 1934 822 uti

1257 848 1359 885 pauco
1367 838 1519 885 sermone.
1571 837 1667 872 Nam
1697 835 1752 872 hic
1768 835 1870 871 facile
1885 835 1934 870 est

1265 887 1454 930 intellectu,
1501 885 1650 922 finitima
1680 885 1787 920 verba
1820 896 1935 919 rerum

1264 936 1491 979 diffimilium,
1517 934 1647 971 ratione
1676 933 1848 969 abusionis
1870 933 1935 969 effe

1267 985 1434 1021 traducia.

1316 1032 1494 1069 XXXIV.
1533 1029 1730 1066 Transsatio
1753 1029 1814 1072 est,
1853 1042 1936 1066 cum

1266 1082 1415 1117 verbum
1437 1082 1471 1116 in
1489 1080 1665 1128 quandam
1683 1091 1754 1114 rem
1776 1078 1936 1115 transfer-

1269 1140 1326 1166 tur
1341 1142 1384 1165 ex
1401 1130 1467 1165 alia
1489 1141 1536 1171 re,
1562 1128 1660 1176 quod
1681 1138 1823 1176 propter
1844 1127 1935 1164 fimi·

1268 1178 1450 1214 litudinem
1465 1178 1553 1214 recte
1565 1177 1704 1213 videtur
1720 1177 1814 1225 posse
1828 1186 1936 1212 trans·

1267 1227 1360 1263 ferri.
1402 1228 1457 1263 Ea
1482 1227 1615 1262 utimur
1642 1226 1688 1262 rei
1716 1235 1794 1261 ante
1813 1226 1937 1261 oculos

1268 1277 1440 1324 ponendae
1469 1275 1580 1319 causa,
1612 1275 1681 1311 fic:
1714 1276 1780 1310 Hic
1807 1274 1938 1311 Italiam

1265 1326 1419 1361 tumultus
1445 1324 1646 1372 expergefecit
1675 1331 1796 1359 terrore
1814 1323 1934 1369 subito.

1266 1374 1449 1410 Brevitatis
1481 1373 1592 1416 causa,
1622 1373 1691 1408 sic:
1731 1373 1850 1408 Recens
1878 1372 1936 1407 ad-

1267 1432 1378 1459 ventus
1395 1425 1547 1458 exercitus
1563 1422 1668 1468 subito
1695 1423 1860 1456 civitatem
1886 1433 1938 1457 ese-

1268 1474 1375 1508 tinxit.
1396 1470 1645 1508 obscoenitatis
1664 1470 1815 1506 vitandae
1827 1470 1938 1513 causa,

1268 1521 1337 1556 fic:
1365 1522 1460 1566 Cujus
1486 1530 1586 1555 mater
1609 1518 1798 1567 quotidianis
1819 1522 1939 1565 nuptiis

1267 1570 1450 1605 delectatur.
1502 1568 1668 1616 Augendi
1709 1567 1821 1609 causa,
1864 1568 1909 1604 fic
1928 1582 1940 1604 ·.

1271 1620 1403 1656 Nullius
1431 1631 1542 1654 maeror
1559 1626 1590 1652 et
1607 1616 1771 1653 calamitas
1787 1616 1872 1661 istius
1888 1629 1941 1652 ex-

1265 1669 1352 1715 plere
1368 1669 1562 1710 inimicitias,
1580 1675 1610 1701 et
1627 1667 1784 1711 nefariam
1792 1666 1944 1711 spturare

1270 1717 1496 1758 crudelitatem,
1517 1716 1634 1762 potuit.
1658 1714 1846 1751 Minuendi
1863 1727 1943 1750 cau-

1272 1767 1315 1809 sa,
1343 1766 1411 1802 sic:
1440 1767 1566 1812 Adagno
1583 1764 1620 1810 se
1643 1762 1799 1810 predicat
1825 1763 1943 1798 auxilio

1262 1815 1370 1863 suff,
1403 1817 1475 1862 quia
1504 1813 1668 1860 paululum
1696 1814 1730 1847 in
1757 1811 1847 1847 rebus
1879 1812 1943 1859 dif-

1262 1865 1412 1907 ficiliimis
1440 1864 1612 1910 aspiravit.
1665 1861 1822 1897 Ornandi
1859 1873 1943 1897 cau-

1274 1914 1319 1956 sa,
1346 1914 1413 1949 fic:
1442 1911 1616 1960 Aliquando
1645 1911 1820 1958 reipublicae
1843 1913 1943 1945 ratio-

1273 1974 1338 2005 nes,
1373 1974 1440 2010 quae
1472 1960 1597 1997 malitia
1626 1968 1783 1996 nocentum
1816 1971 1944 1995 exarue-

1276 2019 1368 2053 rant,
1392 2014 1517 2046 virtute
1545 2011 1743 2057 optimatium
1771 2011 1944 2044 revirucre.

1279 2060 1555 2096 Transsationem
1597 2058 1719 2094 dicunt
1757 2058 1946 2105 pudentem

1278 2111 1342 2145 ell'e
1371 2119 1540 2156 oportere,
1575 2117 1617 2143 ut
1643 2118 1724 2142 cum
1755 2107 1885 2142 ratione
1912 2108 1946 2141 in

1279 2157 1490 2193 consimilem
1518 2168 1588 2192 rem
1615 2155 1770 2197 transeat,
1807 2168 1848 2191 ne
1879 2156 1947 2191 sine

1279 2207 1412 2242 delcc'tu
1439 2217 1563 2241 temere
1579 2215 1614 2240 et
1640 2205 1767 2252 cupide
1790 2204 1948 2241 videatur

1281 2256 1314 2291 in
1329 2255 1520 2290 dissirnilem
1540 2254 1777 2290 transcurrisse.
1805 2255 1946 2289 Permu-

1280 2305 1364 2339 tatio
1381 2304 1427 2339 est
1441 2303 1563 2345 oratio,
1589 2303 1682 2338 aliud
1701 2303 1826 2345 verbis,
1853 2303 1948 2338 aliud

1280 2353 1452 2394 sententia,
1467 2352 1711 2388 demonstrans.
1754 2352 1805 2387 Ea
1822 2352 1947 2387 dividi-

1280 2412 1336 2437 tur
1368 2402 1399 2436 in
1431 2413 1496 2438 ties
1528 2411 1651 2449 partes,
1679 2399 1948 2442 similitudinem.

1281 2462 1537 2497 argumentum,
1563 2449 1785 2486 contrarium.
1826 2449 1891 2485 Per
1910 2450 1949 2485 si-

1283 2501 1514 2537 militudinem
1532 2499 1690 2544 sumitur,
1712 2510 1794 2535 cum
1812 2499 1948 2534 transsa-
