2335 3009
600 239 699 278 AD
757 234 1274 278 HERENNIUM
1331 237 1467 280 LIB.
1517 241 1574 281 11.

396 335 564 383 posterius
581 335 763 370 immutata
778 334 970 376 voluntate,
984 345 1066 369 curn

395 385 538 419 eandem
570 385 681 430 legem
718 383 832 425 ferret,
869 383 971 426 aliam
1005 382 1069 418 sese

396 432 483 468 ferre
523 433 660 467 dicebat
701 441 843 479 propter
885 432 1067 467 nominum

396 481 726 516 commutationem:
755 492 833 515 narn
863 492 921 514 non
954 483 1065 522 exules,

396 529 451 565 sed
478 533 516 564 vi
541 531 657 575 igjefios,
684 528 715 563 se
743 529 902 564 reducere
931 529 1066 571 aiebat·,

396 578 537 626 perinde
554 577 650 624 quasi
668 578 703 612 id
727 576 841 612 fuisset
869 578 904 612 in
930 588 1064 613 contro-

396 627 514 668 versia,
542 639 615 674 quo
633 626 683 661 illi
701 627 838 661 nomine
855 627 1066 674 appellaren-

397 685 455 710 tur
473 687 491 709 a
508 676 642 722 populo
659 676 832 716 Romano,
851 686 910 710 aut
929 676 1068 723 perinde

397 724 493 771 quasi
513 735 581 758 non
598 735 730 766 ornnes,
756 725 886 771 quibus
915 735 1005 771 aqua
1033 735 1068 760 et

398 772 470 820 igni
489 773 706 808 interdictum
724 775 784 815 est,
809 774 927 808 exules
949 774 1068 828 appel-

397 822 520 856 lentur
567 822 697 856 Verum
723 821 771 856 illi
801 821 937 857 fort-affe
971 823 1068 869 igno-

397 869 535 912 scimus,
555 871 577 905 fi
597 883 676 905 cum
696 870 794 905 causa
811 869 916 906 fecit:
940 883 1001 905 nos
1020 881 1068 905 ta-

398 931 476 954 men
527 919 771 966 intelligamus,
814 919 976 955 vitiosum
1005 920 1069 954 effe

398 969 571 1003 intendere
620 969 884 1004 controversiam
927 979 1070 1017 propter

398 1029 580 1052 nominum
599 1028 835 1052 mutationem.

473 1067 612 1101 XXlX.
667 1066 846 1113 Qoniam
893 1066 1070 1101 exornatio

399 1114 530 1149 constat
552 1127 594 1149 ex
625 1115 805 1156 similibus,
830 1125 864 1149 et
889 1115 1069 1162 exemplis,

398 1173 432 1197 et
463 1164 802 1210 amplificationibtiS‚
828 1176 870 1198 ex
893 1163 1069 1209 judicatis,

399 1222 433 1246 et
451 1213 583 1247 caeteris
602 1212 716 1254 rebus,
743 1225 824 1259 quae
841 1213 1011 1258 pertinent
1028 1214 1069 1247 ad

399 1261 672 1308 exaggerandam
712 1271 747 1295 et
800 1262 1069 1308 collocupletan-

400 1309 479 1343 dam
512 1309 855 1356 argumentationem,
894 1321 976 1356 quae
1007 1309 1071 1344 sirit

398 1357 441 1392 iis
459 1358 560 1392 rebus
583 1358 678 1400 vitia,
704 1359 965 1393 consideremus.
1017 1358 1068 1392 Si-

399 1406 481 1441 mile
498 1406 659 1441 vitiosum
677 1406 736 1448 est,
762 1407 858 1454 quod
885 1419 926 1442 ex
955 1407 1072 1454 aliqua

398 1466 496 1502 parte
523 1455 680 1490 diffimile
706 1455 766 1498 est,
793 1468 853 1490 nec
881 1456 983 1490 habet
1010 1467 1070 1503 pa-

399 1516 471 1538 rem
510 1505 674 1539 rationem
707 1505 986 1551 comparationis,
1012 1514 1072 1539 aut

400 1553 462 1587 fibi
489 1552 551 1600 ipsi
578 1553 674 1588 obest
696 1553 758 1600 qui
782 1553 889 1588 affert.
942 1554 1071 1589 Exem-

399 1602 500 1650 plum
511 1601 670 1636 vitiosum
681 1604 739 1643 est,
754 1603 777 1636 fi
793 1613 852 1637 aut
869 1601 991 1637 falsum
1009 1603 1069 1645 est,

401 1660 442 1686 ut
470 1651 759 1698 reprehendatur;
799 1661 859 1686 aut
886 1652 909 1686 si
941 1651 1070 1699 impro-

401 1699 500 1741 bum,
527 1709 568 1734 ut
594 1712 662 1734 non
690 1701 731 1735 sit
756 1700 987 1742 iniitanduni·‚
1015 1711 1074 1734 aut

401 1747 524 1795 majus,
553 1759 612 1783 aut
639 1749 766 1791 minus,
793 1761 899 1796 quam
924 1761 973 1784 res
998 1749 1073 1796 pos-

402 1798 538 1832 tulabit.
582 1798 651 1832 Res
679 1797 834 1844 judicata
855 1798 974 1832 vitiose
992 1810 1072 1845 pro-

401 1845 523 1890 fertur,
550 1846 574 1880 si
593 1858 651 1881 aut
674 1847 822 1881 dissimili
847 1848 888 1881 de
907 1859 940 1881 re
958 1845 1071 1894 profe-

403 1907 520 1937 ratur·‚
547 1907 607 1930 aut
634 1897 677 1930 de
702 1908 741 1930 ea
768 1909 812 1937 re,
839 1897 881 1930 de
904 1907 974 1943 qua
990 1908 1071 1930 con-

403 1945 563 1978 troversia
581 1957 650 1979 non
666 1945 713 1979 est
731 1963 740 1985 ;
769 1955 829 1979 aut
847 1945 869 1979 si
890 1945 1072 1991 improba,
1062 1961 1068 1968 ·

404 2003 463 2028 aut
489 1993 667 2039 ejusmodi,
693 2004 734 2028 ut
765 2004 824 2028 aut
861 1994 986 2040 plures,
1014 2003 1075 2028 aut

404 2053 512 2088 magis
531 2042 662 2078 idoneae
687 2055 736 2077 res
749 2041 916 2089 judicatae
945 2043 988 2077 ab
1012 2042 1074 2077 ad-

404 2090 556 2125 versariis
575 2090 716 2138 proferri
739 2092 1003 2138 poflint.1tem
1022 2090 1072 2125 vi-

405 2138 527 2173 tiosum
544 2141 590 2174 est
610 2141 655 2182 id,
682 2141 779 2187 quod
797 2140 975 2175 adversarii
1001 2139 1072 2174 fac-

406 2198 480 2222 tum
498 2189 562 2222 effe
579 2190 818 2230 confiteantur,
845 2189 887 2224 de
909 2201 949 2224 eo
971 2200 1072 2237 argu-

405 2237 560 2278 mentari,
585 2247 619 2272 et
642 2239 784 2285 planum
807 2237 919 2273 facere
940 2219 1072 2274 factum

403 2285 478 2320 effe.
518 2285 611 2320 Nam
631 2286 664 2320 id
683 2297 817 2322 tantum
836 2288 951 2335 augeri
969 2299 1072 2335 opor-

405 2343 464 2368 tet.
503 2334 588 2368 Item
607 2335 766 2370 vitiosum
791 2335 851 2379 est,
879 2336 912 2371 id
936 2348 1072 2383 augere,

405 2382 502 2429 quod
532 2384 693 2418 convenit
719 2384 846 2426 doceri,
884 2395 935 2426 ut,
951 2365 1004 2429 fio
1007 2387 1075 2432 quis

405 2444 488 2478 quem
504 2439 621 2477 arguat
639 2432 785 2467 hominem
797 2433 942 2479 mcidiffe,
968 2443 1002 2468 et
1015 2445 1073 2468 an-

407 2491 546 2527 tequam
562 2480 638 2515 satis
658 2481 794 2517 idoneas
806 2482 1074 2530 argumentatio-

1712 255 1786 298 Ῐ75

1117 345 1175 369 nes
1193 333 1358 377 attulerit,
1384 345 1507 384 augeat
1534 346 1729 385 peccatum,
1753 349 1789 374 et

1115 383 1220 424 dicat,
1248 384 1333 419 nihil
1367 385 1541 432 indignius
1575 386 1650 429 effe,
1680 399 1788 442 quam

1117 431 1292 467 hominem
1335 434 1500 469 occidere.
1558 436 1641 470 Non
1681 435 1787 480 enim,

1117 490 1234 515 utrum
1263 481 1446 528 indignum
1474 483 1526 523 sit,
1553 495 1595 518 an
1626 496 1708 527 non,
1733 485 1789 520 sed

1117 528 1293 565 factumne
1338 530 1391 573 sit,
1443 532 1624 578 quaeritur.
1681 534 1788 568 Corn-

1118 578 1237 626 plexio
1264 579 1386 614 vitiosa
1413 579 1474 622 est,
1513 591 1596 627 quae
1636 593 1717 623 non,
1749 592 1790 617 ut

1117 628 1275 674 quidque
1301 628 1454 675 primum
1477 628 1610 663 dictum
1631 629 1691 670 est.
1718 631 1788 678 pri-

1117 688 1216 711 mum
1245 677 1500 724 complectitur,
1542 687 1575 712 et
1604 689 1686 724 quae
1719 691 1789 714 non

1119 725 1268 759 breviter
1285 726 1476 767 concludit,
1504 735 1538 760 ct
1555 738 1638 773 quae
1657 739 1724 762 non
1745 739 1788 763 ex

1117 774 1371 809 enumeratione
1402 785 1536 809 certum
1569 784 1603 810 et
1633 776 1789 812 constans

1121 823 1254 869 aliquid
1289 823 1464 871 relinquit,
1491 834 1531 858 ut
1565 824 1790 872 intelligatur,

1120 872 1206 918 quid
1229 872 1472 919 propositum
1465 885 1498 907 in
1522 874 1790 920 argumentatio-

1120 932 1162 954 ne
1191 922 1243 961 sit,
1270 921 1357 967 quid
1383 921 1506 956 deinde
1536 922 1676 964 ratione,
1703 922 1791 969 quid

1117 969 1389 1023 confirmatione,
1415 970 1501 1017 quid
1519 979 1591 1005 tota
1609 982 1788 1018 argumen-

1118 1018 1258 1060 tatione,
1284 1019 1566 1054 demonstratum.

1169 1068 1291 1102 XXX.
1319 1068 1576 1109 Conclusiones,
1597 1080 1679 1115 quae
1697 1069 1791 1116 apud

1120 1115 1264 1150 Graecos
1307 1120 1428 1160 ἐπίληοι
1469 1117 1703 1159 nominantur,
1731 1118 1790 1152 tri-

1120 1165 1254 1211 pertitae
1295 1164 1382 1200 sunt.
1427 1166 1521 1200 Nam
1555 1165 1710 1200 constant
1747 1177 1791 1201 ex

1119 1212 1384 1255 enumeratione,
1428 1214 1706 1261 amplificatione,
1756 1223 1793 1250 et

1119 1262 1422 1298 commiseratione.
1473 1264 1512 1298 In
1539 1273 1690 1310 quatuor
1707 1263 1792 1299 locis

1121 1309 1171 1344 uti
1201 1310 1380 1357 possumus
1411 1311 1715 1353 conclusionibus;
1756 1312 1792 1347 in

1119 1358 1302 1405 principio,
1329 1359 1516 1394 secundum
1551 1360 1792 1404 narrationem,

1119 1407 1306 1441 secundum
1325 1408 1548 1442 firmissimam
1575 1419 1793 1455 argumenta-

1122 1456 1263 1498 tionem,
1290 1456 1323 1491 in
1355 1457 1582 1492 conclusione.
1636 1457 1793 1492 Enume-

1121 1505 1207 1539 ratio
1224 1505 1282 1546 est,
1310 1518 1371 1553 per
1400 1518 1506 1553 quarn
1535 1505 1732 1553 colligimus
1759 1516 1794 1542 et

1121 1565 1395 1596 commonemus,
1437 1555 1566 1602 quibus
1608 1556 1651 1589 de
1691 1555 1793 1591 rebus

1124 1603 1226 1637 verba
1252 1602 1445 1645 fecerimus,
1475 1604 1648 1646 breviter,
1676 1615 1716 1639 ut
1741 1617 1793 1639 re-

1122 1662 1280 1695 novetur,
1307 1665 1375 1687 non
1397 1653 1645 1700 redintegretur
1661 1653 1791 1689 oratio:

1123 1710 1156 1735 et
1182 1701 1314 1743 ordine,
1351 1701 1526 1748 quidquid
1554 1701 1617 1736 erit
1645 1701 1793 1745 dictum,

1125 1748 1321 1792 referamus,
1344 1760 1383 1785 ut
1400 1750 1548 1793 auditor,
1575 1750 1598 1784 si
1618 1751 1794 1785 memoriae

1123 1799 1347 1841 mandaverit,
1375 1798 1418 1832 ad
1449 1798 1495 1840 id,
1521 1799 1618 1846 quod
1637 1799 1704 1846 ipse
1722 1811 1793 1834 me-

1122 1847 1270 1889 minerit,
1307 1847 1499 1882 reducatur.
1550 1848 1636 1882 Item
1669 1859 1793 1883 curan-

1121 1896 1206 1930 dum
1224 1897 1283 1937 est,
1311 1908 1352 1930 ne
1381 1907 1440 1931 aut
1457 1896 1501 1930 ab
1517 1897 1671 1939 exordio,
1698 1905 1759 1932 aut
1775 1909 1795 1932 a

1124 1946 1327 1987 narratione,
1340 1954 1512 1992 repetatur
1528 1946 1691 1980 orationis
1707 1958 1792 1981 enu-

1123 1994 1275 2028 meratio.
1328 1993 1426 2028 Ficta
1456 1995 1564 2049 enirn,
1603 2005 1637 2030 et
1678 1995 1793 2030 dedita

1122 2053 1227 2089 opera
1255 2053 1453 2090 comparata
1480 2043 1590 2078 oratio
1618 2043 1796 2079 videbitur

1122 2092 1199 2131 effe,
1225 2101 1285 2126 aut
1317 2092 1450 2126 artificii
1481 2092 1705 2140 significandi,
1734 2102 1794 2127 aut

1124 2139 1249 2187 ingenii
1281 2140 1492 2183 venditandi,
1507 2122 1588 2176 Daut
1617 2142 1792 2175 rnernoriae

1123 2189 1333 2224 ostentanda-3
1350 2190 1458 2224 causa.
1486 2190 1737 2238 Qapropter
1731 2190 1793 2224 ini·

1123 2238 1211 2273 tium
1229 2239 1493 2273 enumerationis
1516 2239 1718 2273 sumendum
1745 2238 1794 2273 est

1123 2299 1142 2321 a
1157 2287 1334 2323 divisione.
1386 2287 1521 2322 Deinde
1545 2287 1664 2321 ordine
1682 2287 1794 2321 brevi-

1124 2346 1174 2371 ter
1189 2335 1403 2384 exponendae
1422 2335 1498 2370 sunt
1516 2347 1579 2378 res,
1605 2347 1687 2382 quae
1705 2345 1794 2370 trac-

1124 2395 1204 2420 tatae
1219 2394 1320 2420 erunt
1338 2384 1371 2418 in
1385 2384 1644 2419 confirmatione
1659 2393 1694 2418 et
1710 2395 1794 2419 con-

1123 2432 1303 2469 futatione.
1355 2433 1597 2481 Amplificatio
1637 2433 1685 2467 est
1729 2445 1792 2476 res,

1124 2494 1207 2530 quae
1235 2494 1296 2531 per
1312 2481 1431 2518 locum
1459 2493 1680 2518 communem
1698 2481 1792 2517 insti-
