2335 3009
529 250 582 302 46
881 246 1572 287 EPISTOLARUM

530 347 756 389 mehercule
790 347 887 401 saepe
919 347 1131 392 excitante,
1174 345 1288 385 cursu
1322 346 1516 399 corrigam
1552 347 1789 393 tarditatem,
1834 357 1922 388 tum

530 416 658 468 equis,
691 424 778 453 tum
808 428 899 453 vero
933 414 1140 467 (quoniam
1174 413 1310 451 scribis
1337 425 1478 465 poema
1496 413 1544 451 ab
1565 427 1610 452 eo
1631 414 1806 453 nostrum
1827 429 1922 468 pro-

532 481 634 532 bari)
657 480 857 535 quadrigis
878 481 1057 534 poeticis.
1105 479 1233 517 Modo
1262 477 1365 516 mihi
1396 478 1484 516 date
1513 479 1771 526 Britanniam,
1803 494 1924 533 quam

530 547 694 601 pingam
714 546 914 586 coloribus
947 546 1041 591 tuis,
1073 545 1263 598 penicillo
1294 557 1397 583 me0.
1445 544 1517 582 Sed
1549 546 1647 598 quid
1678 547 1923 600 ago?“quod

530 613 635 653 mihi
670 623 842 668 tempus,
875 613 1014 651 Romae
1047 611 1275 664 praesertim,
1307 620 1352 648 ut
1381 610 1449 648 iste
1478 623 1542 649 me
1572 621 1697 664 rogat,
1729 612 1921 658 manenti,

530 693 701 719 vacuum
722 678 970 718 ostenditur?
1002 676 1064 715 sed
1085 676 1245 714 videro:
1279 675 1433 714 fortasse
1460 677 1568 714 enim
1601 678 1664 729 (ut
1693 676 1757 728 fit)
1790 678 1925 716 vincet

531 754 624 784 tuus
646 759 755 784 amor
774 757 911 783 omnes
932 742 1200 781 difficultates.
1223 742 1460 780 Trebatium
1481 741 1588 795 quod
1609 742 1654 780 ad
1675 742 1712 781 se
1732 743 1921 789 miserim,

532 811 694 865 persalse
713 819 752 850 et
771 809 997 849 humaniter
1017 809 1135 847 etiam
1156 807 1298 860 gratias
1319 805 1421 846 mihi
1441 809 1523 860 agit
1541 823 1549 848 :
1583 818 1698 862 negat
1727 810 1849 854 enim,
1881 809 1925 847 in

531 886 640 915 tanta
672 875 932 915 multitudine
965 887 1117 920 eorum,
1149 873 1219 926 qui
1248 886 1325 911 una
1352 873 1486 919 essent,
1517 887 1760 927 quemquam
1794 873 1923 919 fuiss‘e,

531 942 604 995 qui
624 941 896 981 vadimonium
916 941 1123 993 concipere
1151 938 1288 991 poffet.
1334 938 1398 977 M.
1423 939 1566 977 Curtio
1597 940 1844 978 tribunatum
1876 939 1924 977 ab

531 1021 579 1046 eo
598 1008 721 1061 petivi
744 1008 854 1059 (narn
875 1006 1080 1044 Domitius
1102 1004 1138 1043 se
1158 1004 1325 1042 derideri
1345 1003 1525 1056 putasset,
1556 1005 1582 1043 fi
1603 1004 1694 1044 effet
1713 1019 1734 1043 a
1763 1019 1826 1043 me
1858 1018 1924 1043 ro-

529 1083 644 1126 gatus
664 1088 672 1112 :
705 1072 782 1111 hoc
811 1073 919 1111 enim
949 1071 1002 1110 est
1028 1072 1111 1123 ejus
1133 1069 1427 1123 quotidianum,
1458 1069 1495 1107 se
1515 1083 1563 1108 ne
1584 1071 1791 1108 tribunum
1813 1070 1925 1108 mili-

531 1149 619 1177 tum
640 1137 802 1190 quidem
822 1136 974 1175 facere:
1007 1137 1125 1174 etiam
1156 1136 1197 1172 in
1219 1135 1350 1172 senatu
1380 1134 1486 1178 lufit,
1518 1135 1700 1187 Appium
1731 1135 1927 1188 collegam

530 1211 737 1256 propterea
755 1201 820 1240 isse
839 1201 887 1239 ad
909 1199 1114 1245 Caesarem,
1133 1207 1177 1237 ut
1197 1199 1372 1250 aliquem
1394 1199 1641 1237 tribunatum
1657 1198 1845 1250 auferret)
1864 1199 1927 1238 sed

520 1270 573 1308 -in
593 1270 761 1308 alterum
781 1281 945 1306 annum.
978 1266 1024 1305 Id
1044 1275 1083 1305 et
1105 1265 1269 1304 Curtius
1290 1265 1345 1303 ita
1364 1264 1536 1304 volebat.
1559 1266 1642 1310 Tu,
1664 1266 1925 1318 quemadmo-

529 1335 629 1374 dum
650 1348 713 1373 me
732 1333 863 1372 censes
883 1340 1064 1385 oportere
1083 1330 1156 1369 effe
1175 1331 1216 1368 in
1239 1329 1455 1383 republica,
1486 1339 1525 1368 et
1554 1330 1595 1368 in
1617 1331 1756 1369 nostris
1786 1331 1926 1370 inimi-

530 1402 654 1446 citiis,
679 1401 734 1439 ita
753 1409 792 1438 et
812 1399 900 1445 effe,
921 1407 961 1437 et
980 1397 1079 1444 fore,
1100 1396 1277 1436 auricula
1296 1395 1434 1435 infima
1454 1396 1552 1436 scito
1572 1397 1814 1436 molliorem.
1847 1399 1926 1437 Res

532 1468 722 1515 Romanae
744 1465 780 1504 se
801 1465 852 1504 fic
871 1463 1084 1503 habebant.
1127 1463 1223 1502 Erat
1242 1462 1436 1501 nonnulla
1455 1462 1538 1516 spes
1559 1463 1832 1510 comitiorum,
1863 1463 1928 1502 sed

531 1533 707 1572 incerta:
739 1541 820 1571 erat
847 1531 980 1584 aliqua
1008 1529 1176 1584 suspicio
1205 1528 1420 1574 dictatum,
1452 1542 1501 1566 ne
1530 1541 1573 1567 ea
1602 1529 1765 1582 quidem
1792 1539 1924 1569 certa:

532 1599 734 1638 summum
754 1599 884 1637 otium
904 1596 1070 1642 forense,
1101 1595 1164 1635 sed
1189 1595 1421 1634 senescentis
1442 1595 1567 1648 magis
1588 1595 1776 1641 civitatis,
1808 1609 1930 1649 quam

531 1665 831 1719 acquiescentis.
870 1663 1070 1703 Sententia
1088 1672 1220 1702 autem
1241 1661 1368 1701 nostra
1388 1662 1429 1700 in
1451 1661 1583 1700 senatu
1603 1662 1811 1714 ejusmodi,
1842 1676 1930 1701 ma-

530 1732 592 1784 gis
615 1739 659 1770 ut
678 1730 745 1769 alii
766 1729 882 1768 nobis
902 1728 1168 1774 affentiantur,
1186 1741 1306 1781 quam
1328 1727 1568 1781 nosmetipfi.
1600 1723 1742 1762 τοιαῦθ’
1760 1726 1774 1761 ὁ
1796 1724 1930 1775 τλήμων

531 1794 687 1845 πόλεμος
718 1790 936 1846 ἐξεργάζεται.
989 1794 1153 1833 Calamo
1190 1802 1230 1832 et
1268 1803 1486 1833 atramento
1520 1802 1752 1846 temperato,
1794 1791 1929 1831 charta

532 1861 652 1900 etiam
673 1859 843 1905 dentata,
874 1873 933 1899 res
954 1870 1104 1914 agetur.
1152 1861 1298 1899 Scribis
1329 1860 1437 1899 enim
1468 1869 1505 1899 te
1535 1873 1640 1899 meas
1660 1859 1791 1897 literas
1813 1858 1928 1912 supe-

532 1927 653 1965 riores
674 1925 740 1963 vix
761 1925 889 1977 legere
910 1927 1076 1979 potuiffe
1095 1943 1104 1965 :
1138 1927 1178 1965 in
1200 1939 1280 1980 quo
1303 1926 1405 1965 nihil
1426 1940 1578 1972 eorum,
1600 1926 1657 1965 mi
1679 1924 1812 1970 frater,
1833 1924 1927 1971 fuit,

531 2006 620 2047 quae
639 2001 781 2045 putas:
815 2005 942 2045 neque
973 1993 1080 2032 enim
1113 2003 1329 2046 occupatus
1361 2007 1482 2039 eram,
1515 2006 1641 2046 neque
1663 1991 1928 2045 perturbatus,

533 2073 606 2099 nec
628 2059 747 2097 iratus
769 2058 887 2096 alicui
906 2074 915 2097 :
949 2059 1012 2098 sed
1033 2058 1109 2098 hoc
1131 2058 1234 2098 facio
1255 2058 1418 2113 semper,
1441 2069 1485 2099 ut
1505 2060 1735 2113 quicunque
1757 2058 1928 2097 calamus

534 2126 576 2164 in
598 2137 736 2164 manus
758 2138 861 2163 meas
882 2126 1047 2171 venerit,
1079 2139 1124 2164 eo
1146 2125 1195 2164 fic
1217 2135 1302 2164 utar
1323 2136 1510 2179 tanquam
1531 2126 1651 2165 bono.
1698 2125 1846 2163 Verum
1868 2134 1927 2162 at-

534 2191 651 2231 tende
682 2204 805 2236 nunc,
837 2191 892 2229 mi
914 2192 1066 2244 optime
1086 2200 1124 2230 et
1147 2191 1360 2230 suavissime
1381 2191 1512 2238 frater,
1544 2191 1590 2230 ad
1610 2205 1652 2230 ea
1673 2190 1768 2228 dum
1792 2189 1928 2229 rescri-

535 2259 601 2303 bo,
619 2271 704 2310 quae
726 2266 769 2296 tu
791 2257 830 2295 in
853 2256 925 2296 hac
947 2257 1081 2296 eadem
1099 2257 1206 2296 brevi
1227 2257 1388 2311 epistola
1408 2253 1656 2307 πραγματικαὶ
1674 2257 1782 2294 valde
1806 2256 1928 2310 scrip-

534 2323 623 2361 fisti.
659 2325 719 2362 Dc
740 2336 821 2376 quo
841 2323 958 2376 petis,
982 2333 1024 2362 ut
1045 2323 1092 2362 ad
1114 2333 1151 2362 te
1173 2323 1273 2363 nihil
1295 2323 1514 2367 occultans,
1548 2321 1648 2360 nihil
1671 2322 1929 2367 diffimulans,

535 2388 637 2427 nihil
672 2389 745 2427 tibi
780 2388 1005 2443 indulgens,
1037 2390 1209 2444 genuine
1241 2389 1488 2442 fraterneque
1521 2389 1756 2426 rescribam:
1791 2388 1828 2425 id
1861 2387 1929 2432 est,

534 2464 672 2496 utrum
691 2456 813 2502 voles,
845 2465 890 2496 ut
920 2456 1154 2503 dixerimus,
1185 2457 1231 2496 ad
1262 2455 1554 2511 expediendum
1586 2464 1637 2500 tc,
1671 2455 1695 2494 si
1726 2453 1837 2494 causa
1868 2453 1928 2498 sit,
