2335 3009
562 276 645 318 240

559 360 800 399 observatione
839 359 1006 398 facillime
1049 359 1231 410 dijudicari

561 411 686 459 potest,
731 420 821 459 quot
856 423 964 447 annos
994 420 1095 446 natus
1128 412 1233 447 Pom-

561 460 661 508 peius
681 472 730 495 res
748 460 898 507 singulas
915 460 1060 508 gesserit,
1075 460 1232 496 honores-

563 520 606 544 ve
632 508 834 544 consecutus
864 509 916 544 fit.
968 509 1009 544 Id
1038 509 1136 556 quod
1162 518 1233 544 tam

561 557 655 592 varie
672 557 716 592 ab
745 557 946 593 auctoribus
976 557 1142 605 scriptum
1171 557 1232 600 est,

562 614 603 641 ut
632 604 742 653 major
775 606 1000 655 discrepantia
1036 606 1099 642 vix
1137 606 1231 642 inve-

562 664 688 691 matur.

580 804 692 844 Anno
711 803 822 844 Urbis
843 801 938 854 648.
970 802 1151 843 Ciceronis
1173 816 1213 844 2.

712 872 905 912 Consules
926 871 1091 913 fuerunt

583 934 629 974 P.
653 934 890 974 Rurxmus
922 934 1095 980 Rufus,
1127 934 1212 973 CN.

773 995 1018 1034 Munus.

613 1091 687 1128 Hic
725 1092 774 1128 est
815 1092 855 1127 P.
888 1092 1043 1127 Rutilius
1082 1090 1233 1133 Stoicus,

563 1140 669 1176 homo
685 1141 898 1177 doftiffimus
914 1150 949 1176 et
965 1140 1110 1175 Panaetii
1135 1139 1232 1173 audi-

562 1197 630 1232 tor,
655 1189 698 1224 de
726 1201 801 1236 quo
832 1189 956 1224 Cicero
984 1191 1018 1223 in
1042 1189 1144 1224 Bruto
1160 1196 1230 1233 cap.

563 1248 624 1283 30.
649 1237 706 1273 lib.
727 1238 794 1273 111.
820 1237 858 1273 de
885 1237 1014 1284 Officiis,
1040 1247 1109 1284 cap.
1139 1247 1172 1271 2.
1197 1245 1233 1271 et

535 1330 543 1335 κ
563 1297 626 1322 nos
655 1285 808 1322 inferius.
859 1287 1025 1322 Alterum
1057 1284 1233 1320 consulem

536 1380 539 1381 ⁷
562 1335 630 1370 Cn.
660 1335 828 1370 Mallium
860 1347 964 1378 voco,
991 1334 1158 1382 quoniam
1186 1333 1232 1369 fic

562 1384 918 1481 ss‘ssffssueffefiffiiifu‘
928 1384 1234 1478 {1233‘52225332

564 1480 744 1516 Fabricius
763 1482 873 1528 legem
899 1480 1148 1516 aedificantium
1176 1481 1234 1514 de-

563 1529 714 1577 scripsit:
743 1530 786 1565 de
811 1541 884 1577 quo
901 1530 975 1565 Cic.
995 1541 1059 1576 pro
1078 1528 1233 1571 Plancio,

564 1589 629 1626 cap
661 1591 695 1624 5.
714 1578 855 1624 Populus
872 1579 962 1613 Rom.
982 1579 1028 1624 Q
1046 1577 1173 1619 Catulo,
1200 1580 1234 1611 in

554 1627 679 1673 fhmma
695 1627 827 1672 familia
852 1635 940 1669 nato,
964 1627 1176 1673 sapientiffimo
1203 1633 1233 1660 et

555 1675 739 1721 sanHiffimo
765 1678 851 1717 viro,
874 1676 1044 1722 preposuit
1071 1677 1109 1711 C.
1134 1676 1234 1709 Man-

562 1724 650 1766 lium,
697 1736 756 1759 non
776 1724 875 1769 solum
911 1724 1087 1771 ignobilem,
1121 1734 1233 1758 verum

549 1773 624 1816 fine
639 1775 771 1817 virtute,
784 1773 856 1818 sine
883 1775 1018 1820 ingenio,
1042 1774 1116 1808 vita
1138 1774 1232 1808 etiam

562 1829 745 1869 contempta.
797 1822 895 1859 Idem
925 1821 1041 1857 scribit
1065 1830 1125 1866 pro
1150 1822 1233 1856 Mu-

562 1882 655 1913 rena,
679 1881 749 1918 cap.
779 1882 834 1916 ¹7·
886 1871 953 1906 Sed
980 1871 1074 1918 apud
1100 1869 1234 1905 histori-

564 1931 636 1962 c03‚
661 1920 724 1967 qui
754 1919 846 1955 hunc
871 1918 1045 1955 consulem
1064 1919 1196 1954 victum
1215 1930 1235 1953 a

563 1968 717 2004 Cimbris
744 1968 910 2011 scribunt,
937 1980 1063 2015 magna
1090 1967 1236 2002 varietas

566 2017 600 2053 in
630 2017 770 2053 nomine
796 2026 831 2052 et
860 2017 1074 2064 praenomine
1103 2016 1233 2051 inveni-

564 2075 634 2110 tur,
661 2066 704 2101 de
721 2077 791 2114 qua
808 2065 972 2113 Sigonius
992 2065 1026 2100 in
1043 2064 1148 2100 fastis.

613 2114 700 2150 Hoc
721 2125 812 2150 anno
830 2115 886 2161 Q
900 2114 1048 2149 Servilio
1074 2112 1234 2160 Caepioni

591 2163 760 2200 roconsuli
780 2162 964 2210 imperium
991 2162 1167 2210 rogatione
1189 2162 1234 2196 C.

560 2175 726 2249 §orbani
754 2211 909 2247 Tribuni
948 2211 997 2260 pl.
1027 2213 1234 2258 abrogatum

562 2260 625 2305 est,
650 2272 722 2309 qua
749 2261 792 2296 de
821 2258 919 2296 causa
948 2260 1067 2296 seditio
1098 2259 1131 2294 in
1151 2259 1236 2294 urbe

563 2310 712 2346 excitata
727 2308 810 2353 fuit,
827 2309 870 2344 de
885 2320 958 2357 qua
973 2308 1096 2345 Cicero
1112 2307 1167 2343 lib.
1187 2306 1234 2342 11.

564 2358 602 2395 de
618 2359 715 2395 orae.
738 2367 808 2405 cap.
835 2367 894 2405 47.
913 2357 1006 2394 unde
1030 2357 1076 2393 L.
1094 2358 1236 2394 Cottam

564 2416 600 2443 et
632 2407 681 2443 T.
712 2407 861 2443 Didium
896 2405 1056 2444 Norbani
1087 2405 1237 2453 collegas

566 2455 666 2492 fuisse
706 2455 958 2504 cognoscimus.
1010 2455 1078 2492 Sed
1109 2454 1238 2502 Caepio

562 2505 748 2542 damnatus
764 2505 825 2549 est,
851 2503 994 2554 ejusque
1012 2504 1103 2542 bona
1118 2502 1237 2553 publi-

878 265 944 306 M.
1002 265 1060 306 T.
1120 264 1653 306 CICERONIS

1282 370 1359 398 cata
1386 361 1476 398 sunt.
1529 361 1656 397 Livius
1674 358 1727 396 lib.
1746 359 1900 397 LXVII.
1918 368 1953 397 et

1284 411 1456 446 Asconius
1473 413 1507 446 in
1524 410 1756 452 Cornelianum,
1777 409 1838 444 ubi
1856 421 1953 445 men·

1282 458 1362 494 dose
1388 459 1587 507 impreffurn
1609 459 1668 501 est,
1693 459 1824 493 Tulerat
1848 466 1953 493 autem

1282 519 1352 543 eam
1376 511 1520 550 maxime,
1540 516 1671 555 propter
1684 507 1860 549 simultates
1884 518 1953 541 curn

1280 557 1328 603 Q
1357 557 1491 592 Caecilio.
1535 556 1597 592 Est
1629 556 1722 591 enim
1751 556 1951 603 legendum,

1281 616 1348 640 cum
1374 605 1422 652 Q
1452 604 1600 647 Servilio,
1626 605 1696 648 vel,
1721 617 1788 640 cum
1811 603 1857 651 Q
1884 605 1953 640 Cae-

1275 662 1382 700 pione.

1301 802 1411 842 Anno
1431 801 1541 842 Urbis
1562 800 1658 853 649.
1691 801 1871 842 Ciceronis
1893 815 1932 856 3.

1427 871 1619 911 Consules
1649 870 1812 911 fuerunt

1285 933 1335 973 C.
1358 933 1554 972 Mmuus
1579 933 1635 978 11,
1673 933 1723 972 C.
1743 933 1949 973 FLAvms

1505 994 1740 1032 F1MBR1A.

1333 1091 1377 1126 C.
1404 1089 1540 1125 Marius
1575 1088 1701 1125 iterum
1724 1089 1855 1125 Consul
1883 1091 1955 1126 Ka-

1282 1139 1392 1174 lendis
1410 1138 1565 1184 Januarii
1579 1138 1621 1173 de
1639 1139 1817 1186 jugurtha
1833 1138 1955 1174 trium-

1282 1187 1417 1236 phavit‚
1443 1187 1638 1223 Plutarchus
1656 1189 1691 1222 in
1707 1189 1834 1230 Mario,
1861 1188 1953 1223 Salu-

1271 1236 1354 1282 stius
1377 1239 1411 1271 in
1436 1237 1645 1282 Jugurthino.
1688 1236 1732 1271 C.
1762 1236 1954 1272 Fimbriam

1283 1285 1407 1320 Cicero
1428 1295 1490 1331 pro
1515 1285 1658 1326 Plancio,
1685 1295 1754 1331 cap.
1780 1296 1838 1321 21.
1868 1285 1955 1321 inter

1281 1346 1340 1370 eos
1351 1343 1520 1374 numerat,
1529 1333 1591 1380 qui
1603 1345 1684 1368 cum
1692 1334 1844 1369 Tribuni
1858 1335 1957 1382 pleb.

1282 1383 1347 1418 esse
1370 1395 1439 1418 non
1458 1383 1656 1430 potuissent,
1683 1383 1850 1418 Consules
1872 1381 1954 1418 faeti

1283 1431 1372 1467 sunt.
1416 1432 1471 1466 De
1493 1430 1566 1478 ejus
1582 1431 1782 1479 eloquentia
1806 1431 1896 1467 idem
1920 1434 1955 1467 in

1284 1482 1398 1522 Bruto,
1424 1490 1493 1525 cap.
1515 1480 1573 1515 66.

1335 1529 1405 1564 His
1423 1528 1623 1563 consulibus
1639 1530 1681 1563 C.
1696 1529 1829 1564 Caffius
1847 1529 1893 1564 L.
1912 1529 1955 1565 F.

1284 1577 1469 1624 Longinus
1500 1577 1683 1612 Tribunus
1714 1577 1807 1624 pleb.
1839 1577 1956 1625 plures

1285 1626 1374 1673 leges
1393 1626 1435 1660 ad
1448 1625 1668 1660 minuendam
1685 1625 1876 1661 nobilitatis
1893 1638 1956 1674 po-

1285 1675 1426 1709 tentiam
1468 1674 1563 1716 tulit,
1611 1674 1645 1709 in
1694 1675 1826 1722 quibus
1868 1675 1957 1710 hanc

1281 1723 1397 1765 etiam,
1410 1733 1448 1758 ut
1466 1735 1572 1770 quem
1588 1723 1741 1771 populus
1755 1723 1956 1768 damnasset,

1284 1772 1386 1807 cuive
1405 1771 1589 1819 imperium
1608 1772 1810 1819 abrogasset,
1838 1772 1871 1807 in
1897 1773 1955 1808 Se·

1283 1831 1368 1856 natu
1392 1833 1433 1856 ne
1455 1821 1548 1857 esset.
1574 1821 1720 1867 Asconius
1737 1824 1770 1856 in
1793 1821 1955 1857 Cornelia·

1285 1881 1369 1905 nam.

1335 1918 1421 1954 Hoc
1442 1929 1534 1953 anno
1551 1919 1594 1954 C.
1618 1918 1748 1954 Lusius
1770 1917 1956 1954 Tribunus

1286 1967 1387 2002 milit.
1427 1966 1534 2002 Marii
1551 1966 1662 2004 sorore
1681 1977 1794 2009 natus,
1819 1966 1954 2014 pudici-

1285 2016 1369 2051 tiam
1387 2028 1470 2051 cum
1495 2016 1640 2064 eripenet
1665 2016 1861 2057 Trebonio,
1889 2016 1956 2052 five

1284 2066 1328 2100 C.
1355 2065 1472 2100 Plotio
1490 2064 1605 2106 militi,
1633 2063 1831 2100 interfectus
1849 2064 1894 2099 ab
1915 2076 1958 2101 eo

1283 2113 1344 2154 est,
1357 2113 1415 2149 cui
1434 2113 1506 2148 vim
1522 2113 1696 2149 afferebat.
1736 2114 1856 2159 Quem
1875 2124 1958 2149 cum

1286 2162 1423 2197 Marius
1441 2162 1560 2197 scelere
1573 2162 1724 2197 solutum
1743 2161 1898 2209 periculo
1917 2162 1957 2197 li·

1286 2210 1426 2245 bei-asset
1454 2222 1492 2246 ac
1511 2210 1712 2250 coronasset.
1741 2222 1809 2245 non
1833 2222 1957 2257 parum

1284 2258 1475 2306 adjumenti
1508 2271 1547 2293 ea
1577 2271 1627 2294 res
1659 2259 1707 2294 illi
1738 2261 1780 2293 ad
1815 2259 1957 2295 tertium

1285 2307 1515 2343 Consulatum
1543 2308 1670 2343 attulit.
1704 2307 1843 2343 Auctor
1872 2308 1957 2343 Plu-

1287 2356 1426 2391 :archus
1442 2358 1476 2391 in
1487 2358 1604 2392 Mario
1619 2364 1650 2391 et
1663 2356 1957 2404 Apopbehqgnulis.

1287 2405 1410 2441 Cicero
1423 2415 1482 2452 pro
1499 2405 1634 2449 Milone,
1650 2415 1721 2451 cop.
1741 2418 1774 2449 4.
1800 2405 1959 2441 Valerius

1286 2453 1342 2489 lib.
1374 2454 1437 2489 Vl.
1465 2463 1534 2501 cap.
1572 2466 1601 2491 ι.
1630 2453 1873 2504 Qintilianus
1899 2452 1956 2490 116.

1287 2502 1352 2540 111.
1370 2512 1437 2549 cop.
1454 2503 1513 2540 ult.
