2335 3009
752 237 860 276 AD
938 237 1341 278 BRUTUM.
1694 259 1747 298 79

356 337 501 377 addita.
532 337 594 375 Ac
615 333 717 373 mihi
737 343 840 380 tum,
873 336 1007 380 Brute,
1030 334 1163 373 officio
1183 335 1310 374 solum
1330 344 1411 375 erat
1430 345 1470 376 et
1490 346 1650 386 naturae‚
1672 341 1748 379 tibi

357 418 464 444 nunc
484 402 634 455 populo
654 411 692 439 et
713 400 833 439 scenae
857 402 919 453 (ut
940 401 1104 451 dicitur)
1128 401 1374 441 serviendum
1405 403 1472 442 est.
1519 405 1626 444 Nam
1654 419 1748 445 cum

355 471 399 509 in
431 479 469 507 te
500 481 579 506 non
611 467 739 505 solum
770 467 965 504 exercitus
998 467 1072 512 tui,
1104 466 1167 504 sed
1197 468 1380 506 omnium
1408 469 1557 509 civium
1585 485 1628 510 ac
1649 486 1749 525 pene

355 535 553 587 gentium,
580 533 748 585 conjecti
768 532 874 570 oculi
896 532 984 577 slnt,
1008 532 1174 570 minime
1195 533 1321 577 decet,
1344 543 1503 586 propter
1524 549 1643 587 quem
1664 537 1748 575 for-

356 601 475 639 tiores
511 600 640 637 caeteri
674 598 823 643 sumus,
864 611 955 636 eum
991 598 1119 650 ipsum
1154 599 1287 636 animo
1321 599 1574 638 debilitatum
1608 602 1745 642 videri.

357 667 492 717 Qam
512 666 563 703 ob
584 678 667 703 rem
687 662 868 716 accepisti
891 673 933 701 tu
955 663 1117 715 quidem
1139 663 1315 702 dolorem
1332 683 1345 709 ;
1378 663 1418 701 id
1447 665 1555 703 enim
1575 667 1747 712 amisisti,

356 733 421 770 cui
443 731 568 769 fimile
589 731 628 768 in
651 730 762 768 terris
784 728 885 767 nihil
916 728 1022 767 fuit:
1055 739 1093 767 et
1125 729 1178 767 est
1209 729 1425 768 dolendum
1458 731 1498 768 in
1533 741 1611 770 tam
1641 733 1749 785 gravi

356 797 532 841 vulnere,
564 810 612 833 ne
632 795 672 832 id
702 794 847 847 ipsum,
878 807 1005 832 carere
1025 796 1135 832 omni
1158 794 1265 833 sensu
1288 795 1450 841 doloris,
1482 797 1528 834 s1t
1554 797 1747 844 miserius,

357 876 476 915 quam
511 862 668 899 dolere:
702 860 780 905 sed,
812 869 856 898 ut
886 861 1056 905 modice,
1088 861 1236 898 caeteris
1268 861 1365 899 utile
1399 861 1466 906 est,
1499 862 1573 900 tibi
1603 864 1750 903 necesse

357 929 425 968 est.
473 928 690 966 Scriberem
722 926 848 979 plura,
881 926 950 963 nifi
981 927 1026 963 ad
1059 937 1096 964 te
1123 926 1206 965 haec
1227 927 1307 979 ipsa
1329 928 1446 966 nimis
1468 929 1595 966 multa
1614 929 1747 969 essent.

358 996 445 1034 Nos
480 1004 516 1032 te
545 1004 738 1046 tuumque
759 992 976 1030 exercitum
999 995 1277 1045 expectamus,
1311 993 1389 1031 fine
1410 1008 1504 1046 quo,
1537 1005 1579 1032 ut
1602 996 1751 1048 reliqua

357 1074 406 1099 ex
428 1060 616 1098 sententia
637 1058 858 1102 succedant,
890 1058 957 1095 vix
978 1057 1065 1095 satis
1087 1058 1202 1096 liberi
1223 1058 1404 1096 videmur
1429 1059 1527 1097 fore.
1575 1061 1636 1098 De
1669 1070 1750 1099 tota

358 1126 561 1179 republica
588 1125 699 1177 plura
726 1123 906 1167 scribam,
938 1132 976 1160 et
1008 1123 1162 1161 fortasse
1188 1125 1272 1176 jam
1304 1125 1483 1171 certiora,
1514 1125 1576 1164 his
1609 1126 1752 1173 literis,

359 1205 454 1246 quas
476 1191 611 1229 Veteri
631 1190 760 1228 nostro
781 1189 1004 1241 cogitabam
1025 1189 1128 1228 dare.

759 1393 1001 1430 C1CER0
1048 1392 1263 1430 BRUTO
1310 1392 1348 1430 S.

359 1524 412 1564 X.
437 1522 578 1596 NU
595 1522 764 1560 LLAS
794 1521 922 1560 adhuc
953 1534 972 1558 a
1002 1530 1039 1558 te
1065 1520 1195 1559 literas
1223 1519 1494 1566 habebamus;
1528 1535 1576 1559 ne
1606 1521 1751 1561 famam

555 1587 733 1641 quidem,
765 1602 849 1640 quae
871 1587 1095 1631 declararet,
1129 1596 1179 1632 te,
1213 1587 1372 1639 cognita
1398 1587 1550 1625 senatus
1581 1589 1750 1626 auetori-

359 1665 452 1701 tate,
484 1655 525 1693 in
558 1654 711 1692 Italiam
733 1654 924 1691 adducere
945 1653 1192 1691 exercitum:
1226 1653 1333 1705 quod
1367 1662 1410 1691 ut
1442 1652 1601 1698 faceres,
1634 1654 1753 1706 idque

359 1731 587 1766 maturares,
607 1733 844 1772 magnopere
863 1719 1099 1757 defiderabat
1121 1719 1353 1771 respublica.
1387 1719 1625 1770 Ingravescit
1645 1721 1753 1757 enim

361 1788 401 1825 in
423 1788 503 1825 dies
525 1786 753 1824 intestinum
777 1786 924 1823 malum
943 1804 954 1829 ς
989 1797 1059 1821 nec
1080 1785 1250 1822 externis
1272 1784 1449 1821 hostibus
1471 1785 1611 1836 magis,
1634 1798 1753 1836 quam

361 1853 599 1897 domesticis,
632 1852 881 1895 laboramus;
915 1851 983 1903 qui
1005 1860 1112 1888 erant
1134 1851 1298 1888 omnino
1328 1850 1375 1887 ab
1403 1850 1519 1888 initio
1548 1850 1657 1895 belli,
1690 1850 1752 1888 sed

362 1919 517 1958 facilius
540 1918 834 1970 frangebantur.
870 1917 1046 1956 Erectior
1068 1916 1219 1954 senatus
1241 1926 1334 1961 erat,
1367 1929 1445 1954 non
1468 1916 1669 1954 sententiis
1691 1916 1753 1954 so-

361 1985 446 2023 lum
469 1984 621 2029 nostris,
655 1984 716 2021 sed
737 1985 854 2021 etiam
876 1982 1232 2026 cohortationibus,
1264 1983 1471 2020 excitatus.
1517 1983 1611 2020 Erat
1632 1982 1672 2019 in
1694 1982 1753 2020 se-

364 2060 455 2089 natu
478 2050 565 2089 satis
587 2049 798 2088 vehemens
818 2059 855 2087 et
877 2062 962 2087 acer
985 2048 1117 2092 Pansa,
1150 2061 1242 2086 curn
1273 2049 1312 2085 in
1342 2057 1500 2086 caeteros
1532 2046 1651 2099 hujus
1684 2061 1753 2099 ge-

363 2116 481 2161 neris,
513 2125 597 2154 tum
621 2115 793 2153 maxime
823 2115 863 2152 in
892 2114 1096 2152 socerum:
1130 2113 1195 2150 cui
1227 2112 1378 2150 consuli
1413 2126 1491 2150 non
1524 2113 1678 2150 animus
1705 2113 1755 2150 ab

364 2181 496 2227 initio,
528 2195 605 2219 non
634 2180 730 2219 fides
757 2180 802 2217 ad
830 2189 1067 2224 extremum,
1101 2177 1242 2217 defuit.
1291 2178 1447 2215 Bellum
1476 2177 1520 2214 ad
1550 2177 1755 2214 Mutinam

364 2246 583 2298 gerebatur,
606 2245 707 2284 nihil
731 2255 773 2283 ut
794 2246 834 2283 in
857 2245 1004 2284 Caesare
1025 2243 1324 2297 reprehenderes
1343 2262 1352 2287 ς
1379 2241 1568 2279 nonnulla
1589 2242 1629 2278 in
1652 2241 1756 2278 Hir-

366 2313 436 2350 tio.
470 2312 602 2364 Hujus
624 2312 718 2350 belli
741 2311 913 2356 fortuna,
938 2322 980 2350 ut
1002 2311 1042 2348 in
1065 2310 1257 2354 secundis,
1285 2309 1416 2352 fluxa;
1450 2317 1492 2344 ut
1515 2307 1553 2343 in
1577 2306 1760 2352 adversis,

366 2378 481 2415 bona.
529 2378 623 2414 Erat
654 2377 793 2415 victrix
824 2377 1056 2430 respublica,
1088 2375 1189 2414 caefis
1212 2374 1381 2412 Antonii
1408 2373 1548 2424 copiis,
1580 2371 1663 2424 ipso
1683 2386 1754 2409 ex-

365 2443 479 2496 pulso
499 2456 518 2480 a
540 2443 676 2480 Bruto.
709 2443 864 2480 Deinde
885 2443 938 2481 ita
960 2442 1085 2480 multa
1105 2450 1276 2493 peccata,
1295 2448 1339 2477 ut
1359 2437 1654 2491 quodammodo
1669 2438 1757 2475 vic-

366 2509 465 2549 toria
485 2508 681 2547 excideret
701 2522 721 2547 e
749 2508 958 2547 manibus:
993 2507 1233 2561 perterritos,
1267 2507 1449 2550 inermes,
1482 2503 1643 2549 saucios,
1677 2516 1761 2541 noir
