2335 3009
612 234 707 273 AD
764 233 832 285 Q
879 232 1242 271 FRATREM
1300 234 1432 274 LIB.
1484 237 1539 275 11.
1722 255 1772 295 37

386 333 450 372 Sic
483 332 637 386 legibus
671 331 998 385 perniciofiffimis
1034 330 1244 378 obfistitur,
1278 332 1449 372 maxime
1484 334 1674 374 Catonis:
1707 338 1772 375 cui

386 407 517 437 tamen
537 398 690 449 egregie
711 397 900 450 imposuit
921 397 1028 435 Milo
1049 397 1188 435 noster.
1235 398 1341 435 Nam
1369 399 1437 437 ille
1457 399 1600 438 vindex
1620 401 1772 453 gladia-

385 471 517 500 torum
538 472 576 500 et
598 462 865 500 bestiariorum
886 472 1031 500 emerat
1055 462 1102 499 de
1133 461 1329 500 Cosconio
1360 471 1399 500 et
1429 464 1652 516 Pomponio
1685 467 1771 505 bes-

384 527 545 572 tiari0s;
579 541 650 565 nec
672 528 749 565 fine
769 527 831 565 his
852 528 1008 565 armatis
1031 541 1204 580 unquam
1235 527 1275 565 in
1303 528 1468 580 publico
1497 529 1636 569 fuerat.
1684 532 1772 571 Hos

383 592 484 630 alere
505 606 582 631 non
605 602 780 645 poterat:
814 593 946 645 itaque
966 593 1032 630 vix
1054 592 1225 631 tenebat.
1259 593 1380 631 Sensit
1401 594 1533 632 Milo:
1557 595 1663 633 dedit
1683 599 1772 635 cui-

383 657 475 696 dam
496 671 575 696 non
595 657 780 696 familiari
801 657 1023 709 negotium,
1055 658 1124 709 qui
1156 658 1233 696 fine
1265 657 1482 710 suspicione
1514 670 1659 699 emeret
1688 675 1773 700 eam

383 721 577 762 familiam
599 737 619 761 a
640 723 791 761 Catone
809 738 818 761 τ
850 736 937 775 quae
958 723 1192 775 simulatque
1212 723 1376 761 abducta
1396 724 1464 769 est,
1488 725 1680 772 Racilius,
1703 729 1773 779 qui

383 801 485 826 unus
517 788 570 826 est
600 787 678 826 hoe
707 797 883 840 tempore
916 788 1098 826 tribunus
1120 788 1264 840 plebis,
1296 802 1378 827 rem
1400 789 1599 842 patefecit,
1632 792 1772 846 eosque

383 853 566 893 homines
598 855 668 892 fibi
688 863 842 907 emptos
864 854 936 892 effe
957 854 1059 892 dixit
1081 854 1151 906 (fic
1171 856 1277 892 enirn
1299 855 1515 907 placuerat)
1539 866 1577 894 et
1598 858 1774 896 tabulam

383 919 620 972 proscripsit,
653 919 888 971 Sesamiliam
910 919 1148 958 Catonianam
1167 920 1412 958 venditurum.
1460 922 1508 959 In
1538 935 1631 960 eam.
1656 923 1773 962 tabu-

384 985 464 1023 lam
485 987 618 1038 magni
640 986 735 1024 risus
757 986 1107 1038 consequebantur.
1155 987 1279 1024 Hunc
1306 986 1428 1038 igitur
1449 988 1642 1026 Catonem
1664 990 1773 1028 Len-

386 1051 494 1089 tulus
515 1065 535 1089 a
556 1052 709 1104 legibus
738 1052 920 1096 removit,
952 1061 990 1090 et
1022 1065 1086 1090 eos
1119 1053 1188 1104 qui
1221 1053 1268 1090 de
1300 1053 1446 1091 Caesare
1478 1054 1647 1092 monstra
1678 1069 1772 1108 pro-

386 1116 630 1168 mulgarunt,
652 1116 802 1168 quibus
819 1117 1077 1154 intercederet
1095 1131 1225 1156 nemo.
1259 1118 1366 1155 Nam
1388 1119 1494 1170 quod
1515 1119 1562 1156 de
1583 1120 1774 1173 Pompeio

386 1182 578 1219 Caninius
605 1182 701 1233 agit,
731 1181 818 1219 sane
847 1195 964 1234 quam
987 1181 1167 1220 refrixit:
1201 1195 1328 1234 neque
1348 1184 1454 1220 enim
1477 1197 1533 1222 res
1555 1185 1770 1236 probatur;

385 1256 424 1284 et
445 1247 656 1298 Pompeius
679 1246 805 1283 noster
824 1247 864 1283 in
886 1247 1058 1283 amicitia
1080 1247 1126 1284 P.
1151 1248 1312 1284 Lentuli
1335 1249 1589 1300 vituperatur,
1621 1261 1658 1288 et
1679 1250 1771 1289 her-

385 1311 475 1349 cule
494 1324 574 1349 non
594 1310 647 1348 est
666 1310 787 1349 idern.
835 1311 942 1348 Nam
962 1310 1065 1363 apud
1091 1310 1202 1347 illam
1224 1311 1518 1363 perditiffimam
1540 1324 1657 1365 atque
1678 1316 1771 1354 infi-

385 1391 491 1416 mam
522 1376 659 1415 faecem
690 1376 845 1430 populi,
875 1385 1036 1429 propter
1067 1376 1283 1421 Milonem,
1315 1377 1582 1417 suboffendit:
1615 1390 1653 1418 et
1679 1381 1773 1420 boni

384 1443 512 1481 multa
530 1443 578 1481 ab
599 1456 644 1481 eo
665 1443 893 1488 desiderant,
925 1443 1052 1480 multa
1072 1442 1377 1496 reprehendunt.
1420 1444 1680 1484 Marcellinus
1702 1461 1772 1485 au-

384 1518 466 1547 tem
499 1507 577 1547 hoc
606 1521 687 1547 uno
716 1507 818 1546 mihi
851 1508 1014 1562 quidem
1044 1522 1123 1546 non
1153 1508 1355 1554 satisfacit,
1391 1510 1497 1562 quod
1531 1524 1620 1550 eum
1653 1514 1775 1551 nimis

385 1574 513 1627 aspere
534 1575 683 1620 uastat,
715 1588 942 1628 quanquam
974 1574 1015 1612 id
1046 1574 1177 1612 senatu
1201 1588 1279 1612 non
1300 1575 1426 1613 invito
1447 1575 1542 1614 facit
1561 1592 1569 1615 :
1602 1591 1681 1629 quo
1701 1593 1774 1631 ego

384 1654 448 1679 me
468 1640 656 1678 libentius
678 1653 698 1678 a
722 1640 842 1686 curia,
873 1650 912 1678 et
941 1640 989 1678 ab
1019 1640 1130 1678 omni
1159 1650 1267 1693 parte
1297 1641 1538 1694 reipublicae,
1570 1642 1770 1684 subtraho.

385 1706 431 1744 In
457 1706 620 1758 judiciis
650 1706 678 1744 ii
711 1706 859 1751 sumus,
891 1706 961 1758 qui
993 1705 1159 1745 fuimus.
1207 1707 1362 1745 Domus
1390 1708 1622 1753 celebratur,
1655 1710 1707 1747 ita
1729 1721 1773 1748 ut

386 1785 478 1810 cum
500 1772 684 1810 maxime.
718 1773 857 1810 Unum
879 1772 1022 1811 accidit
1042 1772 1308 1824 imprudentia
1329 1772 1498 1811 Milonis
1520 1774 1774 1813 incommode

385 1837 432 1874 de
454 1837 540 1875 Sex.
567 1837 726 1882 Clodio,
758 1851 878 1889 quem
898 1851 1025 1889 neque
1046 1837 1121 1875 hoc
1144 1847 1334 1890 tempore,
1367 1851 1494 1890 neque
1518 1839 1565 1876 ab
1586 1840 1771 1878 imbecil-

384 1903 433 1941 lis
455 1902 758 1947 accusatoribus,
790 1903 890 1939 mihi
912 1903 1061 1955 placuit
1082 1903 1265 1941 accusari.
1312 1903 1362 1940 Ei
1393 1912 1467 1941 tres
1489 1903 1688 1943 sententiae
1711 1915 1770 1944 te-

385 1969 553 2006 terrimae
574 1969 614 2006 in
637 1967 798 2006 consilio
819 1967 1056 2006 defuerunt:
1089 1963 1221 2020 itaque
1242 1967 1447 2006 hominem
1467 1969 1638 2021 populus
1659 1983 1771 2008 revoa-

386 2043 462 2079 cat,
492 2044 532 2072 et
551 2033 768 2072 retrahatur
788 2033 933 2072 necesse
953 2033 1020 2072 est.
1067 2034 1163 2072 Non
1193 2033 1299 2072 enim
1330 2033 1462 2072 ferunt
1492 2033 1700 2074 homines:
1734 2046 1773 2075 et

385 2098 491 2150 quia,
522 2112 615 2137 cum
635 2099 737 2152 apud
757 2099 844 2137 suos
865 2098 1026 2144 diceret,
1057 2112 1156 2151 pene
1176 2099 1379 2137 damnatus
1405 2099 1472 2144 est,
1506 2100 1646 2138 vident.
1659 2101 1772 2140 dam-

386 2172 536 2203 natum.
584 2165 641 2203 Ea
667 2164 746 2217 ipsa
767 2165 807 2203 in
830 2178 868 2202 re
890 2165 1069 2217 Pompeii
1091 2164 1251 2203 offensio
1272 2165 1385 2202 nobis
1407 2164 1557 2203 obstitit
1577 2180 1585 2203 :
1619 2165 1769 2204 senato-

387 2241 475 2266 rum
495 2231 602 2268 enim
622 2244 718 2268 urna
738 2230 892 2283 copiose
911 2230 1091 2275 absolvit,
1123 2231 1320 2282 Equitum
1341 2229 1569 2282 adaequavit,
1596 2231 1772 2270 Tribuni

387 2294 507 2332 aerarii
528 2296 852 2334 condemnarunt.
886 2296 959 2334 Sed
979 2294 1055 2333 hoc
1076 2296 1377 2334 incommodum
1398 2295 1648 2333 consolantur
1668 2311 1773 2349 quo·

387 2359 542 2398 tidianae
576 2361 842 2401 damnationes
878 2362 1149 2407 inimicorum,
1189 2363 1230 2400 in
1266 2362 1410 2413 quibus
1445 2375 1507 2400 me
1541 2363 1773 2414 perlubente

389 2426 541 2464 Servius
562 2426 693 2464 allisus
724 2427 791 2473 est,
823 2428 950 2466 caeteri
983 2428 1261 2466 conciduntur.
1310 2429 1357 2466 C.
1384 2428 1483 2465 Cato
1514 2429 1770 2468 concionatus

387 2490 446 2530 est,
460 2491 621 2530 comitia
641 2490 774 2531 haberi
796 2506 874 2532 non
896 2493 1076 2539 fiturum,
1109 2493 1134 2532 fi
1155 2493 1227 2532 fibi
1248 2506 1339 2532 cum
1360 2493 1509 2549 populo
1530 2493 1610 2532 dies
1632 2495 1787 2546 agendi-
