<?xml version="1.0" encoding="UTF-8"?>
<!DOCTYPE html PUBLIC "-//W3C//DTD XHTML 1.0 Transitional//EN"
    "http://www.w3.org/TR/xhtml1/DTD/xhtml1-transitional.dtd">
<html xmlns="http://www.w3.org/1999/xhtml" xml:lang="en" lang="en">
 <head>
  <title>
</title>
<meta http-equiv="Content-Type" content="text/html;charset=utf-8" />
  <meta name='ocr-system' content='tesseract 3.04.00' />
  <meta name='ocr-capabilities' content='ocr_page ocr_carea ocr_par ocr_line ocrx_word'/>
</head>
<body>
  <div class='ocr_page' id='page_1' title='image "./operacumindicibu09ciceuoft_0104.png"; bbox 0 0 2335 3009; ppageno 0'>
   <div class='ocr_carea' id='block_1_1' title="bbox 525 202 1464 254">
    <p class='ocr_par' dir='ltr' id='par_1_1' title="bbox 525 202 1464 254">
     <span class='ocr_line' id='line_1_1' title="bbox 525 202 1464 254; baseline -0.001 -12"><span class='ocrx_word' id='word_1_1' title='bbox 525 205 576 254; x_wconf 79' lang='lat'>96</span> <span class='ocrx_word' id='word_1_2' title='bbox 982 202 1464 242; x_wconf 74' lang='lat' dir='ltr'><strong>EPISTOLAE</strong></span> 
     </span>
    </p>
   </div>
   <div class='ocr_carea' id='block_1_2' title="bbox 525 297 1924 2513">
    <p class='ocr_par' dir='ltr' id='par_1_2' title="bbox 525 297 1924 2513">
     <span class='ocr_line' id='line_1_2' title="bbox 525 297 1911 354; baseline 0.001 -16"><span class='ocrx_word' id='word_1_3' title='bbox 525 301 844 354; x_wconf 81' lang='lat' dir='ltr'>primoquoque</span> <span class='ocrx_word' id='word_1_4' title='bbox 875 307 1052 352; x_wconf 90' lang='lat' dir='ltr'>tempore</span> <span class='ocrx_word' id='word_1_5' title='bbox 1082 297 1181 338; x_wconf 88' lang='lat' dir='ltr'>ferre</span> <span class='ocrx_word' id='word_1_6' title='bbox 1211 299 1432 352; x_wconf 87' lang='lat' dir='ltr'>praefidium</span> <span class='ocrx_word' id='word_1_7' title='bbox 1465 299 1612 338; x_wconf 91' lang='lat' dir='ltr'>labenti</span> <span class='ocrx_word' id='word_1_8' title='bbox 1644 307 1682 338; x_wconf 89' lang='lat' dir='ltr'>et</span> <span class='ocrx_word' id='word_1_9' title='bbox 1713 299 1911 339; x_wconf 65' lang='lat' dir='ltr'>inclinata</span> 
     </span>
     <span class='ocr_line' id='line_1_3' title="bbox 526 364 1912 420; baseline 0 -16"><span class='ocrx_word' id='word_1_10' title='bbox 526 366 766 420; x_wconf 84' lang='lat' dir='ltr'>reipublicae.</span> <span class='ocrx_word' id='word_1_11' title='bbox 813 365 923 417; x_wconf 85' lang='lat' dir='ltr'>Qid</span> <span class='ocrx_word' id='word_1_12' title='bbox 953 365 1060 404; x_wconf 91' lang='lat' dir='ltr'>enim</span> <span class='ocrx_word' id='word_1_13' title='bbox 1081 364 1202 403; x_wconf 84' lang='lat' dir='ltr'>abeffe</span> <span class='ocrx_word' id='word_1_14' title='bbox 1221 365 1350 403; x_wconf 88' lang='lat' dir='ltr'><strong>censes</strong></span> <span class='ocrx_word' id='word_1_15' title='bbox 1371 365 1464 403; x_wconf 89' lang='lat' dir='ltr'>mali</span> <span class='ocrx_word' id='word_1_16' title='bbox 1489 366 1531 404; x_wconf 91' lang='lat' dir='ltr'>in</span> <span class='ocrx_word' id='word_1_17' title='bbox 1551 379 1596 404; x_wconf 90' lang='lat' dir='ltr'>eo</span> <span class='ocrx_word' id='word_1_18' title='bbox 1618 366 1737 412; x_wconf 91' lang='lat' dir='ltr'>bello,</span> <span class='ocrx_word' id='word_1_19' title='bbox 1769 367 1810 404; x_wconf 93' lang='lat' dir='ltr'>in</span> <span class='ocrx_word' id='word_1_20' title='bbox 1830 379 1912 418; x_wconf 89' lang='lat' dir='ltr'>quo</span> 
     </span>
     <span class='ocr_line' id='line_1_4' title="bbox 527 429 1913 483; baseline -0.001 -13"><span class='ocrx_word' id='word_1_21' title='bbox 527 433 690 470; x_wconf 61' lang='lat' dir='ltr'>victores</span> <span class='ocrx_word' id='word_1_22' title='bbox 711 431 904 470; x_wconf 86' lang='lat' dir='ltr'>exercitus</span> <span class='ocrx_word' id='word_1_23' title='bbox 923 429 1144 482; x_wconf 85' lang='lat' dir='ltr'><strong>fugientem</strong></span> <span class='ocrx_word' id='word_1_24' title='bbox 1163 429 1314 468; x_wconf 84' lang='lat' dir='ltr'>hostem</span> <span class='ocrx_word' id='word_1_25' title='bbox 1335 431 1513 483; x_wconf 87' lang='lat' dir='ltr'>persequi</span> <span class='ocrx_word' id='word_1_26' title='bbox 1534 432 1744 470; x_wconf 91' lang='lat' dir='ltr'>noluerunt</span> <span class='ocrx_word' id='word_1_27' title='bbox 1762 433 1775 469; x_wconf 75' lang='grc' dir='ltr'><strong><em>ἓ</em></strong></span> <span class='ocrx_word' id='word_1_28' title='bbox 1807 440 1846 469; x_wconf 92' lang='lat' dir='ltr'>et</span> <span class='ocrx_word' id='word_1_29' title='bbox 1870 431 1913 469; x_wconf 88' lang='lat' dir='ltr'>in</span> 
     </span>
     <span class='ocr_line' id='line_1_5' title="bbox 527 495 1913 549; baseline 0 -14"><span class='ocrx_word' id='word_1_30' title='bbox 527 510 608 549; x_wconf 88' lang='lat' dir='ltr'>quo</span> <span class='ocrx_word' id='word_1_31' title='bbox 628 497 840 535; x_wconf 91' lang='lat' dir='ltr'>incolumis</span> <span class='ocrx_word' id='word_1_32' title='bbox 867 497 1092 549; x_wconf 84' lang='lat' dir='ltr'>imperator,</span> <span class='ocrx_word' id='word_1_33' title='bbox 1123 495 1342 533; x_wconf 85' lang='lat' dir='ltr'>honoribus</span> <span class='ocrx_word' id='word_1_34' title='bbox 1373 496 1634 548; x_wconf 84' lang='lat' dir='ltr'>ampliffimis‚</span> <span class='ocrx_word' id='word_1_35' title='bbox 1664 495 1913 549; x_wconf 88' lang='lat' dir='ltr'>fortunisque</span> 
     </span>
     <span class='ocr_line' id='line_1_6' title="bbox 529 560 1914 614; baseline -0.001 -13"><span class='ocrx_word' id='word_1_36' title='bbox 529 562 729 607; x_wconf 86' lang='lat' dir='ltr'>maximis,</span> <span class='ocrx_word' id='word_1_37' title='bbox 766 562 949 614; x_wconf 86' lang='lat' dir='ltr'>conjuge,</span> <span class='ocrx_word' id='word_1_38' title='bbox 987 561 1136 605; x_wconf 83' lang='lat' dir='ltr'>liberis,</span> <span class='ocrx_word' id='word_1_39' title='bbox 1168 560 1278 598; x_wconf 90' lang='lat' dir='ltr'>vobis</span> <span class='ocrx_word' id='word_1_40' title='bbox 1312 561 1511 606; x_wconf 88' lang='lat' dir='ltr'>affinibus,</span> <span class='ocrx_word' id='word_1_41' title='bbox 1547 570 1722 607; x_wconf 87' lang='lat' dir='ltr'>ornatus,</span> <span class='ocrx_word' id='word_1_42' title='bbox 1761 561 1914 599; x_wconf 88' lang='lat' dir='ltr'>bellum</span> 
     </span>
     <span class='ocr_line' id='line_1_7' title="bbox 530 625 1915 680; baseline -0.001 -14"><span class='ocrx_word' id='word_1_43' title='bbox 530 628 756 680; x_wconf 78' lang='lat' dir='ltr'>reipubHcae</span> <span class='ocrx_word' id='word_1_44' title='bbox 777 627 963 666; x_wconf 86' lang='lat' dir='ltr'>indixerit</span> <span class='ocrx_word' id='word_1_45' title='bbox 982 627 995 664; x_wconf 88' lang='lat'>?</span> <span class='ocrx_word' id='word_1_46' title='bbox 1027 625 1137 676; x_wconf 85' lang='lat' dir='ltr'>Qid</span> <span class='ocrx_word' id='word_1_47' title='bbox 1157 625 1301 670; x_wconf 88' lang='lat' dir='ltr'>dicam,</span> <span class='ocrx_word' id='word_1_48' title='bbox 1331 627 1373 663; x_wconf 88' lang='lat' dir='ltr'>in</span> <span class='ocrx_word' id='word_1_49' title='bbox 1395 635 1504 664; x_wconf 89' lang='lat' dir='ltr'>tanto</span> <span class='ocrx_word' id='word_1_50' title='bbox 1524 626 1675 665; x_wconf 90' lang='lat' dir='ltr'>senatus</span> <span class='ocrx_word' id='word_1_51' title='bbox 1696 626 1915 679; x_wconf 85' lang='lat' dir='ltr'>populique</span> 
     </span>
     <span class='ocr_line' id='line_1_8' title="bbox 529 691 1916 740; baseline -0.001 -8"><span class='ocrx_word' id='word_1_52' title='bbox 529 693 732 740; x_wconf 86' lang='lat' dir='ltr'>consensu,</span> <span class='ocrx_word' id='word_1_53' title='bbox 763 707 856 732; x_wconf 90' lang='lat' dir='ltr'>cum</span> <span class='ocrx_word' id='word_1_54' title='bbox 891 702 1044 731; x_wconf 90' lang='lat' dir='ltr'>tantum</span> <span class='ocrx_word' id='word_1_55' title='bbox 1078 691 1236 730; x_wconf 85' lang='lat' dir='ltr'>refideat</span> <span class='ocrx_word' id='word_1_56' title='bbox 1270 692 1372 729; x_wconf 86' lang='lat' dir='ltr'>intra</span> <span class='ocrx_word' id='word_1_57' title='bbox 1405 705 1538 730; x_wconf 91' lang='lat' dir='ltr'>muros</span> <span class='ocrx_word' id='word_1_58' title='bbox 1573 693 1699 731; x_wconf 86' lang='lat' dir='ltr'>mali?</span> <span class='ocrx_word' id='word_1_59' title='bbox 1731 692 1916 731; x_wconf 86' lang='lat' dir='ltr'>Maximo</span> 
     </span>
     <span class='ocr_line' id='line_1_9' title="bbox 530 757 1916 811; baseline -0.002 -13"><span class='ocrx_word' id='word_1_60' title='bbox 530 769 676 805; x_wconf 86' lang='lat' dir='ltr'>autem,</span> <span class='ocrx_word' id='word_1_61' title='bbox 707 773 799 798; x_wconf 93' lang='lat' dir='ltr'>cum</span> <span class='ocrx_word' id='word_1_62' title='bbox 820 758 902 798; x_wconf 81' lang='lat' dir='ltr'>haec</span> <span class='ocrx_word' id='word_1_63' title='bbox 924 758 1154 802; x_wconf 84' lang='lat' dir='ltr'>scribebam,</span> <span class='ocrx_word' id='word_1_64' title='bbox 1185 757 1380 795; x_wconf 81' lang='lat' dir='ltr'>afficiebar</span> <span class='ocrx_word' id='word_1_65' title='bbox 1399 758 1548 804; x_wconf 92' lang='lat' dir='ltr'>dolore,</span> <span class='ocrx_word' id='word_1_66' title='bbox 1579 758 1700 811; x_wconf 93' lang='lat' dir='ltr'>quod,</span> <span class='ocrx_word' id='word_1_67' title='bbox 1731 772 1825 797; x_wconf 90' lang='lat' dir='ltr'>cum</span> <span class='ocrx_word' id='word_1_68' title='bbox 1852 770 1916 796; x_wconf 91' lang='lat' dir='ltr'>me</span> 
     </span>
     <span class='ocr_line' id='line_1_10' title="bbox 530 823 1913 878; baseline -0.001 -14"><span class='ocrx_word' id='word_1_69' title='bbox 530 839 602 878; x_wconf 88' lang='lat' dir='ltr'>pro</span> <span class='ocrx_word' id='word_1_70' title='bbox 631 824 921 863; x_wconf 87' lang='lat' dir='ltr'>adolescentulo</span> <span class='ocrx_word' id='word_1_71' title='bbox 951 837 994 862; x_wconf 93' lang='lat' dir='ltr'>ac</span> <span class='ocrx_word' id='word_1_72' title='bbox 1026 837 1125 876; x_wconf 91' lang='lat' dir='ltr'>pene</span> <span class='ocrx_word' id='word_1_73' title='bbox 1150 837 1271 876; x_wconf 89' lang='lat' dir='ltr'>puero</span> <span class='ocrx_word' id='word_1_74' title='bbox 1300 823 1520 876; x_wconf 87' lang='lat' dir='ltr'>respublica</span> <span class='ocrx_word' id='word_1_75' title='bbox 1538 823 1741 877; x_wconf 73' lang='lat' dir='ltr'>accepisset</span> <span class='ocrx_word' id='word_1_76' title='bbox 1761 824 1913 868; x_wconf 83' lang='lat' dir='ltr'>vadem,</span> 
     </span>
     <span class='ocr_line' id='line_1_11' title="bbox 529 889 1916 943; baseline -0.001 -14"><span class='ocrx_word' id='word_1_77' title='bbox 529 892 595 930; x_wconf 88' lang='lat' dir='ltr'>vix</span> <span class='ocrx_word' id='word_1_78' title='bbox 616 890 787 935; x_wconf 82' lang='lat' dir='ltr'>videbar,</span> <span class='ocrx_word' id='word_1_79' title='bbox 818 889 924 943; x_wconf 94' lang='lat' dir='ltr'>quod</span> <span class='ocrx_word' id='word_1_80' title='bbox 944 889 1212 942; x_wconf 87' lang='lat' dir='ltr'>promiseram,</span> <span class='ocrx_word' id='word_1_81' title='bbox 1242 889 1416 942; x_wconf 87' lang='lat' dir='ltr'>praestare</span> <span class='ocrx_word' id='word_1_82' title='bbox 1435 889 1552 942; x_wconf 77' lang='lat' dir='ltr'>posse.</span> <span class='ocrx_word' id='word_1_83' title='bbox 1587 889 1654 928; x_wconf 85' lang='lat' dir='ltr'>Est</span> <span class='ocrx_word' id='word_1_84' title='bbox 1673 898 1803 928; x_wconf 90' lang='lat' dir='ltr'>autem</span> <span class='ocrx_word' id='word_1_85' title='bbox 1825 902 1916 942; x_wconf 88' lang='lat' dir='ltr'>gra-</span> 
     </span>
     <span class='ocr_line' id='line_1_12' title="bbox 528 954 1916 1006; baseline -0.001 -12"><span class='ocrx_word' id='word_1_86' title='bbox 528 956 614 995; x_wconf 89' lang='lat' dir='ltr'>vior</span> <span class='ocrx_word' id='word_1_87' title='bbox 646 964 685 994; x_wconf 90' lang='lat' dir='ltr'>et</span> <span class='ocrx_word' id='word_1_88' title='bbox 714 955 916 993; x_wconf 87' lang='lat' dir='ltr'>difficilior</span> <span class='ocrx_word' id='word_1_89' title='bbox 944 954 1066 992; x_wconf 87' lang='lat' dir='ltr'>animi</span> <span class='ocrx_word' id='word_1_90' title='bbox 1100 963 1139 992; x_wconf 88' lang='lat' dir='ltr'>et</span> <span class='ocrx_word' id='word_1_91' title='bbox 1172 954 1386 999; x_wconf 85' lang='lat' dir='ltr'>sententiae‚</span> <span class='ocrx_word' id='word_1_92' title='bbox 1417 954 1600 992; x_wconf 84' lang='lat' dir='ltr'>maximis</span> <span class='ocrx_word' id='word_1_93' title='bbox 1630 954 1842 1006; x_wconf 85' lang='lat' dir='ltr'>praesertim</span> <span class='ocrx_word' id='word_1_94' title='bbox 1873 954 1916 992; x_wconf 90' lang='lat' dir='ltr'>in</span> 
     </span>
     <span class='ocr_line' id='line_1_13' title="bbox 530 1019 1918 1075; baseline -0.001 -16"><span class='ocrx_word' id='word_1_95' title='bbox 530 1022 661 1066; x_wconf 89' lang='lat' dir='ltr'>rebus,</span> <span class='ocrx_word' id='word_1_96' title='bbox 692 1035 764 1075; x_wconf 92' lang='lat' dir='ltr'>pro</span> <span class='ocrx_word' id='word_1_97' title='bbox 794 1021 930 1066; x_wconf 92' lang='lat' dir='ltr'>altero,</span> <span class='ocrx_word' id='word_1_98' title='bbox 961 1034 1080 1073; x_wconf 90' lang='lat' dir='ltr'>quam</span> <span class='ocrx_word' id='word_1_99' title='bbox 1110 1021 1299 1072; x_wconf 86' lang='lat' dir='ltr'>pecuniae,</span> <span class='ocrx_word' id='word_1_100' title='bbox 1330 1021 1548 1072; x_wconf 88' lang='lat' dir='ltr'>obligatio:</span> <span class='ocrx_word' id='word_1_101' title='bbox 1579 1019 1664 1058; x_wconf 84' lang='lat' dir='ltr'>haec</span> <span class='ocrx_word' id='word_1_102' title='bbox 1692 1021 1799 1057; x_wconf 91' lang='lat' dir='ltr'>enim</span> <span class='ocrx_word' id='word_1_103' title='bbox 1820 1019 1918 1058; x_wconf 88' lang='lat' dir='ltr'>solvi</span> 
     </span>
     <span class='ocr_line' id='line_1_14' title="bbox 530 1085 1919 1140; baseline -0.001 -15"><span class='ocrx_word' id='word_1_104' title='bbox 530 1086 670 1140; x_wconf 88' lang='lat' dir='ltr'>potest,</span> <span class='ocrx_word' id='word_1_105' title='bbox 692 1096 730 1125; x_wconf 89' lang='lat' dir='ltr'>et</span> <span class='ocrx_word' id='word_1_106' title='bbox 750 1087 803 1125; x_wconf 89' lang='lat' dir='ltr'>est</span> <span class='ocrx_word' id='word_1_107' title='bbox 824 1087 878 1124; x_wconf 88' lang='lat' dir='ltr'>rei</span> <span class='ocrx_word' id='word_1_108' title='bbox 898 1085 1102 1124; x_wconf 87' lang='lat' dir='ltr'>familiaris</span> <span class='ocrx_word' id='word_1_109' title='bbox 1117 1087 1268 1137; x_wconf 70' lang='lat' dir='ltr'>jaCtura</span> <span class='ocrx_word' id='word_1_110' title='bbox 1288 1086 1531 1130; x_wconf 72' lang='lat' dir='ltr'>tolerabilis,</span> <span class='ocrx_word' id='word_1_111' title='bbox 1564 1085 1790 1138; x_wconf 87' lang='lat' dir='ltr'>reipublicae</span> <span class='ocrx_word' id='word_1_112' title='bbox 1811 1085 1919 1138; x_wconf 92' lang='lat' dir='ltr'>quod</span> 
     </span>
     <span class='ocr_line' id='line_1_15' title="bbox 531 1150 1917 1206; baseline -0.001 -15"><span class='ocrx_word' id='word_1_113' title='bbox 531 1151 798 1206; x_wconf 88' lang='lat' dir='ltr'>spoponderis,</span> <span class='ocrx_word' id='word_1_114' title='bbox 830 1151 1165 1203; x_wconf 88' lang='lat' dir='ltr'>quemadmodum</span> <span class='ocrx_word' id='word_1_115' title='bbox 1195 1150 1332 1195; x_wconf 87' lang='lat' dir='ltr'>solvas,</span> <span class='ocrx_word' id='word_1_116' title='bbox 1365 1151 1435 1189; x_wconf 81' lang='lat' dir='ltr'>nisi</span> <span class='ocrx_word' id='word_1_117' title='bbox 1468 1152 1500 1189; x_wconf 92' lang='lat' dir='ltr'>is</span> <span class='ocrx_word' id='word_1_118' title='bbox 1522 1151 1690 1203; x_wconf 86' lang='lat' dir='ltr'>dependi</span> <span class='ocrx_word' id='word_1_119' title='bbox 1710 1150 1827 1189; x_wconf 88' lang='lat' dir='ltr'>facile</span> <span class='ocrx_word' id='word_1_120' title='bbox 1846 1165 1917 1204; x_wconf 89' lang='lat' dir='ltr'>pa-</span> 
     </span>
     <span class='ocr_line' id='line_1_16' title="bbox 531 1216 1915 1270; baseline 0 -15"><span class='ocrx_word' id='word_1_121' title='bbox 531 1218 643 1263; x_wconf 88' lang='lat' dir='ltr'>titur,</span> <span class='ocrx_word' id='word_1_122' title='bbox 674 1231 746 1270; x_wconf 93' lang='lat' dir='ltr'>pro</span> <span class='ocrx_word' id='word_1_123' title='bbox 779 1230 859 1269; x_wconf 91' lang='lat' dir='ltr'>quo</span> <span class='ocrx_word' id='word_1_124' title='bbox 894 1216 1179 1269; x_wconf 90' lang='lat' dir='ltr'>spoponderis?</span> <span class='ocrx_word' id='word_1_125' title='bbox 1212 1218 1448 1268; x_wconf 87' lang='lat' dir='ltr'>Qanquam</span> <span class='ocrx_word' id='word_1_126' title='bbox 1480 1226 1518 1254; x_wconf 92' lang='lat' dir='ltr'>et</span> <span class='ocrx_word' id='word_1_127' title='bbox 1549 1216 1656 1255; x_wconf 90' lang='lat' dir='ltr'>hunc</span> <span class='ocrx_word' id='word_1_128' title='bbox 1690 1218 1753 1267; x_wconf 92' lang='lat' dir='ltr'>(ut</span> <span class='ocrx_word' id='word_1_129' title='bbox 1787 1216 1915 1270; x_wconf 88' lang='lat' dir='ltr'>spero)</span> 
     </span>
     <span class='ocr_line' id='line_1_17' title="bbox 532 1282 1918 1334; baseline 0 -12"><span class='ocrx_word' id='word_1_130' title='bbox 532 1284 689 1328; x_wconf 88' lang='lat' dir='ltr'>tenebo,</span> <span class='ocrx_word' id='word_1_131' title='bbox 720 1283 858 1321; x_wconf 90' lang='lat' dir='ltr'>multis</span> <span class='ocrx_word' id='word_1_132' title='bbox 881 1283 1205 1334; x_wconf 88' lang='lat' dir='ltr'>repugnantibus.</span> <span class='ocrx_word' id='word_1_133' title='bbox 1250 1282 1418 1320; x_wconf 84' lang='lat' dir='ltr'>Videtur</span> <span class='ocrx_word' id='word_1_134' title='bbox 1443 1283 1551 1320; x_wconf 90' lang='lat' dir='ltr'>enim</span> <span class='ocrx_word' id='word_1_135' title='bbox 1581 1283 1620 1320; x_wconf 89' lang='lat' dir='ltr'>in</span> <span class='ocrx_word' id='word_1_136' title='bbox 1643 1297 1689 1320; x_wconf 91' lang='lat' dir='ltr'>eo</span> <span class='ocrx_word' id='word_1_137' title='bbox 1709 1283 1780 1321; x_wconf 81' lang='lat' dir='ltr'>effe</span> <span class='ocrx_word' id='word_1_138' title='bbox 1801 1283 1918 1322; x_wconf 89' lang='lat' dir='ltr'>indo-</span> 
     </span>
     <span class='ocr_line' id='line_1_18' title="bbox 531 1347 1918 1400; baseline 0 -14"><span class='ocrx_word' id='word_1_139' title='bbox 531 1349 587 1387; x_wconf 90' lang='lat' dir='ltr'>les</span> <span class='ocrx_word' id='word_1_140' title='bbox 607 1363 615 1386; x_wconf 91' lang='lat'>:</span> <span class='ocrx_word' id='word_1_141' title='bbox 648 1347 710 1386; x_wconf 90' lang='lat' dir='ltr'>sed</span> <span class='ocrx_word' id='word_1_142' title='bbox 733 1347 918 1386; x_wconf 84' lang='lat' dir='ltr'>flexibilis</span> <span class='ocrx_word' id='word_1_143' title='bbox 939 1356 1042 1392; x_wconf 85' lang='lat' dir='ltr'>aetas,</span> <span class='ocrx_word' id='word_1_144' title='bbox 1066 1347 1263 1399; x_wconf 89' lang='lat' dir='ltr'>multique</span> <span class='ocrx_word' id='word_1_145' title='bbox 1283 1347 1329 1384; x_wconf 86' lang='lat' dir='ltr'>ad</span> <span class='ocrx_word' id='word_1_146' title='bbox 1350 1347 1638 1400; x_wconf 80' lang='lat' dir='ltr'>depravandum</span> <span class='ocrx_word' id='word_1_147' title='bbox 1661 1350 1779 1400; x_wconf 84' lang='lat' dir='ltr'>parati</span> <span class='ocrx_word' id='word_1_148' title='bbox 1798 1367 1809 1393; x_wconf 87' lang='lat'>;</span> <span class='ocrx_word' id='word_1_149' title='bbox 1833 1349 1918 1400; x_wconf 89' lang='lat' dir='ltr'>qui,</span> 
     </span>
     <span class='ocr_line' id='line_1_19' title="bbox 533 1411 1920 1467; baseline 0 -15"><span class='ocrx_word' id='word_1_150' title='bbox 533 1412 735 1467; x_wconf 90' lang='lat' dir='ltr'>splendore</span> <span class='ocrx_word' id='word_1_151' title='bbox 755 1411 837 1450; x_wconf 84' lang='lat' dir='ltr'>falfi</span> <span class='ocrx_word' id='word_1_152' title='bbox 859 1411 1020 1451; x_wconf 91' lang='lat' dir='ltr'>honoris</span> <span class='ocrx_word' id='word_1_153' title='bbox 1041 1412 1209 1464; x_wconf 59' lang='lat' dir='ltr'>objecto,</span> <span class='ocrx_word' id='word_1_154' title='bbox 1240 1413 1365 1450; x_wconf 88' lang='lat' dir='ltr'>aciem</span> <span class='ocrx_word' id='word_1_155' title='bbox 1398 1413 1489 1451; x_wconf 92' lang='lat' dir='ltr'>boni</span> <span class='ocrx_word' id='word_1_156' title='bbox 1523 1414 1672 1465; x_wconf 88' lang='lat' dir='ltr'>ingenii</span> <span class='ocrx_word' id='word_1_157' title='bbox 1703 1413 1920 1466; x_wconf 88' lang='lat' dir='ltr'>praestringi</span> 
     </span>
     <span class='ocr_line' id='line_1_20' title="bbox 533 1477 1918 1532; baseline 0.001 -15"><span class='ocrx_word' id='word_1_158' title='bbox 533 1479 636 1532; x_wconf 80' lang='lat' dir='ltr'>posse</span> <span class='ocrx_word' id='word_1_159' title='bbox 656 1477 876 1517; x_wconf 89' lang='lat' dir='ltr'>confidunt.</span> <span class='ocrx_word' id='word_1_160' title='bbox 916 1479 1054 1531; x_wconf 89' lang='lat' dir='ltr'>Itaque</span> <span class='ocrx_word' id='word_1_161' title='bbox 1074 1478 1120 1516; x_wconf 88' lang='lat' dir='ltr'>ad</span> <span class='ocrx_word' id='word_1_162' title='bbox 1142 1478 1313 1531; x_wconf 89' lang='lat' dir='ltr'>reliquos</span> <span class='ocrx_word' id='word_1_163' title='bbox 1335 1477 1400 1516; x_wconf 86' lang='lat' dir='ltr'>hic</span> <span class='ocrx_word' id='word_1_164' title='bbox 1421 1492 1581 1531; x_wconf 88' lang='lat' dir='ltr'>quoque</span> <span class='ocrx_word' id='word_1_165' title='bbox 1602 1479 1711 1516; x_wconf 80' lang='lat' dir='ltr'>labor</span> <span class='ocrx_word' id='word_1_166' title='bbox 1730 1479 1832 1517; x_wconf 85' lang='lat' dir='ltr'>mihi</span> <span class='ocrx_word' id='word_1_167' title='bbox 1852 1493 1918 1518; x_wconf 87' lang='lat' dir='ltr'>ac-</span> 
     </span>
     <span class='ocr_line' id='line_1_21' title="bbox 532 1542 1919 1590; baseline 0.001 -8"><span class='ocrx_word' id='word_1_168' title='bbox 532 1544 653 1590; x_wconf 78' lang='lat' dir='ltr'>cessit,</span> <span class='ocrx_word' id='word_1_169' title='bbox 686 1553 729 1582; x_wconf 91' lang='lat' dir='ltr'>ut</span> <span class='ocrx_word' id='word_1_170' title='bbox 759 1556 894 1582; x_wconf 90' lang='lat' dir='ltr'>omnes</span> <span class='ocrx_word' id='word_1_171' title='bbox 925 1542 1130 1581; x_wconf 85' lang='lat' dir='ltr'>adhibeam</span> <span class='ocrx_word' id='word_1_172' title='bbox 1163 1543 1363 1581; x_wconf 83' lang='lat' dir='ltr'>machinas</span> <span class='ocrx_word' id='word_1_173' title='bbox 1385 1543 1430 1580; x_wconf 87' lang='lat' dir='ltr'>ad</span> <span class='ocrx_word' id='word_1_174' title='bbox 1460 1543 1674 1581; x_wconf 87' lang='lat' dir='ltr'>tenendum</span> <span class='ocrx_word' id='word_1_175' title='bbox 1695 1544 1919 1583; x_wconf 89' lang='lat' dir='ltr'>adolescen-</span> 
     </span>
     <span class='ocr_line' id='line_1_22' title="bbox 532 1609 1920 1662; baseline 0.001 -14"><span class='ocrx_word' id='word_1_176' title='bbox 532 1619 630 1656; x_wconf 83' lang='lat' dir='ltr'>tem,</span> <span class='ocrx_word' id='word_1_177' title='bbox 662 1623 709 1648; x_wconf 92' lang='lat' dir='ltr'>ne</span> <span class='ocrx_word' id='word_1_178' title='bbox 730 1609 876 1647; x_wconf 86' lang='lat' dir='ltr'>famam</span> <span class='ocrx_word' id='word_1_179' title='bbox 897 1609 1053 1647; x_wconf 85' lang='lat' dir='ltr'>subeam</span> <span class='ocrx_word' id='word_1_180' title='bbox 1077 1610 1320 1648; x_wconf 87' lang='lat' dir='ltr'>temeritatis.</span> <span class='ocrx_word' id='word_1_181' title='bbox 1356 1610 1594 1662; x_wconf 83' lang='lat' dir='ltr'>Qanquam</span> <span class='ocrx_word' id='word_1_182' title='bbox 1616 1623 1702 1662; x_wconf 82' lang='lat' dir='ltr'>quae</span> <span class='ocrx_word' id='word_1_183' title='bbox 1723 1611 1920 1649; x_wconf 86' lang='lat' dir='ltr'>temeritas</span> 
     </span>
     <span class='ocr_line' id='line_1_23' title="bbox 529 1674 1918 1727; baseline 0.001 -15"><span class='ocrx_word' id='word_1_184' title='bbox 529 1675 617 1712; x_wconf 86' lang='lat' dir='ltr'>est?</span> <span class='ocrx_word' id='word_1_185' title='bbox 649 1675 772 1726; x_wconf 87' lang='lat' dir='ltr'>magis</span> <span class='ocrx_word' id='word_1_186' title='bbox 802 1674 909 1712; x_wconf 90' lang='lat' dir='ltr'>enim</span> <span class='ocrx_word' id='word_1_187' title='bbox 939 1675 1071 1720; x_wconf 88' lang='lat' dir='ltr'>illum,</span> <span class='ocrx_word' id='word_1_188' title='bbox 1103 1688 1174 1727; x_wconf 92' lang='lat' dir='ltr'>pro</span> <span class='ocrx_word' id='word_1_189' title='bbox 1203 1688 1283 1727; x_wconf 91' lang='lat' dir='ltr'>quo</span> <span class='ocrx_word' id='word_1_190' title='bbox 1313 1674 1520 1727; x_wconf 89' lang='lat' dir='ltr'>spopondi,</span> <span class='ocrx_word' id='word_1_191' title='bbox 1551 1687 1668 1727; x_wconf 92' lang='lat' dir='ltr'>quam</span> <span class='ocrx_word' id='word_1_192' title='bbox 1690 1689 1753 1712; x_wconf 90' lang='lat' dir='ltr'>me</span> <span class='ocrx_word' id='word_1_193' title='bbox 1775 1675 1918 1727; x_wconf 89' lang='lat' dir='ltr'>ipsum,</span> 
     </span>
     <span class='ocr_line' id='line_1_24' title="bbox 532 1739 1920 1793; baseline 0.001 -16"><span class='ocrx_word' id='word_1_194' title='bbox 532 1739 721 1792; x_wconf 82' lang='lat' dir='ltr'>obligavi.</span> <span class='ocrx_word' id='word_1_195' title='bbox 767 1739 856 1778; x_wconf 91' lang='lat' dir='ltr'>Nec</span> <span class='ocrx_word' id='word_1_196' title='bbox 887 1753 977 1777; x_wconf 90' lang='lat' dir='ltr'>vero</span> <span class='ocrx_word' id='word_1_197' title='bbox 1009 1741 1200 1792; x_wconf 85' lang='lat' dir='ltr'>poenitere</span> <span class='ocrx_word' id='word_1_198' title='bbox 1220 1740 1343 1792; x_wconf 88' lang='lat' dir='ltr'>potest</span> <span class='ocrx_word' id='word_1_199' title='bbox 1366 1740 1668 1793; x_wconf 77' lang='lat' dir='ltr'>rempublicam,</span> <span class='ocrx_word' id='word_1_200' title='bbox 1700 1754 1762 1778; x_wconf 89' lang='lat' dir='ltr'>me</span> <span class='ocrx_word' id='word_1_201' title='bbox 1784 1755 1854 1793; x_wconf 89' lang='lat' dir='ltr'>pro</span> <span class='ocrx_word' id='word_1_202' title='bbox 1874 1755 1920 1779; x_wconf 89' lang='lat' dir='ltr'>eo</span> 
     </span>
     <span class='ocr_line' id='line_1_25' title="bbox 534 1803 1921 1859; baseline 0.001 -17"><span class='ocrx_word' id='word_1_203' title='bbox 534 1803 791 1859; x_wconf 69' lang='lat' dir='ltr'>spopondisse,</span> <span class='ocrx_word' id='word_1_204' title='bbox 823 1804 892 1856; x_wconf 90' lang='lat' dir='ltr'>qui</span> <span class='ocrx_word' id='word_1_205' title='bbox 924 1803 1002 1843; x_wconf 89' lang='lat' dir='ltr'>fuit</span> <span class='ocrx_word' id='word_1_206' title='bbox 1029 1806 1069 1843; x_wconf 89' lang='lat' dir='ltr'>in</span> <span class='ocrx_word' id='word_1_207' title='bbox 1092 1805 1206 1844; x_wconf 88' lang='lat' dir='ltr'>rebus</span> <span class='ocrx_word' id='word_1_208' title='bbox 1227 1805 1406 1858; x_wconf 87' lang='lat' dir='ltr'>gerendis</span> <span class='ocrx_word' id='word_1_209' title='bbox 1427 1820 1517 1844; x_wconf 93' lang='lat' dir='ltr'>cum</span> <span class='ocrx_word' id='word_1_210' title='bbox 1541 1805 1608 1843; x_wconf 93' lang='lat' dir='ltr'>suo</span> <span class='ocrx_word' id='word_1_211' title='bbox 1628 1806 1801 1858; x_wconf 85' lang='lat' dir='ltr'>ingenio,</span> <span class='ocrx_word' id='word_1_212' title='bbox 1834 1816 1921 1845; x_wconf 91' lang='lat' dir='ltr'>tum</span> 
     </span>
     <span class='ocr_line' id='line_1_26' title="bbox 532 1869 1919 1923; baseline 0 -14"><span class='ocrx_word' id='word_1_213' title='bbox 532 1883 617 1909; x_wconf 89' lang='lat' dir='ltr'>mea</span> <span class='ocrx_word' id='word_1_214' title='bbox 637 1869 901 1923; x_wconf 69' lang='lat' dir='ltr'>promissione,</span> <span class='ocrx_word' id='word_1_215' title='bbox 932 1870 1184 1909; x_wconf 87' lang='lat' dir='ltr'>constantior.</span> <span class='ocrx_word' id='word_1_216' title='bbox 1231 1871 1436 1910; x_wconf 83' lang='lat' dir='ltr'>Maximus</span> <span class='ocrx_word' id='word_1_217' title='bbox 1469 1881 1598 1909; x_wconf 86' lang='lat' dir='ltr'>autem</span> <span class='ocrx_word' id='word_1_218' title='bbox 1623 1871 1711 1923; x_wconf 86' lang='lat' dir='ltr'>(nifi</span> <span class='ocrx_word' id='word_1_219' title='bbox 1734 1885 1796 1909; x_wconf 92' lang='lat' dir='ltr'>me</span> <span class='ocrx_word' id='word_1_220' title='bbox 1817 1870 1919 1909; x_wconf 90' lang='lat' dir='ltr'>forte</span> 
     </span>
     <span class='ocr_line' id='line_1_27' title="bbox 533 1934 1920 1990; baseline 0.002 -18"><span class='ocrx_word' id='word_1_221' title='bbox 533 1934 656 1985; x_wconf 82' lang='lat' dir='ltr'>fallit)</span> <span class='ocrx_word' id='word_1_222' title='bbox 680 1935 719 1973; x_wconf 93' lang='lat' dir='ltr'>in</span> <span class='ocrx_word' id='word_1_223' title='bbox 742 1934 943 1987; x_wconf 87' lang='lat' dir='ltr'>republica</span> <span class='ocrx_word' id='word_1_224' title='bbox 963 1935 1088 1973; x_wconf 92' lang='lat' dir='ltr'>nodus</span> <span class='ocrx_word' id='word_1_225' title='bbox 1109 1936 1162 1973; x_wconf 88' lang='lat' dir='ltr'>est</span> <span class='ocrx_word' id='word_1_226' title='bbox 1191 1937 1325 1988; x_wconf 89' lang='lat' dir='ltr'>inopia</span> <span class='ocrx_word' id='word_1_227' title='bbox 1344 1937 1398 1974; x_wconf 90' lang='lat' dir='ltr'>rei</span> <span class='ocrx_word' id='word_1_228' title='bbox 1419 1937 1665 1990; x_wconf 82' lang='lat' dir='ltr'>pecuniariae.</span> <span class='ocrx_word' id='word_1_229' title='bbox 1717 1936 1920 1975; x_wconf 82' lang='lat' dir='ltr'>Obdures-</span> 
     </span>
     <span class='ocr_line' id='line_1_28' title="bbox 535 1999 1922 2054; baseline 0.002 -16"><span class='ocrx_word' id='word_1_230' title='bbox 535 2008 631 2038; x_wconf 88' lang='lat' dir='ltr'>cunt</span> <span class='ocrx_word' id='word_1_231' title='bbox 653 2000 760 2038; x_wconf 90' lang='lat' dir='ltr'>enim</span> <span class='ocrx_word' id='word_1_232' title='bbox 782 1999 906 2052; x_wconf 86' lang='lat' dir='ltr'>magis</span> <span class='ocrx_word' id='word_1_233' title='bbox 929 2000 1106 2052; x_wconf 86' lang='lat' dir='ltr'>quotidie</span> <span class='ocrx_word' id='word_1_234' title='bbox 1129 2001 1222 2038; x_wconf 91' lang='lat' dir='ltr'>boni</span> <span class='ocrx_word' id='word_1_235' title='bbox 1246 2001 1317 2038; x_wconf 90' lang='lat' dir='ltr'>viri</span> <span class='ocrx_word' id='word_1_236' title='bbox 1338 2002 1384 2039; x_wconf 87' lang='lat' dir='ltr'>ad</span> <span class='ocrx_word' id='word_1_237' title='bbox 1405 2016 1541 2040; x_wconf 92' lang='lat' dir='ltr'>vocem</span> <span class='ocrx_word' id='word_1_238' title='bbox 1564 2002 1723 2040; x_wconf 86' lang='lat' dir='ltr'>tributi:</span> <span class='ocrx_word' id='word_1_239' title='bbox 1747 2002 1853 2054; x_wconf 91' lang='lat' dir='ltr'>quod</span> <span class='ocrx_word' id='word_1_240' title='bbox 1874 2016 1922 2042; x_wconf 86' lang='lat' dir='ltr'>ex</span> 
     </span>
     <span class='ocr_line' id='line_1_29' title="bbox 534 2064 1923 2120; baseline 0.001 -16"><span class='ocrx_word' id='word_1_241' title='bbox 534 2064 741 2104; x_wconf 79' lang='lat' dir='ltr'>centeslma</span> <span class='ocrx_word' id='word_1_242' title='bbox 762 2065 968 2111; x_wconf 85' lang='lat' dir='ltr'>collatum,</span> <span class='ocrx_word' id='word_1_243' title='bbox 1001 2065 1225 2118; x_wconf 88' lang='lat' dir='ltr'>impudenti</span> <span class='ocrx_word' id='word_1_244' title='bbox 1254 2066 1370 2104; x_wconf 88' lang='lat' dir='ltr'>censu</span> <span class='ocrx_word' id='word_1_245' title='bbox 1401 2067 1663 2120; x_wconf 89' lang='lat' dir='ltr'>locupletum,</span> <span class='ocrx_word' id='word_1_246' title='bbox 1694 2067 1735 2105; x_wconf 90' lang='lat' dir='ltr'>in</span> <span class='ocrx_word' id='word_1_247' title='bbox 1756 2067 1923 2107; x_wconf 77' lang='lat' dir='ltr'>duarum</span> 
     </span>
     <span class='ocr_line' id='line_1_30' title="bbox 535 2130 1920 2185; baseline 0.002 -17"><span class='ocrx_word' id='word_1_248' title='bbox 535 2130 740 2183; x_wconf 89' lang='lat' dir='ltr'>legionum</span> <span class='ocrx_word' id='word_1_249' title='bbox 761 2130 931 2183; x_wconf 80' lang='lat' dir='ltr'>praemiis</span> <span class='ocrx_word' id='word_1_250' title='bbox 952 2144 1069 2169; x_wconf 91' lang='lat' dir='ltr'>omne</span> <span class='ocrx_word' id='word_1_251' title='bbox 1096 2131 1355 2170; x_wconf 88' lang='lat' dir='ltr'>consumitur.</span> <span class='ocrx_word' id='word_1_252' title='bbox 1403 2132 1640 2185; x_wconf 84' lang='lat' dir='ltr'>Impendent</span> <span class='ocrx_word' id='word_1_253' title='bbox 1669 2142 1799 2171; x_wconf 82' lang='lat' dir='ltr'>antem</span> <span class='ocrx_word' id='word_1_254' title='bbox 1828 2133 1920 2172; x_wconf 86' lang='lat' dir='ltr'>infi-</span> 
     </span>
     <span class='ocr_line' id='line_1_31' title="bbox 535 2195 1920 2250; baseline 0.003 -17"><span class='ocrx_word' id='word_1_255' title='bbox 535 2196 609 2234; x_wconf 88' lang='lat' dir='ltr'>niti</span> <span class='ocrx_word' id='word_1_256' title='bbox 632 2195 827 2249; x_wconf 90' lang='lat' dir='ltr'>sumptus,</span> <span class='ocrx_word' id='word_1_257' title='bbox 858 2209 951 2235; x_wconf 89' lang='lat' dir='ltr'>cum</span> <span class='ocrx_word' id='word_1_258' title='bbox 973 2196 1012 2234; x_wconf 92' lang='lat' dir='ltr'>in</span> <span class='ocrx_word' id='word_1_259' title='bbox 1035 2195 1106 2234; x_wconf 89' lang='lat' dir='ltr'>hos</span> <span class='ocrx_word' id='word_1_260' title='bbox 1127 2197 1337 2243; x_wconf 88' lang='lat' dir='ltr'>exercitus,</span> <span class='ocrx_word' id='word_1_261' title='bbox 1360 2198 1506 2250; x_wconf 91' lang='lat' dir='ltr'>quibus</span> <span class='ocrx_word' id='word_1_262' title='bbox 1529 2211 1634 2236; x_wconf 90' lang='lat' dir='ltr'>nunc</span> <span class='ocrx_word' id='word_1_263' title='bbox 1655 2197 1920 2246; x_wconf 87' lang='lat' dir='ltr'>defendimur,</span> 
     </span>
     <span class='ocr_line' id='line_1_32' title="bbox 535 2261 1920 2316; baseline 0.003 -17"><span class='ocrx_word' id='word_1_264' title='bbox 535 2270 622 2299; x_wconf 89' lang='lat' dir='ltr'>tum</span> <span class='ocrx_word' id='word_1_265' title='bbox 645 2274 735 2299; x_wconf 87' lang='lat' dir='ltr'>vero</span> <span class='ocrx_word' id='word_1_266' title='bbox 766 2261 804 2299; x_wconf 92' lang='lat' dir='ltr'>in</span> <span class='ocrx_word' id='word_1_267' title='bbox 827 2270 957 2300; x_wconf 80' lang='lat' dir='ltr'>tuum.</span> <span class='ocrx_word' id='word_1_268' title='bbox 1004 2261 1110 2300; x_wconf 78' lang='lat' dir='ltr'>Nam</span> <span class='ocrx_word' id='word_1_269' title='bbox 1132 2262 1280 2301; x_wconf 75' lang='lat' dir='ltr'>Cassius</span> <span class='ocrx_word' id='word_1_270' title='bbox 1303 2262 1428 2301; x_wconf 83' lang='lat' dir='ltr'>noster</span> <span class='ocrx_word' id='word_1_271' title='bbox 1449 2263 1602 2301; x_wconf 80' lang='lat' dir='ltr'>videtur</span> <span class='ocrx_word' id='word_1_272' title='bbox 1624 2264 1725 2316; x_wconf 80' lang='lat' dir='ltr'>poffe</span> <span class='ocrx_word' id='word_1_273' title='bbox 1747 2264 1834 2303; x_wconf 75' lang='lat' dir='ltr'>satis</span> <span class='ocrx_word' id='word_1_274' title='bbox 1855 2279 1920 2303; x_wconf 81' lang='lat' dir='ltr'>or-</span> 
     </span>
     <span class='ocr_line' id='line_1_33' title="bbox 537 2325 1924 2383; baseline 0.004 -20"><span class='ocrx_word' id='word_1_275' title='bbox 537 2335 649 2364; x_wconf 83' lang='lat' dir='ltr'>natus</span> <span class='ocrx_word' id='word_1_276' title='bbox 671 2326 816 2365; x_wconf 87' lang='lat' dir='ltr'>venire.</span> <span class='ocrx_word' id='word_1_277' title='bbox 864 2326 936 2365; x_wconf 91' lang='lat' dir='ltr'>Sed</span> <span class='ocrx_word' id='word_1_278' title='bbox 967 2336 1006 2365; x_wconf 84' lang='lat' dir='ltr'>et</span> <span class='ocrx_word' id='word_1_279' title='bbox 1037 2325 1120 2365; x_wconf 81' lang='lat' dir='ltr'>haec</span> <span class='ocrx_word' id='word_1_280' title='bbox 1152 2337 1190 2365; x_wconf 89' lang='lat' dir='ltr'>ct</span> <span class='ocrx_word' id='word_1_281' title='bbox 1223 2327 1348 2365; x_wconf 82' lang='lat' dir='ltr'>multa</span> <span class='ocrx_word' id='word_1_282' title='bbox 1379 2327 1453 2365; x_wconf 80' lang='lat' dir='ltr'>alia</span> <span class='ocrx_word' id='word_1_283' title='bbox 1479 2342 1609 2366; x_wconf 82' lang='lat' dir='ltr'>coram</span> <span class='ocrx_word' id='word_1_284' title='bbox 1639 2329 1772 2381; x_wconf 89' lang='lat' dir='ltr'>cupio,</span> <span class='ocrx_word' id='word_1_285' title='bbox 1804 2330 1924 2383; x_wconf 89' lang='lat' dir='ltr'>idque</span> 
     </span>
     <span class='ocr_line' id='line_1_34' title="bbox 535 2391 1920 2447; baseline 0.004 -19"><span class='ocrx_word' id='word_1_286' title='bbox 535 2404 656 2444; x_wconf 87' lang='lat' dir='ltr'>quam</span> <span class='ocrx_word' id='word_1_287' title='bbox 688 2392 877 2444; x_wconf 87' lang='lat' dir='ltr'>primum.</span> <span class='ocrx_word' id='word_1_288' title='bbox 925 2392 988 2431; x_wconf 91' lang='lat' dir='ltr'>De</span> <span class='ocrx_word' id='word_1_289' title='bbox 1019 2391 1158 2431; x_wconf 85' lang='lat' dir='ltr'>sororis</span> <span class='ocrx_word' id='word_1_290' title='bbox 1191 2402 1265 2431; x_wconf 78' lang='lat' dir='ltr'>tua:</span> <span class='ocrx_word' id='word_1_291' title='bbox 1298 2391 1390 2431; x_wconf 85' lang='lat' dir='ltr'>filiis</span> <span class='ocrx_word' id='word_1_292' title='bbox 1428 2407 1504 2432; x_wconf 91' lang='lat' dir='ltr'>non</span> <span class='ocrx_word' id='word_1_293' title='bbox 1540 2395 1754 2447; x_wconf 58' lang='lat' dir='ltr'>expedi-lvi,</span> <span class='ocrx_word' id='word_1_294' title='bbox 1787 2396 1920 2441; x_wconf 84' lang='lat' dir='ltr'>Brute,</span> 
     </span>
     <span class='ocr_line' id='line_1_35' title="bbox 533 2455 1921 2513; baseline 0.003 -18"><span class='ocrx_word' id='word_1_295' title='bbox 533 2457 634 2496; x_wconf 90' lang='lat' dir='ltr'>dum</span> <span class='ocrx_word' id='word_1_296' title='bbox 655 2455 853 2498; x_wconf 86' lang='lat' dir='ltr'>scriberes.</span> <span class='ocrx_word' id='word_1_297' title='bbox 901 2457 1081 2499; x_wconf 84' lang='lat' dir='ltr'>Omnino</span> <span class='ocrx_word' id='word_1_298' title='bbox 1102 2459 1186 2513; x_wconf 86' lang='lat' dir='ltr'>jam</span> <span class='ocrx_word' id='word_1_299' title='bbox 1217 2467 1392 2513; x_wconf 83' lang='lat' dir='ltr'>tempora</span> <span class='ocrx_word' id='word_1_300' title='bbox 1415 2460 1586 2513; x_wconf 86' lang='lat' dir='ltr'>(bellum</span> <span class='ocrx_word' id='word_1_301' title='bbox 1607 2461 1714 2500; x_wconf 88' lang='lat' dir='ltr'>enim</span> <span class='ocrx_word' id='word_1_302' title='bbox 1736 2459 1921 2512; x_wconf 84' lang='lat' dir='ltr'>ducetur)</span> 
     </span>
    </p>
   </div>
  </div>
 </body>
</html>
