<?xml version="1.0" encoding="UTF-8"?>
<!DOCTYPE html PUBLIC "-//W3C//DTD XHTML 1.0 Transitional//EN"
    "http://www.w3.org/TR/xhtml1/DTD/xhtml1-transitional.dtd">
<html xmlns="http://www.w3.org/1999/xhtml" xml:lang="en" lang="en">
 <head>
  <title>
</title>
<meta http-equiv="Content-Type" content="text/html;charset=utf-8" />
  <meta name='ocr-system' content='tesseract 3.04.00' />
  <meta name='ocr-capabilities' content='ocr_page ocr_carea ocr_par ocr_line ocrx_word'/>
</head>
<body>
  <div class='ocr_page' id='page_1' title='image "./operacumindicibu09ciceuoft_0065.png"; bbox 0 0 2335 3009; ppageno 0'>
   <div class='ocr_carea' id='block_1_1' title="bbox 604 216 1772 275">
    <p class='ocr_par' dir='ltr' id='par_1_1' title="bbox 604 216 1772 275">
     <span class='ocr_line' id='line_1_1' title="bbox 604 216 1772 275; baseline 0.004 -19"><span class='ocrx_word' id='word_1_1' title='bbox 604 217 697 256; x_wconf 94' lang='lat' dir='ltr'>AD</span> <span class='ocrx_word' id='word_1_2' title='bbox 757 217 825 268; x_wconf 86' lang='lat' dir='ltr'>Q</span> <span class='ocrx_word' id='word_1_3' title='bbox 874 216 1237 255; x_wconf 84' lang='lat' dir='ltr'>FRATREM</span> <span class='ocrx_word' id='word_1_4' title='bbox 1299 219 1431 258; x_wconf 86' lang='lat' dir='ltr'>LIB.</span> <span class='ocrx_word' id='word_1_5' title='bbox 1483 223 1559 260; x_wconf 87' lang='lat'>111.</span> <span class='ocrx_word' id='word_1_6' title='bbox 1723 236 1772 275; x_wconf 74' lang='lat'>57</span> 
     </span>
    </p>
   </div>
   <div class='ocr_carea' id='block_1_2' title="bbox 370 313 1770 1598">
    <p class='ocr_par' dir='ltr' id='par_1_2' title="bbox 370 313 1770 1598">
     <span class='ocr_line' id='line_1_2' title="bbox 379 313 1768 373; baseline 0.004 -19"><span class='ocrx_word' id='word_1_7' title='bbox 379 316 425 354; x_wconf 90' lang='lat' dir='ltr'>ad</span> <span class='ocrx_word' id='word_1_8' title='bbox 447 315 562 354; x_wconf 88' lang='lat' dir='ltr'>illum</span> <span class='ocrx_word' id='word_1_9' title='bbox 583 315 741 369; x_wconf 83' lang='lat' dir='ltr'>scribas,</span> <span class='ocrx_word' id='word_1_10' title='bbox 764 313 866 353; x_wconf 85' lang='lat' dir='ltr'>nihil</span> <span class='ocrx_word' id='word_1_11' title='bbox 888 324 924 353; x_wconf 91' lang='lat' dir='ltr'>te</span> <span class='ocrx_word' id='word_1_12' title='bbox 945 314 1136 354; x_wconf 77' lang='lat' dir='ltr'>recordari</span> <span class='ocrx_word' id='word_1_13' title='bbox 1158 314 1205 353; x_wconf 90' lang='lat' dir='ltr'>de</span> <span class='ocrx_word' id='word_1_14' title='bbox 1226 315 1276 361; x_wconf 89' lang='lat' dir='ltr'>se,</span> <span class='ocrx_word' id='word_1_15' title='bbox 1295 316 1341 354; x_wconf 90' lang='lat' dir='ltr'>de</span> <span class='ocrx_word' id='word_1_16' title='bbox 1361 318 1533 370; x_wconf 81' lang='lat' dir='ltr'>epistolis</span> <span class='ocrx_word' id='word_1_17' title='bbox 1557 320 1650 365; x_wconf 88' lang='lat' dir='ltr'>illis,</span> <span class='ocrx_word' id='word_1_18' title='bbox 1674 335 1768 373; x_wconf 76' lang='lat' dir='ltr'>quas</span> 
     </span>
     <span class='ocr_line' id='line_1_3' title="bbox 378 379 1767 438; baseline 0 -20"><span class='ocrx_word' id='word_1_19' title='bbox 378 381 420 418; x_wconf 92' lang='lat' dir='ltr'>in</span> <span class='ocrx_word' id='word_1_20' title='bbox 442 380 668 419; x_wconf 86' lang='lat' dir='ltr'>Tusculano</span> <span class='ocrx_word' id='word_1_21' title='bbox 698 381 781 432; x_wconf 90' lang='lat' dir='ltr'>ejus</span> <span class='ocrx_word' id='word_1_22' title='bbox 813 388 855 418; x_wconf 86' lang='lat' dir='ltr'>tu</span> <span class='ocrx_word' id='word_1_23' title='bbox 877 380 977 418; x_wconf 89' lang='lat' dir='ltr'>mihi</span> <span class='ocrx_word' id='word_1_24' title='bbox 1003 379 1216 424; x_wconf 85' lang='lat' dir='ltr'>ostendisti,</span> <span class='ocrx_word' id='word_1_25' title='bbox 1248 381 1350 419; x_wconf 85' lang='lat' dir='ltr'>nihil</span> <span class='ocrx_word' id='word_1_26' title='bbox 1373 383 1419 420; x_wconf 91' lang='lat' dir='ltr'>de</span> <span class='ocrx_word' id='word_1_27' title='bbox 1441 387 1644 437; x_wconf 80' lang='lat' dir='ltr'>praeceptis</span> <span class='ocrx_word' id='word_1_28' title='bbox 1668 387 1767 438; x_wconf 76' lang='lat' dir='ltr'>Epi-</span> 
     </span>
     <span class='ocr_line' id='line_1_4' title="bbox 377 441 1767 499; baseline 0.005 -15"><span class='ocrx_word' id='word_1_29' title='bbox 377 445 545 490; x_wconf 86' lang='lat' dir='ltr'>charmi,</span> <span class='ocrx_word' id='word_1_30' title='bbox 575 441 683 491; x_wconf 67' lang='grc' dir='ltr'><em>γνῶθι</em></span> <span class='ocrx_word' id='word_1_31' title='bbox 704 441 783 483; x_wconf 67' lang='grc' dir='ltr'>πῶς</span> <span class='ocrx_word' id='word_1_32' title='bbox 801 443 892 494; x_wconf 58' lang='grc' dir='ltr'>ἄλλῳ</span> <span class='ocrx_word' id='word_1_33' title='bbox 910 442 1067 498; x_wconf 64' lang='grc' dir='ltr'><em>κέχξητοιι</em></span> <span class='ocrx_word' id='word_1_34' title='bbox 1085 463 1096 489; x_wconf 82' lang='grc'>;</span> <span class='ocrx_word' id='word_1_35' title='bbox 1129 454 1260 483; x_wconf 88' lang='lat' dir='ltr'>totum</span> <span class='ocrx_word' id='word_1_36' title='bbox 1290 446 1460 499; x_wconf 88' lang='lat' dir='ltr'>denique</span> <span class='ocrx_word' id='word_1_37' title='bbox 1480 451 1650 495; x_wconf 85' lang='lat' dir='ltr'>vultum,</span> <span class='ocrx_word' id='word_1_38' title='bbox 1682 453 1767 490; x_wconf 81' lang='lat' dir='ltr'>ani-</span> 
     </span>
     <span class='ocr_line' id='line_1_5' title="bbox 377 510 1768 568; baseline 0.006 -19"><span class='ocrx_word' id='word_1_39' title='bbox 377 525 506 556; x_wconf 86' lang='lat' dir='ltr'>mum,</span> <span class='ocrx_word' id='word_1_40' title='bbox 539 511 757 548; x_wconf 86' lang='lat' dir='ltr'>sermonem</span> <span class='ocrx_word' id='word_1_41' title='bbox 791 510 901 561; x_wconf 86' lang='lat' dir='ltr'>ejus:</span> <span class='ocrx_word' id='word_1_42' title='bbox 935 510 1271 562; x_wconf 83' lang='lat' dir='ltr'>quemadmodum</span> <span class='ocrx_word' id='word_1_43' title='bbox 1306 514 1493 565; x_wconf 82' lang='lat' dir='ltr'>conjicio,</span> <span class='ocrx_word' id='word_1_44' title='bbox 1525 519 1644 568; x_wconf 80' lang='lat' dir='ltr'>quasi.</span> <span class='ocrx_word' id='word_1_45' title='bbox 1696 520 1768 556; x_wconf 87' lang='lat' dir='ltr'>Sed</span> 
     </span>
     <span class='ocr_line' id='line_1_6' title="bbox 377 574 1769 632; baseline 0.006 -18"><span class='ocrx_word' id='word_1_46' title='bbox 377 575 460 614; x_wconf 85' lang='lat' dir='ltr'>haec</span> <span class='ocrx_word' id='word_1_47' title='bbox 482 585 526 614; x_wconf 92' lang='lat' dir='ltr'>tu</span> <span class='ocrx_word' id='word_1_48' title='bbox 546 575 703 614; x_wconf 89' lang='lat' dir='ltr'>videris.</span> <span class='ocrx_word' id='word_1_49' title='bbox 751 575 813 613; x_wconf 87' lang='lat' dir='ltr'>De</span> <span class='ocrx_word' id='word_1_50' title='bbox 845 574 1083 621; x_wconf 86' lang='lat' dir='ltr'>suburbano,</span> <span class='ocrx_word' id='word_1_51' title='bbox 1115 589 1206 614; x_wconf 84' lang='lat' dir='ltr'>cura</span> <span class='ocrx_word' id='word_1_52' title='bbox 1227 586 1270 615; x_wconf 91' lang='lat' dir='ltr'>ut</span> <span class='ocrx_word' id='word_1_53' title='bbox 1291 577 1424 623; x_wconf 85' lang='lat' dir='ltr'>sciam,</span> <span class='ocrx_word' id='word_1_54' title='bbox 1457 581 1553 632; x_wconf 90' lang='lat' dir='ltr'>quid</span> <span class='ocrx_word' id='word_1_55' title='bbox 1574 582 1668 620; x_wconf 78' lang='lat' dir='ltr'>velis</span> <span class='ocrx_word' id='word_1_56' title='bbox 1689 599 1697 621; x_wconf 91' lang='lat'>:</span> <span class='ocrx_word' id='word_1_57' title='bbox 1730 594 1769 622; x_wconf 86' lang='lat' dir='ltr'>et</span> 
     </span>
     <span class='ocr_line' id='line_1_7' title="bbox 376 640 1766 697; baseline 0.005 -18"><span class='ocrx_word' id='word_1_58' title='bbox 376 642 507 687; x_wconf 89' lang='lat' dir='ltr'>fimul,</span> <span class='ocrx_word' id='word_1_59' title='bbox 531 655 577 679; x_wconf 90' lang='lat' dir='ltr'>ne</span> <span class='ocrx_word' id='word_1_60' title='bbox 598 641 696 694; x_wconf 90' lang='lat' dir='ltr'>quid</span> <span class='ocrx_word' id='word_1_61' title='bbox 716 640 784 678; x_wconf 90' lang='lat' dir='ltr'>ille</span> <span class='ocrx_word' id='word_1_62' title='bbox 805 641 951 684; x_wconf 86' lang='lat' dir='ltr'>turbet,</span> <span class='ocrx_word' id='word_1_63' title='bbox 974 640 1076 679; x_wconf 87' lang='lat' dir='ltr'>vide.</span> <span class='ocrx_word' id='word_1_64' title='bbox 1110 642 1220 692; x_wconf 85' lang='lat' dir='ltr'>Qid</span> <span class='ocrx_word' id='word_1_65' title='bbox 1240 652 1422 694; x_wconf 83' lang='lat' dir='ltr'>praeterea</span> <span class='ocrx_word' id='word_1_66' title='bbox 1441 645 1453 682; x_wconf 91' lang='lat'>?</span> <span class='ocrx_word' id='word_1_67' title='bbox 1477 646 1573 697; x_wconf 89' lang='lat' dir='ltr'>quid</span> <span class='ocrx_word' id='word_1_68' title='bbox 1593 648 1606 683; x_wconf 87' lang='lat'>?</span> <span class='ocrx_word' id='word_1_69' title='bbox 1632 648 1766 687; x_wconf 81' lang='lat' dir='ltr'>etiam.</span> 
     </span>
     <span class='ocr_line' id='line_1_8' title="bbox 376 705 1770 761; baseline 0.006 -18"><span class='ocrx_word' id='word_1_70' title='bbox 376 706 574 761; x_wconf 84' lang='lat' dir='ltr'>Gabinius</span> <span class='ocrx_word' id='word_1_71' title='bbox 605 719 639 745; x_wconf 88' lang='lat' dir='ltr'>a.</span> <span class='ocrx_word' id='word_1_72' title='bbox 671 707 710 744; x_wconf 93' lang='lat' dir='ltr'>d.</span> <span class='ocrx_word' id='word_1_73' title='bbox 746 719 790 744; x_wconf 75' lang='grc' dir='ltr'>ιν</span> <span class='ocrx_word' id='word_1_74' title='bbox 819 705 897 743; x_wconf 89' lang='lat' dir='ltr'>kal.</span> <span class='ocrx_word' id='word_1_75' title='bbox 924 705 1069 744; x_wconf 56' lang='lat' dir='ltr'>octob.</span> <span class='ocrx_word' id='word_1_76' title='bbox 1103 708 1220 744; x_wconf 71' lang='lat' dir='ltr'>noem</span> <span class='ocrx_word' id='word_1_77' title='bbox 1251 707 1291 745; x_wconf 90' lang='lat' dir='ltr'>in</span> <span class='ocrx_word' id='word_1_78' title='bbox 1322 709 1459 747; x_wconf 84' lang='lat' dir='ltr'>urbem</span> <span class='ocrx_word' id='word_1_79' title='bbox 1491 711 1697 757; x_wconf 81' lang='lat' dir='ltr'>int1·0ivit;</span> <span class='ocrx_word' id='word_1_80' title='bbox 1730 723 1770 751; x_wconf 92' lang='lat' dir='ltr'>et</span> 
     </span>
     <span class='ocr_line' id='line_1_9' title="bbox 375 770 1768 826; baseline 0.006 -18"><span class='ocrx_word' id='word_1_81' title='bbox 375 770 494 809; x_wconf 90' lang='lat' dir='ltr'>hodie</span> <span class='ocrx_word' id='word_1_82' title='bbox 523 771 619 809; x_wconf 89' lang='lat' dir='ltr'>hora</span> <span class='ocrx_word' id='word_1_83' title='bbox 649 784 754 816; x_wconf 81' lang='lat' dir='ltr'>VIII,</span> <span class='ocrx_word' id='word_1_84' title='bbox 786 783 878 808; x_wconf 89' lang='lat' dir='ltr'>cum</span> <span class='ocrx_word' id='word_1_85' title='bbox 908 770 1035 808; x_wconf 63' lang='lat' dir='ltr'>edicto</span> <span class='ocrx_word' id='word_1_86' title='bbox 1058 772 1107 809; x_wconf 91' lang='lat' dir='ltr'>C.</span> <span class='ocrx_word' id='word_1_87' title='bbox 1131 771 1228 809; x_wconf 87' lang='lat' dir='ltr'>Alfii</span> <span class='ocrx_word' id='word_1_88' title='bbox 1251 773 1298 810; x_wconf 88' lang='lat' dir='ltr'>de</span> <span class='ocrx_word' id='word_1_89' title='bbox 1320 775 1514 826; x_wconf 84' lang='lat' dir='ltr'>majestate</span> <span class='ocrx_word' id='word_1_90' title='bbox 1534 789 1626 814; x_wconf 88' lang='lat' dir='ltr'>eum</span> <span class='ocrx_word' id='word_1_91' title='bbox 1647 777 1768 816; x_wconf 77' lang='lat' dir='ltr'>adesse</span> 
     </span>
     <span class='ocr_line' id='line_1_10' title="bbox 375 836 1767 893; baseline 0.005 -18"><span class='ocrx_word' id='word_1_92' title='bbox 375 846 588 889; x_wconf 88' lang='lat' dir='ltr'>oporteret,</span> <span class='ocrx_word' id='word_1_93' title='bbox 619 836 811 875; x_wconf 87' lang='lat' dir='ltr'>concursu</span> <span class='ocrx_word' id='word_1_94' title='bbox 832 850 976 888; x_wconf 84' lang='lat' dir='ltr'>magno</span> <span class='ocrx_word' id='word_1_95' title='bbox 997 846 1036 874; x_wconf 88' lang='lat' dir='ltr'>et</span> <span class='ocrx_word' id='word_1_96' title='bbox 1056 837 1147 875; x_wconf 91' lang='lat' dir='ltr'>odio</span> <span class='ocrx_word' id='word_1_97' title='bbox 1170 839 1333 877; x_wconf 77' lang='lat' dir='ltr'>universi</span> <span class='ocrx_word' id='word_1_98' title='bbox 1356 841 1493 892; x_wconf 89' lang='lat' dir='ltr'>populi</span> <span class='ocrx_word' id='word_1_99' title='bbox 1515 855 1615 893; x_wconf 91' lang='lat' dir='ltr'>pene</span> <span class='ocrx_word' id='word_1_100' title='bbox 1641 842 1767 882; x_wconf 84' lang='lat' dir='ltr'>afflic-</span> 
     </span>
     <span class='ocr_line' id='line_1_11' title="bbox 376 902 1770 962; baseline 0.006 -22"><span class='ocrx_word' id='word_1_101' title='bbox 376 913 438 940; x_wconf 89' lang='lat' dir='ltr'>tus</span> <span class='ocrx_word' id='word_1_102' title='bbox 460 902 527 941; x_wconf 89' lang='lat' dir='ltr'>est.</span> <span class='ocrx_word' id='word_1_103' title='bbox 575 902 693 941; x_wconf 85' lang='lat' dir='ltr'>Nihil</span> <span class='ocrx_word' id='word_1_104' title='bbox 714 903 785 940; x_wconf 89' lang='lat' dir='ltr'>illo</span> <span class='ocrx_word' id='word_1_105' title='bbox 808 903 976 955; x_wconf 88' lang='lat' dir='ltr'>turpius.</span> <span class='ocrx_word' id='word_1_106' title='bbox 1024 902 1234 941; x_wconf 82' lang='lat' dir='ltr'>Proximus</span> <span class='ocrx_word' id='word_1_107' title='bbox 1258 913 1388 942; x_wconf 87' lang='lat' dir='ltr'>tamen</span> <span class='ocrx_word' id='word_1_108' title='bbox 1409 906 1462 943; x_wconf 89' lang='lat' dir='ltr'>est</span> <span class='ocrx_word' id='word_1_109' title='bbox 1484 907 1587 946; x_wconf 90' lang='lat' dir='ltr'>Piso.</span> <span class='ocrx_word' id='word_1_110' title='bbox 1632 909 1770 962; x_wconf 83' lang='lat' dir='ltr'>Itaque</span> 
     </span>
     <span class='ocr_line' id='line_1_12' title="bbox 375 964 1766 1019; baseline 0.004 -14"><span class='ocrx_word' id='word_1_111' title='bbox 375 967 591 1006; x_wconf 88' lang='lat' dir='ltr'>mirificum</span> <span class='ocrx_word' id='word_1_112' title='bbox 622 964 772 1015; x_wconf 66' lang='grc' dir='ltr'>ὲμξόλισν</span> <span class='ocrx_word' id='word_1_113' title='bbox 801 967 935 1019; x_wconf 89' lang='lat' dir='ltr'>cogito</span> <span class='ocrx_word' id='word_1_114' title='bbox 965 967 1005 1004; x_wconf 88' lang='lat' dir='ltr'>in</span> <span class='ocrx_word' id='word_1_115' title='bbox 1037 967 1253 1006; x_wconf 91' lang='lat' dir='ltr'>secundum</span> <span class='ocrx_word' id='word_1_116' title='bbox 1286 969 1480 1009; x_wconf 88' lang='lat' dir='ltr'>librorum</span> <span class='ocrx_word' id='word_1_117' title='bbox 1501 985 1681 1011; x_wconf 90' lang='lat' dir='ltr'>meorum</span> <span class='ocrx_word' id='word_1_118' title='bbox 1703 974 1766 1011; x_wconf 81' lang='lat' dir='ltr'>in-</span> 
     </span>
     <span class='ocr_line' id='line_1_13' title="bbox 375 1032 1767 1089; baseline 0.005 -19"><span class='ocrx_word' id='word_1_119' title='bbox 375 1032 546 1077; x_wconf 84' lang='lat' dir='ltr'>cludere,</span> <span class='ocrx_word' id='word_1_120' title='bbox 578 1033 774 1070; x_wconf 85' lang='lat' dir='ltr'>dicentem</span> <span class='ocrx_word' id='word_1_121' title='bbox 797 1032 1029 1084; x_wconf 85' lang='lat' dir='ltr'>Apollinem</span> <span class='ocrx_word' id='word_1_122' title='bbox 1050 1033 1091 1070; x_wconf 91' lang='lat' dir='ltr'>in</span> <span class='ocrx_word' id='word_1_123' title='bbox 1113 1033 1285 1072; x_wconf 92' lang='lat' dir='ltr'>concilio</span> <span class='ocrx_word' id='word_1_124' title='bbox 1306 1034 1484 1081; x_wconf 84' lang='lat' dir='ltr'>deorum,</span> <span class='ocrx_word' id='word_1_125' title='bbox 1514 1037 1640 1089; x_wconf 81' lang='lat' dir='ltr'>qualis</span> <span class='ocrx_word' id='word_1_126' title='bbox 1662 1038 1767 1076; x_wconf 90' lang='lat' dir='ltr'>redi-</span> 
     </span>
     <span class='ocr_line' id='line_1_14' title="bbox 376 1096 1766 1151; baseline 0.004 -16"><span class='ocrx_word' id='word_1_127' title='bbox 376 1107 439 1135; x_wconf 88' lang='lat' dir='ltr'>tus</span> <span class='ocrx_word' id='word_1_128' title='bbox 461 1097 629 1135; x_wconf 89' lang='lat' dir='ltr'>duorum</span> <span class='ocrx_word' id='word_1_129' title='bbox 651 1097 933 1148; x_wconf 84' lang='lat' dir='ltr'>imperatorum</span> <span class='ocrx_word' id='word_1_130' title='bbox 954 1096 1113 1135; x_wconf 87' lang='lat' dir='ltr'>futurus</span> <span class='ocrx_word' id='word_1_131' title='bbox 1135 1098 1224 1136; x_wconf 81' lang='lat' dir='ltr'>effet</span> <span class='ocrx_word' id='word_1_132' title='bbox 1243 1117 1253 1143; x_wconf 72' lang='grc' dir='ltr'><strong><em>ς</em></strong></span> <span class='ocrx_word' id='word_1_133' title='bbox 1287 1113 1456 1151; x_wconf 89' lang='lat' dir='ltr'>quorum</span> <span class='ocrx_word' id='word_1_134' title='bbox 1487 1102 1584 1140; x_wconf 83' lang='lat' dir='ltr'>alter</span> <span class='ocrx_word' id='word_1_135' title='bbox 1615 1104 1766 1141; x_wconf 78' lang='lat' dir='ltr'>exerci-</span> 
     </span>
     <span class='ocr_line' id='line_1_15' title="bbox 375 1162 1769 1215; baseline 0.004 -14"><span class='ocrx_word' id='word_1_136' title='bbox 375 1173 462 1201; x_wconf 82' lang='lat' dir='ltr'>tum</span> <span class='ocrx_word' id='word_1_137' title='bbox 495 1162 731 1215; x_wconf 69' lang='lat' dir='ltr'>perdidisset,</span> <span class='ocrx_word' id='word_1_138' title='bbox 764 1162 860 1200; x_wconf 88' lang='lat' dir='ltr'>alter</span> <span class='ocrx_word' id='word_1_139' title='bbox 891 1162 1134 1201; x_wconf 73' lang='lat' dir='ltr'>vendidisset.</span> <span class='ocrx_word' id='word_1_140' title='bbox 1181 1165 1244 1201; x_wconf 83' lang='lat' dir='ltr'>Ex</span> <span class='ocrx_word' id='word_1_141' title='bbox 1270 1165 1471 1203; x_wconf 84' lang='lat' dir='ltr'>Britannia</span> <span class='ocrx_word' id='word_1_142' title='bbox 1493 1167 1618 1205; x_wconf 84' lang='lat' dir='ltr'>Caesar</span> <span class='ocrx_word' id='word_1_143' title='bbox 1637 1169 1684 1206; x_wconf 84' lang='lat' dir='ltr'>ad</span> <span class='ocrx_word' id='word_1_144' title='bbox 1704 1183 1769 1207; x_wconf 89' lang='lat' dir='ltr'>me</span> 
     </span>
     <span class='ocr_line' id='line_1_16' title="bbox 376 1226 1764 1280; baseline 0.005 -15"><span class='ocrx_word' id='word_1_145' title='bbox 376 1228 456 1266; x_wconf 85' lang='lat' dir='ltr'>kal.</span> <span class='ocrx_word' id='word_1_146' title='bbox 480 1230 586 1280; x_wconf 81' lang='lat' dir='ltr'>Sept.</span> <span class='ocrx_word' id='word_1_147' title='bbox 610 1226 717 1264; x_wconf 91' lang='lat' dir='ltr'>dedit</span> <span class='ocrx_word' id='word_1_148' title='bbox 750 1227 908 1271; x_wconf 78' lang='lat' dir='ltr'>literas;</span> <span class='ocrx_word' id='word_1_149' title='bbox 941 1241 1035 1278; x_wconf 86' lang='lat' dir='ltr'>quas</span> <span class='ocrx_word' id='word_1_150' title='bbox 1057 1241 1130 1279; x_wconf 86' lang='lat' dir='ltr'>ego</span> <span class='ocrx_word' id='word_1_151' title='bbox 1150 1229 1283 1280; x_wconf 84' lang='lat' dir='ltr'>accepi</span> <span class='ocrx_word' id='word_1_152' title='bbox 1304 1243 1338 1268; x_wconf 85' lang='lat' dir='ltr'>a.</span> <span class='ocrx_word' id='word_1_153' title='bbox 1361 1230 1400 1268; x_wconf 90' lang='lat' dir='ltr'>d.</span> <span class='ocrx_word' id='word_1_154' title='bbox 1427 1244 1470 1268; x_wconf 81' lang='grc' dir='ltr'>ιν</span> <span class='ocrx_word' id='word_1_155' title='bbox 1493 1231 1573 1270; x_wconf 80' lang='lat' dir='ltr'>kal.</span> <span class='ocrx_word' id='word_1_156' title='bbox 1599 1234 1764 1272; x_wconf 70' lang='lat' dir='ltr'>OCtobr.</span> 
     </span>
     <span class='ocr_line' id='line_1_17' title="bbox 375 1291 1768 1350; baseline 0.004 -19"><span class='ocrx_word' id='word_1_157' title='bbox 375 1294 463 1332; x_wconf 89' lang='lat' dir='ltr'>satis</span> <span class='ocrx_word' id='word_1_158' title='bbox 485 1292 712 1331; x_wconf 82' lang='lat' dir='ltr'>commodas</span> <span class='ocrx_word' id='word_1_159' title='bbox 733 1291 780 1328; x_wconf 91' lang='lat' dir='ltr'>de</span> <span class='ocrx_word' id='word_1_160' title='bbox 801 1292 1038 1329; x_wconf 88' lang='lat' dir='ltr'>Britannicis</span> <span class='ocrx_word' id='word_1_161' title='bbox 1060 1293 1195 1330; x_wconf 87' lang='lat' dir='ltr'>rebus:</span> <span class='ocrx_word' id='word_1_162' title='bbox 1219 1294 1380 1345; x_wconf 87' lang='lat' dir='ltr'>quibus,</span> <span class='ocrx_word' id='word_1_163' title='bbox 1403 1309 1452 1333; x_wconf 90' lang='lat' dir='ltr'>ne</span> <span class='ocrx_word' id='word_1_164' title='bbox 1472 1297 1640 1335; x_wconf 87' lang='lat' dir='ltr'>admirer</span> <span class='ocrx_word' id='word_1_165' title='bbox 1660 1300 1768 1350; x_wconf 91' lang='lat' dir='ltr'>quod</span> 
     </span>
     <span class='ocr_line' id='line_1_18' title="bbox 374 1356 1768 1408; baseline 0.004 -12"><span class='ocrx_word' id='word_1_166' title='bbox 374 1371 395 1396; x_wconf 90' lang='lat' dir='ltr'>a</span> <span class='ocrx_word' id='word_1_167' title='bbox 426 1367 463 1396; x_wconf 92' lang='lat' dir='ltr'>te</span> <span class='ocrx_word' id='word_1_168' title='bbox 495 1357 621 1396; x_wconf 87' lang='lat' dir='ltr'>nullas</span> <span class='ocrx_word' id='word_1_169' title='bbox 654 1356 888 1408; x_wconf 88' lang='lat' dir='ltr'>acceperim,</span> <span class='ocrx_word' id='word_1_170' title='bbox 920 1356 1056 1394; x_wconf 88' lang='lat' dir='ltr'>scribit</span> <span class='ocrx_word' id='word_1_171' title='bbox 1087 1356 1124 1394; x_wconf 89' lang='lat' dir='ltr'>se</span> <span class='ocrx_word' id='word_1_172' title='bbox 1156 1357 1233 1396; x_wconf 90' lang='lat' dir='ltr'>fine</span> <span class='ocrx_word' id='word_1_173' title='bbox 1264 1367 1302 1396; x_wconf 89' lang='lat' dir='ltr'>te</span> <span class='ocrx_word' id='word_1_174' title='bbox 1322 1359 1450 1405; x_wconf 79' lang='lat' dir='ltr'>fuisse,</span> <span class='ocrx_word' id='word_1_175' title='bbox 1481 1374 1574 1399; x_wconf 89' lang='lat' dir='ltr'>cum</span> <span class='ocrx_word' id='word_1_176' title='bbox 1595 1362 1641 1399; x_wconf 84' lang='lat' dir='ltr'>ad</span> <span class='ocrx_word' id='word_1_177' title='bbox 1663 1377 1768 1402; x_wconf 84' lang='lat' dir='ltr'>mare</span> 
     </span>
     <span class='ocr_line' id='line_1_19' title="bbox 372 1420 1767 1478; baseline 0.003 -17"><span class='ocrx_word' id='word_1_178' title='bbox 372 1422 582 1461; x_wconf 86' lang='lat' dir='ltr'>accefferit.</span> <span class='ocrx_word' id='word_1_179' title='bbox 629 1420 694 1458; x_wconf 91' lang='lat' dir='ltr'>Ad</span> <span class='ocrx_word' id='word_1_180' title='bbox 723 1434 784 1458; x_wconf 85' lang='lat' dir='ltr'>eas</span> <span class='ocrx_word' id='word_1_181' title='bbox 814 1434 888 1473; x_wconf 89' lang='lat' dir='ltr'>ego</span> <span class='ocrx_word' id='word_1_182' title='bbox 917 1421 953 1459; x_wconf 88' lang='lat' dir='ltr'>ei</span> <span class='ocrx_word' id='word_1_183' title='bbox 980 1421 1110 1460; x_wconf 83' lang='lat' dir='ltr'>literas</span> <span class='ocrx_word' id='word_1_184' title='bbox 1132 1421 1234 1460; x_wconf 91' lang='lat' dir='ltr'>nihil</span> <span class='ocrx_word' id='word_1_185' title='bbox 1256 1423 1442 1476; x_wconf 81' lang='lat' dir='ltr'>rescripsi,</span> <span class='ocrx_word' id='word_1_186' title='bbox 1475 1439 1523 1463; x_wconf 90' lang='lat' dir='ltr'>ne</span> <span class='ocrx_word' id='word_1_187' title='bbox 1542 1427 1767 1478; x_wconf 79' lang='lat' dir='ltr'>gratulandi</span> 
     </span>
     <span class='ocr_line' id='line_1_20' title="bbox 372 1486 1764 1544; baseline 0.004 -18"><span class='ocrx_word' id='word_1_188' title='bbox 372 1487 535 1541; x_wconf 89' lang='lat' dir='ltr'>quidem</span> <span class='ocrx_word' id='word_1_189' title='bbox 555 1486 680 1530; x_wconf 84' lang='lat' dir='ltr'>causa,</span> <span class='ocrx_word' id='word_1_190' title='bbox 699 1495 859 1538; x_wconf 87' lang='lat' dir='ltr'>propter</span> <span class='ocrx_word' id='word_1_191' title='bbox 879 1487 961 1540; x_wconf 89' lang='lat' dir='ltr'>ejus</span> <span class='ocrx_word' id='word_1_192' title='bbox 983 1487 1151 1526; x_wconf 68' lang='lat' dir='ltr'>luC&#39;mm.</span> <span class='ocrx_word' id='word_1_193' title='bbox 1184 1489 1246 1526; x_wconf 88' lang='lat' dir='ltr'>Te</span> <span class='ocrx_word' id='word_1_194' title='bbox 1266 1501 1334 1528; x_wconf 90' lang='lat' dir='ltr'>oro</span> <span class='ocrx_word' id='word_1_195' title='bbox 1354 1490 1473 1528; x_wconf 84' lang='lat' dir='ltr'>etiam</span> <span class='ocrx_word' id='word_1_196' title='bbox 1493 1500 1610 1544; x_wconf 85' lang='lat' dir='ltr'>atque</span> <span class='ocrx_word' id='word_1_197' title='bbox 1630 1492 1764 1538; x_wconf 85' lang='lat' dir='ltr'>etiam,</span> 
     </span>
     <span class='ocr_line' id='line_1_21' title="bbox 370 1551 816 1598; baseline -0.002 -7"><span class='ocrx_word' id='word_1_198' title='bbox 370 1553 429 1591; x_wconf 87' lang='lat' dir='ltr'>mi</span> <span class='ocrx_word' id='word_1_199' title='bbox 448 1551 581 1598; x_wconf 88' lang='lat' dir='ltr'>frater,</span> <span class='ocrx_word' id='word_1_200' title='bbox 613 1561 657 1591; x_wconf 92' lang='lat' dir='ltr'>ut</span> <span class='ocrx_word' id='word_1_201' title='bbox 677 1551 816 1590; x_wconf 74' lang='lat' dir='ltr'>valeas,</span> 
     </span>
    </p>
   </div>
   <div class='ocr_carea' id='block_1_3' title="bbox 685 1756 1449 1809">
    <p class='ocr_par' dir='ltr' id='par_1_3' title="bbox 685 1756 1449 1809">
     <span class='ocr_line' id='line_1_22' title="bbox 685 1756 1449 1809; baseline 0 -13"><span class='ocrx_word' id='word_1_202' title='bbox 685 1756 954 1796; x_wconf 85' lang='lat' dir='ltr'>MARCUS</span> <span class='ocrx_word' id='word_1_203' title='bbox 1003 1758 1068 1809; x_wconf 77' lang='lat' dir='ltr'>Q</span> <span class='ocrx_word' id='word_1_204' title='bbox 1104 1757 1358 1796; x_wconf 75' lang='lat' dir='ltr'>FRATR1</span> <span class='ocrx_word' id='word_1_205' title='bbox 1411 1760 1449 1797; x_wconf 79' lang='lat' dir='ltr'>S.</span> 
     </span>
    </p>
   </div>
   <div class='ocr_carea' id='block_1_4' title="bbox 370 1882 1768 2583">
    <p class='ocr_par' dir='ltr' id='par_1_4' title="bbox 373 1882 1766 1957">
     <span class='ocr_line' id='line_1_23' title="bbox 373 1882 1766 1957; baseline 0.004 -34"><span class='ocrx_word' id='word_1_206' title='bbox 373 1885 427 1923; x_wconf 92' lang='grc' dir='ltr'>ΙΙ.</span> <span class='ocrx_word' id='word_1_207' title='bbox 453 1882 630 1957; x_wconf 80' lang='lat' dir='ltr'>ANT</span> <span class='ocrx_word' id='word_1_208' title='bbox 645 1886 678 1924; x_wconf 91' lang='lat' dir='ltr'>E</span> <span class='ocrx_word' id='word_1_209' title='bbox 710 1886 817 1925; x_wconf 87' lang='lat' dir='ltr'>diem</span> <span class='ocrx_word' id='word_1_210' title='bbox 838 1900 882 1925; x_wconf 92' lang='lat' dir='ltr'>v1</span> <span class='ocrx_word' id='word_1_211' title='bbox 907 1886 967 1926; x_wconf 89' lang='lat' dir='ltr'>Id.</span> <span class='ocrx_word' id='word_1_212' title='bbox 993 1887 1138 1925; x_wconf 54' lang='lat' dir='ltr'>octob.</span> <span class='ocrx_word' id='word_1_213' title='bbox 1163 1885 1312 1924; x_wconf 89' lang='lat' dir='ltr'>Salvius</span> <span class='ocrx_word' id='word_1_214' title='bbox 1335 1885 1487 1924; x_wconf 88' lang='lat' dir='ltr'>Ostiam</span> <span class='ocrx_word' id='word_1_215' title='bbox 1508 1886 1654 1940; x_wconf 85' lang='lat' dir='ltr'>vesperi</span> <span class='ocrx_word' id='word_1_216' title='bbox 1676 1891 1766 1929; x_wconf 86' lang='lat' dir='ltr'>navi</span> 
     </span>
    </p>

    <p class='ocr_par' dir='ltr' id='par_1_5' title="bbox 370 1951 1768 2530">
     <span class='ocr_line' id='line_1_24' title="bbox 563 1951 1766 2004; baseline 0.003 -15"><span class='ocrx_word' id='word_1_217' title='bbox 563 1951 761 2004; x_wconf 59' lang='lat' dir='ltr'>prescitus</span> <span class='ocrx_word' id='word_1_218' title='bbox 793 1962 874 1991; x_wconf 88' lang='lat' dir='ltr'>erat</span> <span class='ocrx_word' id='word_1_219' title='bbox 905 1966 998 1991; x_wconf 89' lang='lat' dir='ltr'>cum</span> <span class='ocrx_word' id='word_1_220' title='bbox 1030 1952 1077 1990; x_wconf 89' lang='lat' dir='ltr'>iis</span> <span class='ocrx_word' id='word_1_221' title='bbox 1110 1952 1240 1997; x_wconf 88' lang='lat' dir='ltr'>rebus,</span> <span class='ocrx_word' id='word_1_222' title='bbox 1273 1964 1368 2004; x_wconf 89' lang='lat' dir='ltr'>quas</span> <span class='ocrx_word' id='word_1_223' title='bbox 1401 1952 1476 1990; x_wconf 89' lang='lat' dir='ltr'>tibi</span> <span class='ocrx_word' id='word_1_224' title='bbox 1508 1952 1629 1991; x_wconf 89' lang='lat' dir='ltr'>domo</span> <span class='ocrx_word' id='word_1_225' title='bbox 1655 1955 1766 1993; x_wconf 89' lang='lat' dir='ltr'>mitti</span> 
     </span>
     <span class='ocr_line' id='line_1_25' title="bbox 372 2017 1766 2070; baseline 0.002 -15"><span class='ocrx_word' id='word_1_226' title='bbox 372 2017 563 2057; x_wconf 86' lang='lat' dir='ltr'>volueras.</span> <span class='ocrx_word' id='word_1_227' title='bbox 610 2018 764 2056; x_wconf 89' lang='lat' dir='ltr'>Eodem</span> <span class='ocrx_word' id='word_1_228' title='bbox 785 2018 848 2056; x_wconf 88' lang='lat' dir='ltr'>die</span> <span class='ocrx_word' id='word_1_229' title='bbox 870 2017 1091 2056; x_wconf 88' lang='lat' dir='ltr'>Gabinium</span> <span class='ocrx_word' id='word_1_230' title='bbox 1112 2017 1160 2056; x_wconf 83' lang='lat' dir='ltr'>ad</span> <span class='ocrx_word' id='word_1_231' title='bbox 1180 2017 1376 2070; x_wconf 89' lang='lat' dir='ltr'>populum</span> <span class='ocrx_word' id='word_1_232' title='bbox 1397 2017 1600 2057; x_wconf 86' lang='lat' dir='ltr'>luculente</span> <span class='ocrx_word' id='word_1_233' title='bbox 1620 2019 1766 2058; x_wconf 87' lang='lat' dir='ltr'>calefe-</span> 
     </span>
     <span class='ocr_line' id='line_1_26' title="bbox 373 2082 1765 2136; baseline 0.002 -15"><span class='ocrx_word' id='word_1_234' title='bbox 373 2094 476 2123; x_wconf 83' lang='lat' dir='ltr'>cerat</span> <span class='ocrx_word' id='word_1_235' title='bbox 507 2084 745 2129; x_wconf 85' lang='lat' dir='ltr'>Memmius,</span> <span class='ocrx_word' id='word_1_236' title='bbox 777 2084 828 2122; x_wconf 88' lang='lat' dir='ltr'>fic</span> <span class='ocrx_word' id='word_1_237' title='bbox 863 2094 904 2122; x_wconf 88' lang='lat' dir='ltr'>ut</span> <span class='ocrx_word' id='word_1_238' title='bbox 938 2083 1094 2121; x_wconf 83' lang='lat' dir='ltr'>Calidio</span> <span class='ocrx_word' id='word_1_239' title='bbox 1122 2085 1286 2122; x_wconf 88' lang='lat' dir='ltr'>verbum</span> <span class='ocrx_word' id='word_1_240' title='bbox 1308 2082 1434 2121; x_wconf 89' lang='lat' dir='ltr'>facere</span> <span class='ocrx_word' id='word_1_241' title='bbox 1453 2097 1526 2136; x_wconf 91' lang='lat' dir='ltr'>pro</span> <span class='ocrx_word' id='word_1_242' title='bbox 1545 2098 1591 2123; x_wconf 90' lang='lat' dir='ltr'>eo</span> <span class='ocrx_word' id='word_1_243' title='bbox 1611 2099 1691 2124; x_wconf 91' lang='lat' dir='ltr'>non</span> <span class='ocrx_word' id='word_1_244' title='bbox 1712 2087 1765 2124; x_wconf 90' lang='lat' dir='ltr'>li-</span> 
     </span>
     <span class='ocr_line' id='line_1_27' title="bbox 373 2148 1766 2200; baseline 0.003 -14"><span class='ocrx_word' id='word_1_245' title='bbox 373 2150 512 2189; x_wconf 88' lang='lat' dir='ltr'>cuerit.</span> <span class='ocrx_word' id='word_1_246' title='bbox 559 2149 748 2188; x_wconf 84' lang='lat' dir='ltr'>Postridie</span> <span class='ocrx_word' id='word_1_247' title='bbox 768 2158 899 2187; x_wconf 90' lang='lat' dir='ltr'>autem</span> <span class='ocrx_word' id='word_1_248' title='bbox 921 2149 1003 2200; x_wconf 82' lang='lat' dir='ltr'>ejus</span> <span class='ocrx_word' id='word_1_249' title='bbox 1025 2149 1117 2193; x_wconf 90' lang='lat' dir='ltr'>diei,</span> <span class='ocrx_word' id='word_1_250' title='bbox 1150 2149 1319 2200; x_wconf 87' lang='lat' dir='ltr'>quierat</span> <span class='ocrx_word' id='word_1_251' title='bbox 1348 2158 1434 2186; x_wconf 92' lang='lat' dir='ltr'>tum</span> <span class='ocrx_word' id='word_1_252' title='bbox 1466 2148 1640 2195; x_wconf 87' lang='lat' dir='ltr'>futurus,</span> <span class='ocrx_word' id='word_1_253' title='bbox 1672 2164 1766 2190; x_wconf 88' lang='lat' dir='ltr'>cum</span> 
     </span>
     <span class='ocr_line' id='line_1_28' title="bbox 372 2214 1768 2267; baseline 0.002 -15"><span class='ocrx_word' id='word_1_254' title='bbox 372 2214 456 2253; x_wconf 83' lang='lat' dir='ltr'>haec</span> <span class='ocrx_word' id='word_1_255' title='bbox 486 2215 702 2254; x_wconf 89' lang='lat' dir='ltr'>scribebam</span> <span class='ocrx_word' id='word_1_256' title='bbox 733 2224 821 2254; x_wconf 89' lang='lat' dir='ltr'>ante</span> <span class='ocrx_word' id='word_1_257' title='bbox 851 2215 998 2260; x_wconf 88' lang='lat' dir='ltr'>lucem,</span> <span class='ocrx_word' id='word_1_258' title='bbox 1031 2214 1134 2267; x_wconf 88' lang='lat' dir='ltr'>apud</span> <span class='ocrx_word' id='word_1_259' title='bbox 1166 2216 1360 2253; x_wconf 86' lang='lat' dir='ltr'>Catonem</span> <span class='ocrx_word' id='word_1_260' title='bbox 1393 2224 1474 2253; x_wconf 88' lang='lat' dir='ltr'>erat</span> <span class='ocrx_word' id='word_1_261' title='bbox 1503 2215 1694 2253; x_wconf 87' lang='lat' dir='ltr'>divinatio</span> <span class='ocrx_word' id='word_1_262' title='bbox 1724 2217 1768 2255; x_wconf 88' lang='lat' dir='ltr'>in</span> 
     </span>
     <span class='ocr_line' id='line_1_29' title="bbox 375 2280 1768 2326; baseline 0.001 -7"><span class='ocrx_word' id='word_1_263' title='bbox 375 2281 594 2319; x_wconf 89' lang='lat' dir='ltr'>Gabinium</span> <span class='ocrx_word' id='word_1_264' title='bbox 615 2280 748 2319; x_wconf 89' lang='lat' dir='ltr'>futura</span> <span class='ocrx_word' id='word_1_265' title='bbox 767 2283 870 2319; x_wconf 88' lang='lat' dir='ltr'>inter</span> <span class='ocrx_word' id='word_1_266' title='bbox 890 2281 1153 2326; x_wconf 89' lang='lat' dir='ltr'>Memmium,</span> <span class='ocrx_word' id='word_1_267' title='bbox 1184 2289 1223 2319; x_wconf 88' lang='lat' dir='ltr'>et</span> <span class='ocrx_word' id='word_1_268' title='bbox 1244 2281 1313 2319; x_wconf 91' lang='lat' dir='ltr'>Ti.</span> <span class='ocrx_word' id='word_1_269' title='bbox 1347 2281 1565 2325; x_wconf 88' lang='lat' dir='ltr'>Neronem,</span> <span class='ocrx_word' id='word_1_270' title='bbox 1594 2289 1633 2318; x_wconf 90' lang='lat' dir='ltr'>et</span> <span class='ocrx_word' id='word_1_271' title='bbox 1655 2281 1704 2319; x_wconf 90' lang='lat' dir='ltr'>C.</span> <span class='ocrx_word' id='word_1_272' title='bbox 1728 2290 1768 2320; x_wconf 92' lang='lat' dir='ltr'>et</span> 
     </span>
     <span class='ocr_line' id='line_1_30' title="bbox 374 2345 1765 2399; baseline 0 -14"><span class='ocrx_word' id='word_1_273' title='bbox 374 2348 422 2385; x_wconf 77' lang='lat' dir='ltr'>L.</span> <span class='ocrx_word' id='word_1_274' title='bbox 446 2347 659 2391; x_wconf 90' lang='lat' dir='ltr'>Antonios,</span> <span class='ocrx_word' id='word_1_275' title='bbox 689 2347 753 2386; x_wconf 93' lang='lat' dir='ltr'>M.</span> <span class='ocrx_word' id='word_1_276' title='bbox 777 2347 904 2385; x_wconf 87' lang='lat' dir='ltr'>filios:</span> <span class='ocrx_word' id='word_1_277' title='bbox 929 2347 1163 2399; x_wconf 85' lang='lat' dir='ltr'>putabamus</span> <span class='ocrx_word' id='word_1_278' title='bbox 1185 2345 1284 2390; x_wconf 88' lang='lat' dir='ltr'>fore,</span> <span class='ocrx_word' id='word_1_279' title='bbox 1309 2354 1352 2383; x_wconf 90' lang='lat' dir='ltr'>ut</span> <span class='ocrx_word' id='word_1_280' title='bbox 1374 2346 1574 2384; x_wconf 88' lang='lat' dir='ltr'>Memmio</span> <span class='ocrx_word' id='word_1_281' title='bbox 1595 2345 1765 2393; x_wconf 87' lang='lat' dir='ltr'>daretur,</span> 
     </span>
     <span class='ocr_line' id='line_1_31' title="bbox 370 2411 1764 2464; baseline -0.001 -13"><span class='ocrx_word' id='word_1_282' title='bbox 370 2412 438 2451; x_wconf 81' lang='lat' dir='ltr'>etsi</span> <span class='ocrx_word' id='word_1_283' title='bbox 459 2421 538 2450; x_wconf 85' lang='lat' dir='ltr'>erat</span> <span class='ocrx_word' id='word_1_284' title='bbox 560 2411 732 2450; x_wconf 89' lang='lat' dir='ltr'>Neronis</span> <span class='ocrx_word' id='word_1_285' title='bbox 753 2413 852 2450; x_wconf 89' lang='lat' dir='ltr'>mira</span> <span class='ocrx_word' id='word_1_286' title='bbox 871 2413 1090 2451; x_wconf 89' lang='lat' dir='ltr'>contentio.</span> <span class='ocrx_word' id='word_1_287' title='bbox 1134 2411 1244 2463; x_wconf 84' lang='lat' dir='ltr'>Qid</span> <span class='ocrx_word' id='word_1_288' title='bbox 1266 2411 1407 2463; x_wconf 83' lang='lat' dir='ltr'>quaeris</span> <span class='ocrx_word' id='word_1_289' title='bbox 1428 2412 1440 2448; x_wconf 91' lang='lat'>?</span> <span class='ocrx_word' id='word_1_290' title='bbox 1472 2411 1594 2464; x_wconf 91' lang='lat' dir='ltr'>probe</span> <span class='ocrx_word' id='word_1_291' title='bbox 1614 2413 1764 2464; x_wconf 89' lang='lat' dir='ltr'>premi-</span> 
     </span>
     <span class='ocr_line' id='line_1_32' title="bbox 370 2476 1764 2530; baseline -0.001 -13"><span class='ocrx_word' id='word_1_292' title='bbox 370 2487 449 2522; x_wconf 90' lang='lat' dir='ltr'>tur,</span> <span class='ocrx_word' id='word_1_293' title='bbox 473 2477 542 2515; x_wconf 76' lang='lat' dir='ltr'>nisi</span> <span class='ocrx_word' id='word_1_294' title='bbox 564 2476 690 2514; x_wconf 89' lang='lat' dir='ltr'>noster</span> <span class='ocrx_word' id='word_1_295' title='bbox 712 2476 940 2530; x_wconf 87' lang='lat' dir='ltr'>Pompeius,</span> <span class='ocrx_word' id='word_1_296' title='bbox 958 2477 1032 2517; x_wconf 89' lang='lat' dir='ltr'>diis</span> <span class='ocrx_word' id='word_1_297' title='bbox 1053 2476 1363 2528; x_wconf 88' lang='lat' dir='ltr'>hominibusque</span> <span class='ocrx_word' id='word_1_298' title='bbox 1384 2476 1536 2523; x_wconf 89' lang='lat' dir='ltr'>invitis,</span> <span class='ocrx_word' id='word_1_299' title='bbox 1557 2477 1764 2529; x_wconf 85' lang='lat' dir='ltr'>negotium</span> 
     </span>
    </p>

    <p class='ocr_par' dir='ltr' id='par_1_6' title="bbox 458 2542 1467 2583">
     <span class='ocr_line' id='line_1_33' title="bbox 458 2542 1467 2583; baseline -0.002 -1"><span class='ocrx_word' id='word_1_300' title='bbox 458 2545 599 2583; x_wconf 87' lang='lat' dir='ltr'>ToM.</span> <span class='ocrx_word' id='word_1_301' title='bbox 634 2543 709 2582; x_wconf 85' lang='lat' dir='ltr'>IX.</span> <span class='ocrx_word' id='word_1_302' title='bbox 1425 2542 1467 2580; x_wconf 91' lang='lat' dir='ltr'>H</span> 
     </span>
    </p>
   </div>
  </div>
 </body>
</html>
