2241 2994
501 197 580 251 316

812 195 878 236 M.
937 195 992 235 T.
1053 194 1585 235 CICERONIS

502 289 559 324 M.
594 288 729 325 Cicero.
781 289 856 337 Qi
891 300 974 324 cum
1006 287 1172 335 inciperet
1221 287 1346 337 populi
1377 287 1497 335 plausu
1527 288 1778 325 condemnatus
1810 287 1898 332 fuit,

503 337 626 379 dicere,
658 347 823 385 exceptus
851 336 899 372 est
928 337 1173 372 acclamatione
1222 337 1320 384 quod
1338 337 1469 372 curiam
1488 337 1696 380 incendisset,
1715 337 1896 385 Philippico

504 386 769 429 Clodianorum,
797 385 843 420 ita
871 395 910 420 ut
939 397 1008 421 non
1026 397 1078 427 ea,
1103 398 1175 433 qua

505 434 624 470 solitus
671 444 754 476 erat,
804 434 992 470 constantia
1035 434 1172 470 diceret.

505 483 572 517 Sed
615 483 726 518 oratio
768 483 826 518 illa
858 495 1002 530 quoque
1033 493 1178 530 excepta

506 529 589 573 fuit,
615 541 654 566 ut
679 531 851 567 Asconius
868 531 995 567 scribit.
1047 531 1175 566 Memi-

507 579 559 614 nit
589 579 830 628 Quintilianus
859 580 913 616 lib.
942 580 1006 614 IV.
1042 589 1112 625 cap.
1142 591 1175 625 3.

505 627 596 663 Eam
633 640 726 672 vero,
763 641 870 676 quam
907 640 968 664 nos
997 627 1177 670 habemus,

506 677 631 712 Cicero
660 677 775 725 postea
802 677 943 724 scripsit,
971 688 1053 711 cum
1084 676 1178 712 Milo

505 725 587 760 esset
615 725 790 768 Massiliae,
823 737 897 773 quo
929 725 1178 760 condemnatus

509 773 544 809 in
573 774 717 809 exilium
747 774 833 809 intra
860 773 1079 821 paucissimos
1106 773 1177 808 dies

508 821 685 868 profectus
714 821 807 865 fuit3
834 821 944 868 Afion.
969 831 1004 857 et
1021 822 1097 865 Dio,
1121 821 1177 858 lib.

558 919 753 955 Accusatus
781 918 905 955 deinde
933 919 988 954 M.
1008 917 1179 962 Saufeius,

506 966 710 1004 defendente
727 968 893 1003 Cicerone
916 979 950 1004 et
979 968 1035 1003 M.
1054 968 1179 1010 Caelio,

508 1015 686 1052 absolutus
715 1015 795 1052 fuit.
838 1017 916 1052 Sex.
949 1026 1064 1051 autem
1095 1016 1178 1052 Clo-

507 1064 587 1101 dius
621 1077 750 1113 magno
791 1063 954 1100 consensu
996 1065 1179 1100 damnatus

505 1113 566 1155 est,
604 1113 761 1160 Asconius.
813 1114 1003 1161 Pompeius
1044 1113 1078 1148 in
1113 1113 1179 1148 hoc

499 1161 687 1203 ⁴consulatu
716 1162 926 1205 Corneliam,
959 1163 1010 1214 Q
1040 1161 1179 1197 Metelli

508 1210 680 1258 Scipionis
699 1211 819 1253 filiam,
843 1222 987 1246 uxorem
1005 1209 1118 1253 duxit,
1145 1220 1179 1246 et

508 1258 661 1294 socerum
692 1259 754 1295 fibi
790 1259 824 1294 in
859 1259 1016 1307 quinque
1051 1259 1178 1295 menses

506 1318 677 1343 extremos
727 1308 897 1355 collegam
947 1307 1178 1355 subrogavit·,

508 1357 701 1391 Plutarchus
733 1359 766 1390 in
800 1357 954 1403 Ponspeio.
1005 1358 1084 1398 Dio,
1123 1357 1176 1392 lib.

508 1405 592 1440 XL.
632 1407 811 1451 Appianas,
836 1404 892 1440 lib.
919 1405 964 1440 11.
1015 1405 1178 1440 Eundem

509 1453 706 1501 Scipionem
736 1453 933 1489 Censoriam
963 1453 1178 1501 potestatem,

508 1514 615 1549 quam
651 1502 797 1538 Clodius
835 1502 1066 1545 imminuerat,
1104 1502 1180 1550 lege

509 1550 695 1592 restituisse,
726 1553 788 1587 Dio
805 1549 931 1587 scribit.

559 1600 642 1634 Hoc
661 1612 751 1635 anno
780 1600 924 1647 fingitur
949 1599 1088 1635 habitus
1114 1598 1177 1634 ser-

509 1660 567 1683 mo
591 1649 634 1683 de
663 1648 795 1685 Finibus
824 1651 979 1685 Bonorum
1006 1655 1038 1683 et
1063 1648 1175 1684 Malo-

507 1709 590 1740 rum,
617 1709 722 1745 quem
752 1697 876 1733 Cicero
903 1697 1000 1733 libris
1020 1697 1177 1745 quinque

507 1746 623 1793 postea
685 1745 887 1794 perscripsit.
956 1748 1178 1793 Argumento

508 1794 585 1830 sunt
601 1795 708 1830 verba
726 1794 795 1838 illa,
809 1806 891 1842 quae
908 1794 951 1830 de
968 1794 1058 1830 libro
1074 1806 1177 1842 quar-

508 1853 546 1879 to
577 1844 682 1879 modo
709 1842 851 1886 adduxi,
887 1854 920 1878 et
950 1843 1010 1878 illa
1037 1843 1098 1878 lib.
1131 1843 1176 1879 11.

508 1903 584 1939 cap.
610 1895 663 1927 18.
717 1894 760 1928 Ut
789 1895 843 1927 M.
875 1892 997 1939 erffics
1015 1891 1100 1938 fuit,
1126 1894 1180 1940 qui

507 1940 742 1986 lamensolebat
760 1943 807 1975 uti
822 1941 878 1986 suo
900 1942 974 1975 bono
988 1954 999 1975 .·
1027 1948 1062 1975 ut
1092 1941 1180 1976 hodie

506 1990 547 2032 est
576 1991 671 2034 noster
690 1991 864 2036 Pompeius,
891 1992 938 2024 cui
953 1993 1034 2024 reHe
1043 1989 1180 2034 facienti

501 2040 616 2085 gralia
633 2038 671 2081 est
689 2037 838 2073 habenda.

557 2087 724 2121 Extremo
743 2086 844 2133 liujus
863 2086 941 2121 anni
960 2086 1082 2127 mense,
1095 2098 1176 2121 cum

509 2135 554 2170 Τ.
577 2135 764 2170 Munacius
792 2136 940 2170 Plancus
971 2135 1075 2170 Bursa
1105 2147 1174 2170 ma-

507 2184 649 2229 gistratu
675 2184 818 2226 abiisset,
844 2196 862 2219 a
886 2184 1052 2219 Cicerone
1075 2196 1174 2220 accu-

508 2229 594 2267 satus
631 2244 663 2268 et
700 2235 763 2268 Cn.
796 2233 964 2281 Pompeio
1006 2231 1175 2275 defensus,

506 2283 754 2317 comiciiinatus
783 2279 875 2323 fuit,
909 2283 981 2322 1310.
1009 2281 1062 2316 lib.
1093 2282 1173 2316 XL.

505 2341 537 2365 ct
565 2332 684 2371 Ciccro,
710 2331 789 2376 epist.
818 2343 848 2366 2.
876 2330 929 2365 lib.
952 2329 1030 2365 Vll.
1060 2330 1173 2366 Rima.

506 2391 610 2427 quain
632 2380 693 2413 hoc
714 2389 864 2427 tempore
881 2378 1018 2426 scripsit.
1073 2380 1173 2414 Plan-

505 2441 565 2463 ωε
606 2429 768 2463 omnibus
811 2428 982 2465 sententiis
1023 2427 1176 2464 maximo

1223 386 1286 421 Vl.
1313 396 1378 432 cap.
1400 400 1434 430 4.
1461 394 1495 421 et
1513 386 1616 422 XIII.
1643 397 1710 434 cop.
1735 397 1791 422 η.

1227 536 1337 574 Anno
1358 533 1466 574 Urbis
1486 547 1582 587 702.
1626 535 1806 576 Ciceronis
1828 537 1894 591 56.

1370 602 1563 642 Consules
1592 603 1755 653 fuerunt

1271 664 1372 702 Situ.
1405 664 1648 703 SULPICIUS
1681 665 1854 712 Rurus,

1228 723 1293 763 M.
1313 724 1555 766 cmumus
1581 725 1895 768 MARCELLUS.

1277 822 1361 857 Hoc
1381 832 1544 869 tempore,
1569 832 1659 858 certe
1675 823 1752 871 post
1781 823 1898 860 Clodii

1227 871 1373 914 caedem,
1417 871 1472 906 M.
1505 872 1650 907 Tullius
1690 872 1725 907 de
1760 873 1898 919 Legibus

1228 919 1370 966 scripsit,
1389 930 1429 955 ut
1445 931 1487 954 ex
1505 919 1559 955 lib.
1581 921 1623 955 11.
1642 930 1711 967 cap.
1734 933 1788 968 ¹7·
1815 933 1898 969 cog-

1229 967 1390 1003 noscitur.
1442 969 1535 1003 Cum
1568 978 1682 1004 autem
1713 969 1830 1016 plures
1858 970 1899 1005 li-

1230 1016 1310 1051 bros
1327 1016 1370 1051 de
1387 1016 1544 1064 Legibus
1562 1016 1750 1065 scripsisset,
1777 1018 1819 1052 ad
1837 1029 1902 1053 nos

1228 1074 1295 1100 tres
1312 1073 1462 1108 tantum,
1488 1065 1581 1113 iique
1598 1066 1762 1110 mutilati,
1779 1078 1903 1115 perve-

1230 1122 1367 1148 nerunt.

1277 1162 1308 1197 F
1310 1162 1427 1197 astum
1444 1174 1534 1199 anno
1563 1162 1734 1212 superiore
1751 1163 1901 1200 senatus-

1228 1210 1425 1246 consultum
1463 1221 1547 1253 erat,
1587 1224 1630 1247 ne
1661 1213 1741 1261 quis
1770 1223 1901 1261 praeto·

1229 1259 1312 1303 rius,
1352 1270 1412 1295 aut
1450 1261 1636 1296 consularis
1680 1262 1768 1297 intra
1796 1262 1899 1310 quin-

1228 1308 1420 1355 quennium
1447 1309 1480 1344 in
1510 1309 1727 1357 provinciam
1757 1311 1803 1346 ire
1821 1311 1899 1358 pos-

1229 1358 1286 1398 set,
1314 1367 1353 1392 ut
1372 1357 1455 1400 Dio,
1473 1357 1526 1393 lib.
1546 1358 1630 1394 XL.
1648 1358 1775 1394 scribit.
1814 1360 1899 1395 Hoc

1227 1405 1535 1442 senatus-consulto
1565 1407 1612 1442 ire
1638 1407 1672 1442 in
1702 1407 1903 1455 provincias

1228 1454 1338 1489 coacti
1357 1453 1445 1497 sunt,
1473 1455 1535 1502 qui
1564 1455 1597 1490 in
1614 1467 1669 1491 eas
1686 1468 1728 1491 ex
1746 1466 1903 1503 praetura

1227 1512 1288 1538 aut
1304 1514 1348 1538 ex
1379 1502 1558 1539 consulatu
1578 1516 1646 1539 non
1665 1504 1807 1540 iverant.
1861 1505 1900 1540 ln

1228 1551 1281 1587 his
1309 1561 1380 1586 erat
1409 1551 1464 1586 M.
1494 1552 1663 1589 Tullius:
1701 1552 1801 1601 cujus
1830 1553 1899 1590 sors

1228 1612 1309 1635 cum
1335 1599 1465 1647 dejecta
1490 1601 1581 1642 effet,
1607 1601 1730 1637 Cilicia
1757 1602 1900 1650 provin·

1225 1649 1279 1684 cia
1303 1649 1489 1685 consularis
1515 1661 1596 1685 cum
1624 1651 1776 1686 exercitu
1804 1651 1899 1698 ped}-

1226 1708 1302 1734 tum
1321 1710 1377 1733 xii
1399 1699 1472 1734 mil.
1499 1699 1659 1746 equitum
1686 1700 1797 1734 duum
1823 1700 1896 1735 mil.

1228 1758 1273 1782 Dc
1299 1746 1330 1782 ei
1359 1746 1515 1790 obvenit,
1542 1748 1680 1783 austore
1698 1748 1898 1784 Plutarcho.

1228 1795 1352 1831 Cicero
1381 1795 1411 1830 se
1434 1808 1558 1831 nomen
1587 1806 1724 1832 tantum
1749 1797 1897 1833 duarum

1229 1844 1405 1891 legionum
1441 1844 1592 1881 habuisse
1629 1846 1688 1888 ait,
1725 1846 1807 1892 epist.
1846 1859 1897 1891 ¹5·

1228 1893 1283 1928 lib.
1304 1893 1348 1928 V.
1379 1892 1424 1928 ad
1446 1896 1515 1931 Au.
1541 1904 1575 1929 et
1591 1895 1672 1940 epist.
1694 1894 1727 1929 6.
1754 1895 1808 1929 lib.
1830 1895 1894 1930 lll.

1230 1941 1347 1977 Famil.
1376 1942 1422 1977 ait
1447 1942 1479 1977 in
1499 1952 1591 1978 tanta
1608 1943 1758 1978 militum
1778 1944 1896 1991 pauci-

1230 2001 1299 2026 tate
1316 1990 1459 2026 abfuifl‘e
1477 2001 1542 2026 tres
1560 1992 1729 2028 cohortes.

1276 2039 1410 2075 Tenuit
1439 2039 1559 2075 cicero
1589 2052 1653 2088 pro
1692 2040 1756 2076 cos.
1793 2041 1896 2077 etiam

1227 2089 1385 2135 Cyprum
1422 2088 1566 2124 insulam
1594 2089 1729 2124 Ciliciae
1758 2091 1896 2137 opposi-

1227 2147 1310 2179 tam,
1354 2148 1388 2172 et
1430 2147 1592 2184 praeterea
1632 2148 1698 2173 tres
1733 2139 1897 2175 dioeceses

1227 2185 1406 2228 Asiaticas,
1432 2186 1678 2232 Cibyraticam,
1698 2188 1896 2233 Synnaden-

1227 2234 1305 2276 sein,
1324 2245 1357 2269 ct
1374 2235 1631 2281 Apameenscm,
1652 2246 1690 2270 ut
1708 2236 1761 2270 lib.
1777 2237 1821 2272 V.
1845 2247 1894 2283 ep.

1229 2293 1286 2319 21.
1313 2294 1346 2317 ct
1366 2283 1426 2317 Vl.
1463 2295 1493 2319 2.
1521 2284 1565 2317 ad
1580 2286 1650 2320 Aet.
1680 2285 1894 2333 perspicitur.

1227 2331 1347 2379 Itaque
1379 2332 1432 2366 lib.
1468 2333 1494 2367 1.
1524 2332 1560 2367 de
1589 2334 1737 2368 Dic-inat.
1765 2343 1831 2379 cap.
1865 2347 1894 2371 ι.

1226 2380 1283 2422 ait,
1312 2380 1341 2415 sc
1361 2381 1556 2416 nationibus
1575 2381 1740 2424 Cilicum,
1768 2382 1893 2418 Pisida-

1226 2441 1315 2473 rum,
1334 2441 1367 2466 et
1387 2430 1604 2479 Pamphyliae
1626 2430 1810 2480 praesuill'c.
