2335 3009
576 245 674 284 AD
733 239 1250 284 HERENNIUM
1307 244 1443 286 LIB.
1489 246 1564 287 IV.

368 342 491 376 virtute
507 338 587 388 effic,
599 337 746 386 glad-'um
758 341 792 372 in
809 337 907 374 latere
922 337 1038 382 defixit.

372 390 466 425 Puto
500 389 536 426 in
566 388 632 422 hoc
660 387 821 434 exemplo
849 387 948 422 datos
977 387 1041 421 effe

372 436 562 484 unicuique
580 436 747 472 sermones
768 435 810 469 ad
837 435 1041 482 dignitatem

373 485 664 526 accommodatos,
703 484 800 531 quod
829 493 967 531 oportet
1008 484 1042 518 in

373 536 439 570 hoc
457 545 578 581 genere
603 533 792 568 observare.
845 534 934 568 Sunt
962 533 1043 567 item

375 582 670 618 sermocinationes
700 582 943 629 consequentes
979 581 1044 615 hoc

374 643 484 679 genus
499 645 506 666 :
534 631 626 666 Nam
641 629 714 677 quid
726 638 877 677 putamus
893 630 962 664 illos
979 630 1043 663 dic-

374 689 474 722 turos,
491 680 524 726 fi
537 680 593 714 hoc
599 679 822 727 judicaveritis
836 679 854 713 ?
873 690 968 713 nonne
984 679 1044 712 hac

375 741 474 764 omnes
491 737 620 763 utentur
635 728 800 763 oratione?
819 727 954 762 Deinde
966 727 1044 762 sub-

370 777 476 825 jicere
500 777 700 812 sermonem.

428 826 530 862 LIII.
572 824 814 861 Conformatio
853 823 914 866 est,
964 835 1046 859 cum

378 875 506 922 aliqua,
543 886 626 922 quae
657 885 725 909 non
765 873 868 916 adest,
907 873 1047 920 persona

379 923 602 970 confingitur,
629 923 725 970 quasi
756 921 853 962 adsit,
880 932 940 956 aut
965 933 1047 956 curn

381 985 431 1007 res
452 982 548 1007 muta
565 982 623 1006 aut
642 970 798 1006 informis
827 971 867 1005 fit
882 971 1049 1017 eloquens

379 1031 414 1056 et
430 1020 588 1062 formata,
614 1031 648 1055 et
664 1019 694 1054 ei
722 1029 832 1055 oratio
849 1020 1050 1054 attribuitur

381 1070 424 1104 ad
447 1070 650 1116 dignitatem
681 1068 952 1109 accommodata,
990 1078 1049 1102 aut

381 1119 471 1153 aftio
487 1119 664 1165 quaedam,
682 1117 747 1152 hoc
765 1116 888 1163 pat‘to:
917 1116 1053 1163 Qcodst

382 1179 464 1202 nunc
478 1167 541 1201 haec
557 1167 628 1202 urbs
645 1165 840 1210 inviciiffima
857 1177 962 1200 vocem
977 1167 1050 1200 mit-

383 1224 448 1257 tat,
475 1227 535 1250 ncn
563 1216 619 1250 hcc
643 1220 737 1261 paffo
766 1215 944 1261 coquatur?
981 1215 1053 1261 Ego

383 1265 438 1300 illa
474 1264 620 1311 plurimis
664 1265 790 1308 trcpaeis
821 1270 948 1304 ornata,
990 1265 1051 1297 tri·

384 1313 507 1359 remphis
544 1313 651 1347 ditata
677 1311 850 1356 certffimis,
887 1311 1054 1355 cluriffimis

385 1362 574 1407 locupletata
588 1363 745 1401 vinariis,
771 1371 850 1394 nunc
875 1360 984 1404 vestris
1002 1361 1052 1405 se-

383 1411 563 1451 ditionibus,
588 1411 606 1445 5
621 1412 714 1450 cives,
739 1420 838 1443 vexor
851 1422 862 1443 .·
889 1421 982 1455 quam
998 1409 1052 1443 do-

385 1460 424 1495 lis
451 1458 603 1505 malitiosa
625 1457 803 1503 Carthago,
829 1457 954 1492 viribus
978 1467 1054 1504 pro-

385 1509 464 1543 bata
493 1508 688 1548 Numantia,
726 1505 894 1553 disciplinis
931 1506 1055 1541 erudita

386 1557 565 1598 Corinthus,
603 1556 799 1601 labefaHare
838 1568 898 1590 non
936 1558 1055 1602 potuit,

387 1617 454 1641 eam
491 1607 653 1653 patiemini
687 1616 765 1639 nunc
793 1605 834 1639 ab
866 1605 1057 1640 homunculis

389 1655 563 1690 deterrimis
589 1655 711 1700 proteri
741 1661 835 1701 atque
859 1653 1058 1689 conculcari?

389 1705 490 1745 Item,
516 1702 612 1750 Qod
629 1704 658 1745 fi
679 1714 760 1737 nunc
787 1703 830 1737 L.
856 1702 910 1737 ille
937 1704 1059 1738 Brutus

389 1753 574 1797 reviviscat,
600 1760 631 1786 et
659 1751 710 1786 hic
733 1760 807 1786 ante
828 1751 920 1798 pedes
943 1752 1061 1794 vestros

391 1801 483 1845 adsit,
510 1813 568 1836 non
583 1801 643 1835 hac
667 1808 779 1835 utatur
802 1801 966 1835 oratione?
990 1801 1059 1847 Ego

390 1862 477 1902 rcges
493 1851 577 1895 ejeci,
606 1861 663 1885 vos
679 1857 824 1894 tyrannos
841 1849 1037 1884 intrcduciu‘s
1047 1862 1058 1883 .-

391 1912 442 1945 ego
464 1899 652 1940 libertatem,
680 1910 746 1946 quae
764 1910 821 1932 non
839 1906 920 1940 erat,
943 1900 1061 1943 peperi,

392 1960 450 1983 vos
461 1956 592 1993 partam
612 1949 749 1992 servare
776 1960 835 1981 uon
858 1947 981 1981 vultis.-
1009 1959 1063 1993 ego

393 1999 504 2043 capitis
523 1999 582 2031 mei
592 1997 730 2042 periculo
742 1998 884 2041 patriam
911 1995 1062 2038 liberavi,

392 2058 448 2081 vos
464 2045 554 2081 liberi
557 2046 628 2089 fine
641 2044 778 2090 periculo
794 2044 847 2091 ‘ff’
863 2056 922 2078 ncn
934 2047 1060 2079 curatis.

395 2095 488 2130 Haec
505 2093 747 2136 conformatio,
774 2093 853 2128 licet
882 2093 916 2128 in
947 2093 1061 2141 plures

397 2155 448 2178 res
466 2154 578 2178 mutas
600 2153 704 2190 atque
731 2142 897 2177 inanimas
919 2142 1063 2178 transfe-

397 2201 502 2234 ratur,
528 2192 666 2239 proficit
683 2201 794 2227 tamen
817 2191 1010 2239 plurimum
1029 2191 1063 2226 in

398 2239 674 2287 amplificationis
691 2240 847 2288 partibus
865 2249 898 2274 et
919 2240 1064 2277 cornmi-

373 2330 376 2333 ,
396 2288 568 2324 seratione.
620 2288 833 2335 significatio
869 2289 938 2333 est,
979 2301 1061 2338 quae

398 2338 478 2385 plus
497 2337 530 2372 in
548 2336 734 2384 suspicione
754 2338 930 2385 relinquit,
955 2351 1062 2385 quam

399 2387 550 2434 positum
583 2385 632 2420 est
666 2385 699 2419 in
723 2386 888 2421 oratione.
940 2387 994 2422 Ea
1023 2388 1064 2422 fit

400 2446 461 2482 per
497 2433 797 2476 exuberationem,
841 2435 1066 2482 ambiguum,

400 2483 689 2532 consequentiam,
714 2482 957 2527 absciffionem,
976 2484 1065 2520 fimi-

1680 260 1766 304 223

1089 339 1283 375 litudinem.
1346 340 1413 376 Per
1456 341 1763 387 exuberationem,

1090 399 1171 423 cum
1189 389 1269 435 plus
1286 388 1421 424 dietum
1448 390 1511 433 est,
1537 402 1642 439 quarn
1673 392 1762 439 pati·

1092 447 1149 471 tur
1177 437 1315 479 veritas,
1354 439 1523 485 augendae
1563 440 1762 488 suspicionis

1092 485 1203 527 causa,
1227 485 1300 520 sic:
1327 486 1392 520 Hic
1409 485 1446 521 de
1464 494 1554 523 tanto
1573 490 1765 535 patrimonio

1093 541 1159 568 tam
1176 536 1236 568 cito
1252 533 1372 577 testam,
1399 546 1459 582 qua
1466 535 1532 578 fibi
1541 545 1634 583 petat
1651 539 1764 583 ignem,

1093 595 1153 617 non
1170 582 1304 630 reliquit.
1353 584 1420 618 Per
1437 584 1655 632 ambiguum,
1683 598 1765 621 cum

1094 631 1241 666 verbum
1279 632 1390 680 potest
1417 632 1452 667 in
1486 633 1572 668 duas
1608 634 1769 681 pluresve

1094 680 1272 715 sententias
1299 680 1420 729 accipi,
1447 680 1501 716 sed
1532 681 1701 730 accipitur
1731 683 1765 718 in

1094 740 1169 764 eam
1203 738 1349 777 partem,
1386 741 1492 777 quam
1520 731 1600 767 vult
1629 730 1669 774 is,
1703 732 1766 778 qui

1096 778 1184 812 dixit
1200 792 1207 812 :
1236 788 1276 813 ut
1293 778 1336 813 de
1352 789 1395 821 eo
1410 779 1433 813 s1
1450 778 1557 822 dicas,
1583 779 1645 826 qui
1675 780 1766 815 mul-

1096 836 1147 862 tas
1173 827 1374 862 hereditates
1391 827 1523 871 adierit,
1550 828 1697 874 Prospice
1717 836 1767 871 tu,

1097 877 1150 923 qui
1163 876 1331 920 plurimum
1348 877 1456 911 cernis.

1146 924 1246 959 LIV.
1272 924 1454 972 Ambigua
1471 925 1769 972 quemadmodum

1098 972 1239 1007 vitanda
1257 972 1345 1015 sunt,
1371 985 1454 1021 quae
1480 973 1661 1009 obscuram
1693 976 1766 1009 red-

1098 1021 1187 1056 dunt
1221 1022 1423 1065 orationem,
1463 1021 1510 1057 ita
1539 1023 1618 1058 haec
1654 1024 1769 1058 conse-

1099 1070 1248 1116 quenda,
1267 1083 1347 1117 quae
1365 1071 1555 1107 conficiunt
1573 1071 1770 1118 hujusmodi

1101 1119 1394 1166 significationem.
1422 1119 1477 1155 Ea
1494 1120 1703 1168 reperientur
1719 1120 1772 1155 fa-

1101 1169 1177 1210 cile,
1205 1168 1228 1202 fi
1252 1168 1449 1204 noverimus
1465 1178 1500 1203 et
1525 1169 1771 1205 animadverte-

1103 1216 1210 1251 rimus
1262 1217 1448 1252 verborum
1504 1217 1669 1265 ancipites
1711 1229 1773 1254 aut

1104 1265 1312 1312 multiplices
1330 1264 1522 1313 potestates.
1575 1267 1642 1302 Per
1658 1267 1771 1302 conse-

1103 1314 1279 1360 quentiam
1300 1314 1502 1361 significatio
1520 1315 1572 1357 fit,
1599 1327 1679 1350 cum
1707 1328 1772 1360 res,

1103 1373 1185 1409 quae
1215 1362 1406 1410 sequuntur
1428 1363 1580 1410 aliquam
1609 1377 1692 1406 rem,
1718 1365 1771 1399 di-

1103 1420 1243 1452 cuntur,
1269 1423 1312 1446 ex
1341 1411 1471 1458 quibus
1501 1422 1573 1448 tota
1591 1425 1641 1448 res
1671 1414 1773 1448 relin-

1104 1459 1227 1506 quitur
1254 1460 1288 1494 in
1318 1458 1518 1508 suspicione,
1556 1471 1597 1496 ut
1627 1462 1648 1497 s1
1679 1462 1774 1497 salsa-

1105 1508 1261 1543 mentarii
1280 1509 1353 1544 filio
1368 1508 1461 1545 dicas
1476 1523 1484 1544 :
1513 1509 1638 1557 Qiesce
1655 1517 1704 1554 tu,
1722 1523 1774 1546 cu-

1093 1557 1154 1604 jus
1165 1565 1262 1604 pater
1286 1558 1387 1593 cubito
1407 1559 1442 1604 se
1469 1570 1625 1606 emungere
1643 1559 1774 1607 solebat.

1107 1608 1173 1642 Per
1200 1606 1444 1650 absciffionem,
1480 1607 1516 1650 fi,
1543 1620 1625 1643 cum
1656 1609 1776 1656 incipi-

1108 1666 1186 1690 mus
1216 1655 1348 1702 aliquid
1377 1655 1500 1697 dicere,
1537 1657 1776 1704 praecidirnus,

1107 1714 1142 1740 et
1157 1715 1200 1739 ex
1217 1716 1270 1746 eo,
1296 1705 1393 1752 quod
1405 1703 1480 1751 jam
1508 1705 1674 1748 diximus,
1699 1706 1776 1741 satis

1109 1752 1316 1798 relinquitur
1348 1752 1561 1799 suspicionis,
1596 1755 1664 1790 fic:
1709 1754 1777 1801 Qu·

1107 1803 1164 1846 isia
1183 1802 1291 1845 forma
1316 1809 1346 1836 et
1371 1808 1464 1836 aetale
1488 1812 1584 1849 nuper
1599 1803 1710 1838 alienae
1725 1804 1779 1839 do·

1109 1853 1173 1884 mui
1186 1877 1193 1885 .
1214 1877 1221 1884 .
1244 1850 1334 1884 ‚nolo
1358 1851 1454 1896 plura
1482 1851 1593 1887 dicere.
1645 1852 1711 1887 Per
1737 1852 1778 1887 fi-

1111 1899 1355 1942 militudinem,
1381 1911 1463 1934 cum
1481 1899 1597 1948 aliqua
1619 1913 1653 1936 re
1678 1901 1779 1936 fimili

1111 1949 1224 1990 allata,
1252 1948 1337 1982 nihil
1366 1949 1514 1995 amplius
1536 1950 1697 1993 dicimus,
1723 1950 1782 1985 sed

1111 2009 1154 2031 ex
1185 2009 1225 2031 ea
1253 1997 1496 2043 significamus,
1545 1998 1631 2046 quid
1660 1998 1778 2033 sentia-

1113 2057 1202 2087 mus,
1230 2045 1294 2080 hoc
1322 2047 1450 2081 modo:
1479 2046 1571 2089 Neci,
1597 2048 1779 2090 Saturnine,

1111 2097 1236 2129 nimium
1262 2095 1369 2141 populi
1387 2096 1564 2142 frequentia
1586 2096 1691 2140 frctus
1717 2095 1779 2143 cffi’.

1113 2143 1215 2179 Inulti
1229 2145 1341 2190 jacent
1364 2144 1512 2179 Gracchi.
1566 2144 1659 2180 Haec
1681 2157 1780 2179 exor-

1113 2192 1207 2228 natio
1237 2192 1429 2240 plurimum
1459 2192 1650 2228 festivitatis
1678 2193 1782 2228 habet

1115 2241 1287 2276 interdum
1304 2251 1339 2276 et
1355 2240 1554 2288 dignitatis:
1583 2241 1660 2276 finit
1689 2242 1780 2277 enim

1110 2290 1291 2337 quiddam,
1339 2291 1444 2324 tacito
1481 2299 1626 2333 oratore,
1669 2290 1781 2337 ipsum

1112 2339 1303 2374 auditorem
1333 2338 1501 2385 suspicari.
1553 2338 1707 2374 Brevitas
1733 2339 1782 2374 est

1113 2399 1163 2422 res
1183 2388 1262 2435 ipsis
1278 2387 1520 2422 tantummodo
1539 2388 1652 2422 verbis
1670 2388 1780 2424 neces-

1114 2435 1205 2471 sariis
1233 2436 1404 2483 expedita,
1436 2436 1500 2470 hoc
1530 2436 1658 2471 modo:
1687 2436 1782 2472 Lem-

1115 2496 1188 2520 num
1221 2487 1407 2531 praeteriens
1440 2487 1519 2532 cepit
1532 2498 1544 2520 .·
1586 2485 1655 2521 inde
1687 2486 1786 2532 Thasi
