2335 3009
471 195 550 238 154
777 184 1562 229 RHETORICORUM

467 279 556 327 quid
582 288 750 324 contorte,
777 293 820 317 ne
847 282 935 330 quid
964 283 1139 331 ambigue,

468 341 511 364 ne
527 329 614 376 quid
640 342 741 374 nove,
767 331 936 375 dicamus,
964 345 1005 368 ne
1033 344 1140 380 quam

470 377 504 413 in
534 378 636 413 aliam
669 392 740 415 rem
770 380 989 424 transeamus,
1026 394 1068 417 ne
1097 382 1142 417 ab

468 427 595 462 ultimo
614 439 820 476 repetamus,
845 442 888 466 ne
913 430 1016 479 longe
1034 430 1141 479 perse-

469 487 632 522 quamur,
669 489 711 512 ne
740 478 840 525 quid,
870 479 969 526 quod
1000 481 1043 514 ad
1071 491 1141 514 rem

467 525 648 571 pertineat,
673 537 940 574 praetereamus·,
976 538 1010 563 et
1041 529 1064 564 fi
1097 528 1142 562 ie-

469 585 619 620 quemur
634 587 686 617 ea,
709 587 792 623 quae
809 576 853 611 de
871 576 1037 613 brevitate
1053 589 1142 625 prae-

468 632 570 670 cepta
594 623 695 660 sunt:
724 636 804 660 nam
826 637 899 672 quo
924 626 1074 668 brevior,
1100 637 1142 660 eo

467 670 656 708 dilucidior
679 684 713 708 et
738 674 882 720 cognitu
900 672 1140 709 facilior-nar-

469 719 558 756 ratio
573 721 643 756 fiet.
683 722 884 758 Verisimilis
902 723 1048 759 narratio
1065 723 1141 765 erit,

468 768 494 803 si
512 778 552 804 ut
582 781 670 813 mos,
701 780 740 805 ut
768 771 901 819 opinio,
937 781 977 807 ut
1008 781 1140 815 natura,

467 817 635 864 postulat,
659 819 840 862 dicemus·,
869 821 893 856 fi
922 819 1028 868 spatia
1057 831 1140 856 tern-

467 878 619 913 porum,
668 868 889 916 personarum
935 869 1142 917 dignitates,

467 915 689 952 confiliorum
716 918 876 960 rationes,
902 918 1060 954 locorum
1079 931 1142 966 op-

466 965 710 1011 portunitates,
721 967 939 1002 constabunt.
968 968 1026 1002 Ne
1036 966 1144 1003 refelli

466 1014 581 1058 pellit,
607 1025 668 1050 aut
693 1016 859 1063 temporis
882 1028 1006 1063 parum
1030 1014 1141 1058 fuisse,

466 1070 529 1096 aut
545 1063 680 1098 c‘ausam
698 1064 844 1106 nullam,
859 1074 919 1100 aut
936 1065 1054 1099 locum
1069 1064 1142 1100 ido-

467 1121 572 1145 neum
589 1123 660 1147 non
676 1111 788 1155 fuifl‘e,
803 1122 863 1148 aut
880 1113 1034 1148 homines
1053 1111 1142 1161 ipsos

466 1156 578 1194 facere
603 1170 664 1195 aut
693 1161 765 1208 pati
796 1173 865 1196 non
909 1161 1067 1209 potuisse.
1106 1163 1140 1197 Si

465 1219 549 1243 vera
566 1220 615 1244 res
632 1210 708 1251 erit,
734 1209 960 1246 nihilominus
977 1210 1054 1246 haec
1066 1223 1140 1246 orn-

467 1256 525 1291 nia
574 1259 744 1295 narrando
783 1259 1013 1295 conservanda
1052 1260 1140 1296 sunt.

466 1305 563 1342 Nam
587 1307 676 1355 saepe
689 1307 826 1350 veritas,
852 1308 914 1344 nisi
937 1307 1013 1344 haec
1035 1308 1142 1344 serva-

467 1363 503 1389 ta
533 1355 610 1398 lint,
637 1357 742 1392 fidem
773 1355 885 1392 facere
918 1369 987 1392 non
1019 1358 1141 1405 potest.

466 1403 528 1439 Sin
551 1405 616 1440 erit
633 1405 725 1449 ficta,
750 1417 792 1441 eo
810 1406 920 1454 magis
937 1417 1038 1441 erunt
1055 1419 1140 1442 con-

466 1451 639 1489 servanda.
666 1455 722 1490 De
742 1455 782 1490 iis
807 1456 910 1491 rebus
935 1465 1035 1490 caute
1059 1467 1140 1491 con·

467 1501 658 1549 fligendum
675 1503 736 1547 est,
763 1505 894 1551 quibus
917 1505 951 1539 in
971 1505 1072 1540 rebus
1091 1515 1139 1540 ta-

466 1550 576 1595 bulae,
602 1563 662 1588 aut
676 1552 822 1601 alicujus
840 1554 939 1590 firma
956 1554 1141 1600 austoritas

464 1600 642 1637 videbitur
663 1602 859 1638 interfuisse.
903 1603 1035 1638 Adhuc
1059 1615 1140 1650 quae

465 1648 557 1684 dicta
577 1650 665 1694 sunt,
695 1652 843 1686 arbitror
869 1651 954 1686 mihi
989 1653 1142 1687 constare

466 1709 548 1733 cum
567 1700 699 1735 caeteris
717 1700 797 1735 artis
814 1699 1052 1749 scriptoribus,
1081 1701 1141 1736 nisi

465 1747 548 1793 quia
576 1749 619 1783 de
652 1749 877 1784 insinuatione
915 1762 1006 1785 nova
1037 1762 1140 1785 exco—

466 1796 667 1843 gitavimus,
697 1799 795 1847 quod
819 1800 902 1843 eam}
917 1798 990 1840 soli,
1016 1809 1143 1847 praeter

466 1855 623 1890 caeteros‚
641 1847 675 1883 in
693 1848 759 1883 tria
774 1857 931 1896 tempora
946 1847 1140 1891 divifimus,

467 1904 508 1929 ut
547 1895 648 1942 plane
677 1907 804 1932 certam
834 1897 925 1932 viam
951 1906 985 1931 et
1013 1898 1140 1946 perspi-

466 1955 571 1979 cuam
598 1945 764 1982 rationem
789 1946 1012 1981 exordiorum
1038 1947 1141 1982 habe—

465 2003 592 2029 remus.

514 2043 562 2077 X.
602 2042 723 2085 Nunc,
750 2043 846 2091 quod
877 2042 1051 2091 reliquum
1079 2044 1139 2088 est,

465 2091 633 2137 quoniam
659 2093 702 2128 de
720 2104 833 2128 rerum
852 2092 1049 2128 inventione
1075 2093 1139 2128 dis-

464 2140 662 2187 putandum
695 2142 756 2184 est,
799 2143 833 2177 in
867 2153 940 2188 qua
974 2141 1142 2189 singulare

465 2189 680 2226 consumitur
696 2191 840 2227 oratoris
855 2190 1024 2233 officium,
1043 2191 1140 2226 dabi-

466 2251 543 2274 mus
569 2251 722 2288 operam,
749 2250 788 2276 ut
817 2239 925 2275 nihilo
949 2239 1064 2276 minus
1090 2240 1140 2275 in-

466 2288 620 2332 dustriae,
651 2302 758 2338 quam
777 2289 822 2324 rei
842 2288 971 2324 utilitas
988 2289 1139 2345 postula-

1189 292 1302 332 partes
1318 281 1502 318 distributa
1512 281 1587 317 est]
1612 279 1771 318 Primum
1788 293 1866 331 pen·
1882 310 1884 314 .

1189 341 1286 368 orata
1313 331 1504 367 narratione
1528 331 1695 366 debemus
1724 331 1867 379 aperire,

1191 381 1276 429 quid
1296 381 1396 416 nobis
1414 380 1596 416 conveniat
1611 391 1694 415 cum
1711 380 1865 416 adversa-

1193 430 1260 465 riis.
1302 429 1339 464 Si
1356 441 1407 471 ea,
1421 441 1504 477 quae
1519 428 1619 464 nobis
1637 428 1735 464 utilia
1749 439 1865 472 erunt,

1192 478 1409 520 convenient,
1444 478 1532 525 quid
1567 477 1602 513 in
1635 479 1867 514 controversia

1192 527 1420 574 relinquatur,
1455 527 1522 562 hoc
1550 525 1678 561 modo:
1714 526 1866 573 Interfec-

1192 584 1261 611 tam
1289 575 1342 622 qffe
1366 582 1500 610 matrem
1523 575 1564 610 ab
1587 575 1694 620 Orcste
1721 578 1867 611 convenit

1190 625 1266 660 mibi
1298 635 1364 659 cum
1398 623 1591 669 adversariis
1609 636 1621 657 .·
1662 622 1739 671 jure
1775 623 1865 660 fece-

1192 674 1247 714 rit,
1274 683 1309 708 et
1338 672 1517 708 licueritne
1542 671 1665 714 facere,
1693 672 1729 707 id
1754 673 1802 708 est
1831 673 1866 709 in

1191 721 1431 758 controversia.
1491 721 1580 756 Item
1621 733 1641 756 e
1679 722 1866 764 contrario,

1191 773 1459 818 Agamemnonem
1491 770 1542 817 gffe
1583 781 1604 805 a
1637 771 1866 816 Clytaemnestra

1191 820 1318 867 occrsum
1344 819 1550 862 confitentur:
1577 831 1644 854 cum
1673 817 1710 853 id
1734 822 1784 854 ita
1803 821 1865 864 fit,

1192 868 1239 904 ine
1256 869 1360 910 ulcisci
1372 876 1539 914 parentem
1557 875 1673 914 negant
1689 868 1862 915 oportuiffe.

1193 918 1330 953 Deinde
1364 929 1446 952 cum
1478 917 1542 952 hoc
1568 916 1764 958 fecerimus,
1801 918 1868 953 dis-

1194 967 1383 1002 tributione
1396 965 1447 1000 uti
1460 966 1637 1000 debemus.
1676 966 1729 1000 Ea
1741 966 1868 1002 dividi-

1192 1025 1250 1051 tur
1267 1015 1303 1050 in
1319 1015 1405 1049 duas
1424 1024 1549 1061 partes,
1573 1014 1868 1051 enumerationem

1191 1073 1226 1099 et
1275 1063 1537 1111 expositionem.
1597 1062 1868 1100 Enumeratione

1193 1121 1344 1153 utemur,
1399 1123 1481 1146 cum
1514 1111 1670 1146 dicemus
1709 1124 1867 1155 numero,

1192 1171 1281 1209 quot
1298 1161 1340 1196 de
1354 1161 1456 1196 rebus
1469 1160 1594 1196 dicturi
1610 1159 1738 1196 sumus.
1776 1161 1866 1198 Eam

1192 1210 1285 1258 plus,
1303 1221 1410 1258 quam
1429 1209 1533 1245 trium
1551 1209 1702 1258 partium
1720 1222 1868 1248 numero

1191 1259 1256 1294 effe
1273 1271 1343 1294 non
1364 1269 1512 1306 oportet.
1556 1259 1651 1295 Nam
1670 1269 1705 1294 et
1729 1260 1867 1307 pericu-

1193 1307 1304 1343 losum
1319 1308 1380 1350 est,
1400 1320 1440 1343 ne
1454 1307 1596 1355 quando
1614 1308 1693 1355 plus
1711 1308 1868 1345 minusve

1191 1357 1360 1400 dicamus,
1387 1367 1422 1392 et
1442 1356 1667 1404 suspicionem
1685 1357 1784 1405 affert
1806 1370 1868 1394 au·

1191 1406 1294 1441 ditori
1339 1405 1572 1441 meditationis
1620 1415 1655 1440 et
1700 1406 1866 1450 artificii3

1191 1467 1274 1502 quae
1317 1467 1368 1490 res
1402 1455 1506 1490 fidem
1545 1454 1690 1502 abrogat
1726 1457 1865 1492 oratori.

1190 1504 1373 1552 Expofitio
1389 1503 1450 1546 est,
1477 1515 1559 1539 cum
1578 1515 1642 1545 res,
1668 1504 1711 1540 de
1735 1505 1867 1552 quibus

1191 1553 1316 1588 dicturi
1336 1553 1465 1595 sumus,
1490 1553 1698 1600 exponimus
1720 1553 1868 1590 breviter

1191 1612 1224 1637 et
1243 1602 1407 1638 absolute.
1449 1602 1556 1637 Nunc
1571 1604 1612 1637 ad
1631 1602 1866 1639 confirmatio-

1193 1663 1269 1686 nem
1298 1651 1515 1686 transeamus.
1561 1651 1656 1686 Tota
1686 1650 1759 1698 spes
1789 1655 1866 1688 vin-

1191 1700 1292 1736 cendi
1318 1700 1475 1748 ratioque
1497 1698 1720 1747 persuadendi
1755 1701 1866 1748 polita

1190 1749 1238 1784 est
1271 1749 1305 1784 in
1323 1749 1584 1785 confirmatione
1604 1758 1638 1783 et
1655 1747 1866 1785 confutatio-

1193 1811 1245 1834 ne.
1290 1800 1384 1834 Nam
1412 1810 1494 1834 cum
1525 1796 1721 1844 adjumenta
1753 1799 1866 1834 nostra

1190 1847 1461 1895 exposuerimus,
1487 1846 1727 1894 contrariaque
1749 1848 1864 1883 dissol-

1191 1897 1356 1940 verimus,
1383 1896 1537 1932 absolute
1555 1896 1718 1932 nimirum
1738 1909 1866 1933 munus

1191 1948 1380 1982 oratorium
1398 1944 1660 1981 confecerimus.

1240 1995 1307 2030 XI.
1335 1996 1540 2041 Utrumque
1553 1994 1659 2042 igitur
1675 1991 1785 2029 facere
1804 2007 1866 2041 po-

1190 2043 1348 2087 terimus,
1387 2044 1411 2079 si
1444 2042 1724 2079 constitutionem
1755 2044 1866 2080 causae

1190 2093 1468 2140 cognoverimus.
1515 2092 1706 2128 Causarum
1740 2093 1867 2128 consti.

1191 2142 1340 2178 tutiones
1383 2141 1440 2178 alii
1482 2151 1634 2190 quatuor
1674 2139 1831 2177 fecerunt
1853 2155 1862 2178 ε

1192 2190 1302 2226 noster
1327 2192 1450 2226 doctor
1468 2191 1651 2226 Hermetes
1669 2201 1734 2226 tres
1762 2201 1864 2238 puta-

1191 2240 1243 2274 vit
1259 2240 1333 2275 else.
1376 2241 1459 2275 Non
1483 2250 1520 2275 ut
1544 2241 1586 2275 de
1607 2239 1745 2275 illorum
1764 2241 1863 2286 quic·

1191 2301 1297 2336 quam
1315 2288 1503 2324 detraheret
1524 2288 1732 2331 inventione,
1753 2288 1804 2323 sed
1825 2298 1865 2325 ut

466 2337 530 2379 bit,
567 2340 735 2386 quaefiisi‘e
772 2339 962 2380 videamur,
989 2341 1012 2373 11
1041 2338 1135 2386 prius
1185 2338 1386 2380 ostenderet,
1434 2338 1479 2378 id,
1523 2339 1621 2385 quod
1660 2338 1865 2385 oportuisset

463 2397 574 2432 pauca
591 2388 633 2423 de
653 2389 830 2424 causarum
853 2386 1020 2423 divifione
1040 2387 1135 2422 dixe-

463 2436 581 2473 rimus.
624 2438 812 2473 Causarum
835 2435 956 2473 divilio
986 2438 1020 2473 in
1050 2436 1137 2473 duas

1187 2387 1383 2435 simpliciter
1409 2399 1441 2422 et
1474 2387 1632 2434 singulari
1667 2386 1774 2422 modo
1800 2386 1863 2422 do-

1186 2449 1273 2479 cere,
1301 2437 1377 2473 illos
1394 2437 1601 2473 distribuisse
1625 2435 1812 2485 dupliciter
1828 2445 1864 2473 et
