2335 3009
568 232 668 271 AD
725 228 1238 271 HERENNIUM
1296 230 1431 270 LIB.

382 326 468 362 Hoc
486 337 556 361 non
584 325 629 367 de
656 323 912 360 enumeratione
939 323 1052 359 nostra

383 375 466 410 fiet:
495 378 593 419 (nam
611 373 645 408 id
661 373 806 420 quidem
823 372 954 420 puerile
983 373 1049 415 est)

381 423 438 458 sed
454 432 588 457 tantum
607 421 706 456 affert
731 420 810 456 usus
835 431 869 456 et
888 421 1051 456 exercita-

382 471 433 506 tio
459 469 647 512 facultatis,
684 479 725 504 ut
757 469 863 504 animi
895 470 1050 516 quodam

381 518 474 554 sensu
493 530 555 566 par
584 519 780 553 membrum
808 518 973 565 superiori
999 531 1050 553 re-

381 565 469 602 ferre
518 568 696 614 possimus‚
736 567 801 602 hoc
843 567 973 602 modo:
1012 569 1050 602 In

376 616 492 662 praelio
517 623 644 650 mortem
663 623 761 662 pater
773 616 945 661 oppetebat,
970 615 1051 650 domi

371 664 462 709 filius
485 667 612 710 nuptias
640 665 866 709 comparabat3
894 664 959 699 haec
989 676 1051 699 om-

382 716 435 748 m‘a
478 725 598 760 graves
646 713 732 758 casus
773 712 1050 756 administrabant.

382 762 483 803 Item,
509 762 580 797 Alu
586 761 726 807 fortuna
741 761 929 806 felicitatem
953 761 1052 804 dedit,

381 811 452 845 huic
471 810 626 856 industria
659 812 812 845 virtutem
842 813 1050 855 comparavit.

383 859 423 894 In
443 859 508 894 hoc
526 871 648 906 genere
663 859 752 907 saepe
768 859 842 894 fieri
864 859 987 909 potest,
1013 868 1055 893 ut

383 919 452 944 non
469 908 571 955 plane
586 919 649 955 par
665 908 706 943 fit
724 920 886 943 numerus
907 907 941 954 sy
944 907 1050 942 llaba-

383 968 475 999 rum,
514 967 548 992 et
581 966 695 992 tamen
727 958 793 991 effe
825 957 996 998 videatur,
1026 956 1051 991 fi

383 1017 453 1040 una
469 1015 529 1040 aut
545 1005 646 1040 etiam
665 1006 769 1040 altera
793 1004 924 1052 syllaba
939 1005 987 1039 est
1004 1005 1051 1038 al-

381 1064 496 1089 terum
515 1054 652 1089 brevius
668 1067 676 1089 ε
705 1064 764 1088 aut
783 1054 819 1096 fi,
845 1065 927 1089 cum
950 1054 985 1088 in
1004 1053 1051 1087 al-

383 1112 458 1137 tero
476 1102 590 1150 plures
609 1102 698 1145 sunt,
725 1102 760 1137 in
786 1103 892 1137 altero
917 1102 1053 1149 longior

383 1161 444 1186 aut
462 1151 645 1198 longiores,
659 1151 794 1198 plenior
811 1161 870 1185 aut
884 1151 1053 1198 pleniores

382 1199 523 1246 syllabae
549 1210 675 1241 erunt·‚
703 1209 743 1234 ut
770 1199 966 1246 longitudo,
993 1208 1054 1234 aut

380 1249 563 1296 plenitudo
607 1248 740 1290 harum,
791 1248 1053 1283 multitudinem

382 1297 521 1331 alterius
537 1297 734 1344 affequatur
747 1306 781 1331 et
797 1306 969 1343 exaequet.
999 1296 1051 1330 Si-

383 1345 510 1380 militer
543 1346 666 1380 cadens
699 1345 877 1380 exornatio
910 1344 1050 1386 dicitur,

383 1405 464 1428 cum
496 1394 530 1428 in
556 1394 674 1429 eadem
698 1393 950 1429 construfflone
976 1405 1051 1428 ver-

384 1443 510 1478 borum
526 1443 599 1477 duo
616 1453 676 1478 aut
697 1443 798 1489 plura
827 1443 904 1477 sunt
932 1442 1050 1483 verba,

383 1503 466 1538 quae
484 1492 638 1526 similiter
667 1491 784 1526 iisdem
807 1491 940 1525 casibus
969 1491 1051 1525 effe-

387 1549 524 1583 runtur,
551 1540 617 1575 hoc
648 1540 776 1575 modo:
805 1541 968 1574 Hominem
982 1539 1052 1574 lau-

383 1588 440 1623 das
455 1598 589 1635 egentem
608 1591 752 1630 virtutis,
778 1588 989 1623 abundantem
997 1589 1051 1634 fe-

383 1637 522 1673 lie-itatis.
576 1638 676 1680 Item,
702 1638 801 1684 Cujus
819 1639 915 1672 omnis
941 1638 977 1671 in
996 1647 1052 1683 pe·

383 1689 477 1721 cunia
494 1688 567 1733 spes
595 1687 647 1731 est,
684 1688 746 1733 ejus
779 1699 800 1720 a
821 1686 979 1732 sapientia
1013 1687 1053 1731 est

383 1738 504 1770 animus
528 1743 673 1770 remotus.
724 1735 901 1782 Diligentia
930 1745 1052 1782 compa-

383 1793 438 1819 rat
471 1784 617 1826 divitias,
660 1784 849 1831 negligentia
881 1787 1051 1830 corrumpit

383 1836 517 1868 animum
531 1851 542 1875 3
568 1842 598 1868 et
614 1840 720 1868 tamen
736 1845 803 1868 cum
820 1835 868 1867 ita
884 1834 983 1875 vivit,
1001 1844 1053 1867 ne-

384 1884 496 1917 minem
511 1882 627 1928 praese
642 1882 724 1917 ducit
740 1882 899 1916 hominem.
951 1881 1054 1916 Simi-

386 1931 462 1966 liter
493 1931 646 1966 definens
683 1931 745 1972 est,
786 1942 881 1972 cum,
923 1929 1055 1965 tametsi

385 1980 480 2015 casus
499 1992 567 2015 non
592 1979 706 2014 insunt
733 1979 767 2014 in
786 1979 913 2021 verbis,
941 1989 1054 2014 tamen

386 2028 509 2063 fimiles
541 2028 654 2064 exitus
689 2028 778 2070 sunt,
822 2028 887 2062 hoc
926 2029 1052 2075 paeto:

385 2077 540 2123 Turpiter
555 2078 651 2112 audes
659 2077 784 2121 facere,
811 2078 946 2123 nequiter
951 2076 1055 2120 studes

385 2124 494 2161 dicere.
537 2126 805 2172 V1v1smv1dwse,
831 2125 979 2174 delinquis
985 2126 1055 2169 stu-

386 2174 476 2220 diost,
503 2174 632 2222 loqueris
648 2175 753 2220 odiose.
806 2175 906 2216 Item,
925 2173 1054 2209 Audac-

387 2231 437 2256 ter
451 2227 594 2265 territas,
619 2224 780 2259 humiliter
794 2224 915 2269 placas.
959 2223 1053 2258 Haec

386 2272 459 2306 duo
492 2284 625 2318 genera,
662 2285 813 2320 quorum
844 2273 989 2307 alterum
1021 2272 1055 2308 in

386 2320 512 2361 exitus,
539 2322 683 2355 alterum
708 2322 742 2356 in
760 2322 868 2363 casus,
897 2320 1053 2355 similitu-

387 2369 466 2403 dine
484 2369 645 2412 versatur‚
672 2370 758 2404 inter
782 2370 812 2404 se
841 2369 1059 2404 vehementer

387 2418 622 2458 conveniunt·,
649 2428 682 2452 et
699 2430 737 2452 ea
752 2430 795 2458 re,
822 2419 884 2465 qui
902 2418 954 2452 his
972 2418 1058 2453 bene

389 2476 547 2509 utuntur,
573 2466 779 2513 plerumque
804 2466 904 2501 simul
921 2477 960 2501 ea
982 2467 1054 2502 col-

1483 230 1558 270 1V.
1687 243 1738 270 20
1743 243 1766 285 ς

1100 324 1216 360 locant
1234 324 1268 360 in
1287 324 1403 360 iisdem
1419 325 1577 373 partibus
1594 325 1769 362 orationis.

1101 374 1142 408 Id
1166 373 1232 408 hoc
1256 374 1358 421 paeto
1374 373 1485 409 facere
1500 383 1657 421 oportet:
1687 375 1771 410 Per-

1100 421 1241 466 ditiffima
1262 424 1348 457 ratio
1369 423 1554 466 estamorem
1570 431 1690 469 petere,
1706 432 1770 468 pu-

1098 470 1202 506 dorem
1231 471 1351 516 fugere
1382 489 1392 512 ·‚
1442 470 1573 517 diligere
1610 471 1773 516 sormam,

1100 521 1253 565 negligere
1262 519 1396 564 famam.
1449 520 1523 554 Hic
1548 528 1583 553 et
1598 531 1637 554 ea
1652 520 1771 563 verba,

1100 579 1183 614 quae
1213 567 1306 603 casus
1337 567 1476 609 habent,
1503 567 1546 602 ad
1568 567 1662 602 casus
1679 569 1772 603 firni-

1101 617 1173 657 les3
1201 627 1235 651 et
1252 615 1322 657 illa,
1349 627 1432 662 quae
1462 627 1533 651 non
1562 616 1701 659 habent,
1727 617 1771 652 ad

1102 665 1226 700 fimiles
1247 664 1360 699 exitus
1380 663 1535 699 veniunt.

1151 714 1257 748 XXI.
1296 713 1550 748 Annominatio
1584 712 1644 755 est,
1689 725 1772 748 cum

1103 761 1147 796 ad
1176 762 1267 797 idem
1292 762 1441 796 verbum
1466 770 1501 796 et
1524 761 1615 796 idem
1646 774 1772 797 nomen

1103 811 1278 845 acceditur
1303 810 1575 845 commutatione
1602 811 1705 846 unius
1731 811 1772 846 li-

1104 869 1185 894 terae
1216 869 1276 893 aut
1308 859 1497 900 literarum,
1538 858 1679 906 syllabae
1712 869 1774 895 aut

1101 908 1334 954 iyllabarum3
1363 918 1423 942 aut
1449 907 1493 942 ad
1522 919 1573 942 res
1599 907 1773 943 diffimiles

1102 957 1224 992 fimilia
1237 956 1345 991 verba
1360 956 1678 991 accommodantur.
1720 957 1774 991 Ea

1102 1005 1221 1040 multis
1238 1015 1273 1040 et
1290 1005 1392 1040 variis
1415 1004 1606 1040 rationibus
1631 1005 1775 1040 confici-

1103 1063 1171 1090 tur.
1209 1054 1470 1096 Attenuatione,
1485 1063 1545 1088 aut
1558 1054 1774 1101 complexio·

1102 1115 1144 1137 ne
1171 1101 1321 1148 ejusdem
1349 1103 1470 1145 literae,
1508 1102 1578 1137 fic:
1612 1105 1687 1144 Hic,
1721 1104 1774 1150 qui

1092 1151 1129 1196 se
1161 1151 1324 1197 magnifice
1345 1153 1466 1197 juttae,
1504 1159 1598 1199 atque
1628 1151 1772 1195 ostentat,

1102 1201 1206 1234 veniit
1223 1213 1244 1234 a
1261 1208 1292 1234 te
1307 1208 1394 1241 ante,
1412 1211 1504 1247 quam
1519 1202 1652 1235 Romam
1669 1201 1771 1235 venit.

1103 1249 1160 1283 Ex
1188 1249 1384 1283 contrario:
1424 1250 1502 1290 Hic,
1537 1260 1608 1295 quos
1639 1249 1774 1283 homines

1103 1297 1173 1331 alea
1190 1299 1305 1338 vincit,
1332 1309 1379 1330 eos
1387 1296 1480 1339 ferro
1489 1297 1600 1341 statim
1614 1298 1637 1319 ³*
1656 1299 1772 1332 vincit.

1103 1345 1337 1380 productione
1365 1344 1516 1392 ejusdem
1547 1345 1668 1387 literae‚
1706 1346 1772 1380 hoc

1102 1394 1208 1429 modo
1223 1408 1231 1429 t
1251 1395 1346 1429 Hunc
1363 1395 1472 1429 avium
1489 1393 1612 1428 dulcedo
1629 1393 1714 1429 ducit
1730 1393 1776 1428 ad

1100 1446 1221 1478 avium.
1274 1443 1447 1477 Brevitate
1472 1441 1622 1487 ejusdem
1650 1443 1773 1485 literae,

1101 1491 1168 1526 hoc
1191 1491 1297 1526 modo
1313 1505 1320 1525 :
1349 1492 1415 1526 Hic
1437 1491 1559 1534 tametst
1577 1491 1704 1526 videtur
1723 1492 1775 1539 effi

1101 1541 1224 1575 honoris
1254 1540 1392 1586 cupidus,
1426 1547 1533 1574 tamen
1563 1552 1622 1575 non
1649 1549 1775 1575 tantum

1102 1591 1220 1624 curiam
1230 1588 1335 1635 diligit
1352 1597 1500 1636 quantum
1514 1589 1655 1624 Curiam.
1699 1590 1776 1624 Ad-

1102 1638 1222 1673 dendis
1246 1637 1364 1680 literis,
1392 1638 1458 1672 hoc
1482 1638 1606 1685 paeto:
1636 1638 1700 1672 Hic
1709 1638 1782 1682 fibi*

1096 1685 1191 1733 poffl’t
1207 1693 1391 1732 temperare,
1407 1686 1466 1730 nisi
1480 1689 1580 1721 amori
1595 1687 1702 1721 mallet
1720 1687 1774 1722 ob—

1100 1743 1282 1782 temperare.
1311 1735 1500 1770 Demendis
1517 1734 1634 1776 literis,
1654 1735 1698 1770 fic
1714 1749 1722 1770 :
1742 1737 1776 1770 Si

1101 1785 1229 1826 lenones,
1255 1791 1407 1831 tanquam
1420 1783 1528 1825 leones,
1545 1784 1682 1831 vitqffet‚
1695 1786 1774 1818 vitae

1094 1833 1131 1879 Je
1147 1832 1328 1880 tradidiffl’t.
1376 1831 1639 1867 Transferendis
1656 1832 1775 1875 literis,

1105 1882 1174 1917 sic:
1202 1883 1324 1924 Videte,
1349 1881 1488 1928 Judices,
1524 1889 1629 1916 utrum
1661 1882 1776 1916 homini

1103 1942 1202 1973 navo,
1219 1943 1261 1965 an
1277 1942 1374 1972 vano,
1387 1929 1508 1965 credere
1525 1931 1653 1965 malitis.
1672 1930 1774 1972 Item,

1104 1979 1189 2016 Nolo
1206 1979 1258 2027 ‘ff‘
1274 1979 1434 2020 laudator,
1460 1991 1499 2013 ne
1523 1978 1638 2013 videar
1661 1979 1772 2014 adula-

1103 2037 1164 2063 tor.
1217 2027 1499 2070 Commutandis,
1538 2027 1604 2062 hoc
1639 2029 1772 2062 modo:

1104 2077 1251 2123 Deltgere
1267 2084 1399 2124 oportet,
1425 2088 1512 2123 quem
1536 2076 1615 2111 velis
1635 2076 1773 2123 diligere.

1106 2126 1178 2161 Hae
1196 2125 1274 2161 sunt
1299 2126 1606 2167 annominationes‚
1633 2137 1714 2172 quae
1740 2125 1775 2159 in

1105 2174 1292 2217 literatura,
1352 2175 1448 2209 brevi
1491 2173 1774 2213 commutatione,

1105 2233 1166 2258 aut
1187 2223 1430 2270 produffione,
1459 2232 1519 2257 aut
1546 2222 1774 2261 transsatione,

1105 2282 1166 2307 aut
1188 2272 1306 2320 aliquo
1324 2270 1521 2318 hujusmodi
1539 2282 1671 2318 genere,
1698 2283 1769 2305 ver—

1105 2320 1230 2356 santur.

1158 2369 1278 2404 XXII.
1307 2369 1397 2403 Sunt
1425 2377 1540 2402 autem
1574 2367 1663 2410 aliae,
1690 2380 1762 2414 qna

1107 2430 1176 2453 non
1212 2418 1337 2452 habent
1371 2426 1441 2451 tarn
1469 2417 1687 2464 propinqua
1677 2429 1700 2451 π
1741 2418 1771 2450 {n

1107 2466 1220 2502 verbis
1263 2465 1543 2509 sunilitudinem,
1585 2476 1620 2501 et
1660 2477 1703 2500 tc.
1706 2479 1775 2501 nm
