2241 2994
548 211 625 253 392

542 297 644 341 stans,
670 297 709 332 in·
722 296 824 332 rebus
839 297 895 332 vel
913 296 1137 338 inveniendis,
1157 297 1211 332 vel

537 345 736 394 judicandis
762 345 984 386 accerrimus,
1017 346 1209 381 admirabili

543 395 694 443 quadam
707 395 843 430 scientia
856 405 891 429 et
905 395 1006 442 copia
1019 404 1211 430 ceterorum

543 444 655 479 studia
673 443 834 479 restinxit.
874 443 1029 478 Platonis
1048 443 1210 478 alumnus

542 493 631 529 fuit:
652 505 671 528 a
683 505 756 540 quo
770 505 838 528 non
851 492 1044 528 dissentiens
1062 492 1096 527 in
1110 494 1210 527 tertio

543 544 580 578 de
597 542 797 588 Philosophia
820 542 912 576 libro
932 541 1044 575 multa
1070 542 1207 576 turbat:

544 592 651 628 modo
671 592 762 626 enim
791 590 897 625 menti
921 590 1044 625 tribuit
1070 601 1208 624 omnem

542 640 773 683 divinitatem,
791 640 898 675 niodo
912 638 1083 673 mundum
1099 637 1209 685 ipsum

543 691 649 726 deum
673 691 737 726 effe
766 689 873 729 dicit·,
901 687 1007 723 modo
1035 687 1211 733 quendam

544 739 654 775 aliurn
683 738 831 786 praeficit
858 737 1004 775 mundo,
1029 736 1131 782 eique
1155 747 1212 770 eas

543 798 657 837 partes
671 785 806 828 tribuit,
832 795 873 820 ut
890 785 1110 833 replicatione
1126 796 1213 832 qua-

544 838 626 873 darn
651 835 773 871 mundi
803 843 939 869 motum
970 843 1077 881 regat,
1112 843 1215 880 atque

544 895 702 922 tueatur:
731 894 809 920 tum
825 883 909 919 coeli
931 883 1087 917 ardorem
1108 882 1215 917 deum

542 936 608 970 effe
635 934 732 975 dicit,
762 945 830 969 non
861 932 1053 978 intelligens
1081 931 1215 966 coelum

543 983 666 1020 mundi
682 983 747 1019 effe
784 991 903 1024 artem,
929 992 1034 1028 quem
1051 980 1120 1014 alio
1137 979 1215 1015 loco

544 1033 614 1081 ipse
639 1031 820 1079 designarit
844 1030 961 1065 deum.
1004 1029 1142 1064 Primus
1158 1040 1213 1063 eas

534 1083 663 1129 species,
682 1092 769 1128 quas
784 1079 926 1115 mirifice
939 1077 1099 1125 magister
1112 1078 1213 1112 Plato

542 1140 615 1166 erat
628 1130 857 1178 amplexatus,
881 1126 1113 1163 labefactavit.
1143 1127 1212 1161 Ve-

543 1190 630 1215 teres
663 1177 893 1225 Pliilosophos
925 1174 1109 1216 accusans‚'
1151 1175 1214 1222 qui

543 1228 785 1264 existimassent
802 1225 1059 1272 Philosophiam
1077 1224 1145 1259 suis
1161 1226 1211 1259 in-

544 1278 653 1326 geniis
679 1277 743 1312 effe
768 1274 968 1324 perfectam,
994 1273 1132 1309 dicebat
1156 1285 1214 1309 eos

543 1337 605 1362 aut
630 1326 841 1362 stultiffimos
869 1333 928 1358 aut
959 1322 1215 1370 gloriosissimos

543 1376 661 1411 fuisse:
689 1375 744 1410 sed
767 1373 798 1410 se
819 1373 948 1414 videre,
972 1371 1071 1419 quod
1094 1372 1214 1419 paucis

544 1426 642 1460 annis
672 1435 798 1471 magna
831 1423 972 1457 acceffio
1001 1419 1092 1455 faeta
1120 1420 1212 1463 effer,

546 1473 641 1509 brevi
661 1483 814 1520 tempore
832 1470 1091 1518 Philosophiam
1111 1470 1213 1516 plane

543 1523 736 1562 absolutam
764 1520 848 1556 fore.
895 1521 1017 1566 Itaque
1043 1519 1125 1553 vitae
1154 1519 1212 1553 de-

543 1572 667 1620 gendae
694 1570 782 1606 ratio
815 1569 964 1604 maxime
992 1567 1135 1615 quidem
1164 1567 1212 1602 illi

543 1620 677 1670 placuit
701 1619 832 1667 quieta,
858 1618 896 1653 iri.
923 1616 1215 1663 contemplatione

540 1681 578 1706 et
602 1669 800 1718 cognitione
825 1666 935 1715 posita
964 1677 1102 1701 rerum:
1130 1676 1213 1712 quae

544 1719 629 1767 quia
653 1719 797 1753 deorum
819 1725 892 1751 erat
913 1715 998 1750 vitae
1029 1714 1215 1755 simillima,

543 1769 692 1816 sapiente
701 1767 773 1802 visa
787 1765 835 1801 est
851 1764 1056 1813 dignissima.
1092 1764 1216 1810 Atque

545 1817 599 1853 his
611 1818 653 1852 de
668 1816 769 1851 rebus
785 1824 819 1850 et
837 1813 1013 1862 splendida
1028 1811 1077 1847 est
1091 1810 1165 1859 ejus
1182 1821 1218 1847 et

545 1865 687 1902 illustris
711 1864 832 1900 oratio.
874 1863 961 1898 Duo
990 1873 1113 1910 genera
1140 1859 1214 1907 ejus

545 1915 716 1950 librorum
735 1913 834 1949 sunt:
867 1923 978 1947 unum
1001 1910 1216 1959 populariter

546 1964 727 2012 scriptum,
761 1961 859 2009 quod
891 1965 1036 2006 ἐξωτερικὶν
1063 1959 1215 2007 appella.-

547 2023 628 2048 tur:
670 2012 816 2046 alterum
848 2009 1013 2051 limatius,
1047 2008 1146 2056 quod
1181 2008 1215 2042 in

546 2059 802 2098 commentariis
820 2058 977 2094 relietum
999 2057 1057 2093 est.
1102 2056 1215 2092 Perse-

546 2121 652 2147 cutus
668 2109 715 2145 est
731 2107 890 2144 omniurn
909 2106 1136 2142 animantium
1160 2118 1214 2141 or-

548 2171 618 2202 tus,
637 2159 763 2201 νίέὶυς,
787 2157 938 2205 figuras:
967 2165 1043 2190 tum
1056 2155 1215 2190 omnium

547 2209 618 2244 scre
633 2207 814 2243 civitatum
833 2218 902 2241 non
921 2204 1070 2240 Graeciae
1092 2203 1214 2245 solum,

548 2259 602 2293 scd
615 2258 717 2293 etiam
735 2254 921 2297 Barbariae,
941 2265 1064 2295 more5‚
1085 2252 1214 2288 institu-

548 2317 595 2349 ta,
612 2305 806 2353 disciplinas
823 2318 830 2339 :
859 2303 998 2351 qualem
1017 2302 1050 2338 in
1069 2302 1215 2349 Repub-

546 2357 613 2391 lica
631 2354 821 2393 mintiwcm
846 2353 911 2388 ess'e
932 2351 1128 2394 conveniat,
1153 2350 1215 2397 qui

547 2405 629 2440 esset
664 2395 819 2452 optimus
854 2400 1076 2448 Reipublicae
1112 2400 1216 2435 status

547 2453 695 2497 docuit-,
723 2462 933 2500 omnemque
957 2450 1050 2487 hunc
1077 2448 1216 2488 civilem

903 199 1007 239 DE
1076 198 1580 240 DOCTRINA

1261 297 1379 332 locum
1403 297 1481 345 post
1504 297 1683 333 Platonem
1702 297 1929 346 Philosopho-

1261 359 1338 381 rum
1356 348 1551 394 principem
1568 347 1761 382 illustravit.
1801 347 1928 383 Gravi-

1261 405 1310 430 ter
1327 405 1361 430 et
1377 407 1456 430 vere
1477 408 1536 431 eos
1558 395 1840 443 reprehendebat,
1865 396 1930 443 qui

1260 444 1319 478 has
1336 444 1517 480 effusiones
1535 444 1759 491 pecuniarum
1779 457 1848 480 non
1869 445 1929 480 ad-

1260 493 1476 536 mirarentur,
1503 505 1586 540 quae
1600 493 1689 528 fiunt
1707 494 1750 528 ad
1768 493 1928 528 multitu-

1258 542 1374 576 dinem
1391 541 1632 576 deliniendam.
1670 543 1829 577 Tandem
1847 554 1931 577 vero

1260 601 1341 624 curii
1373 590 1492 624 florere
1519 590 1700 625 Isocratem
1726 592 1799 635 (cui
1823 591 1931 638 paulo

1261 638 1445 685 impensius
1458 638 1653 674 adversatus
1667 637 1765 674 fuiss‘e
1776 639 1930 682 videtur)

1262 687 1442 722 nobilitate
1483 687 1735 735 discipulorum
1779 688 1929 731 videret,

1261 736 1361 783 quod
1403 736 1472 783 ipse
1509 735 1583 772 suas
1620 737 1869 784 disputationes
1911 749 1932 771 a

1262 785 1370 819 causis
1400 784 1592 821 forensibus
1621 795 1656 820 et
1689 786 1853 821 civilibus
1887 786 1932 821 ad

1264 833 1428 880 majorem
1483 833 1645 869 sermonis
1697 835 1932 882 eloquentiam

1263 883 1494 925 transtuliffet‚
1531 883 1681 918 mutavit
1711 894 1848 930 repente
1876 893 1930 919 to-

1264 941 1334 966 tam
1352 931 1501 966 formam
1519 943 1628 979 prope
1639 931 1830 979 disciplinae
1848 931 1930 974 suae,

1266 980 1471 1028 versumque
1511 982 1687 1027 quendam
1728 981 1933 1016 Philoctetae

1265 1029 1373 1076 paulo
1395 1029 1488 1064 secus
1505 1029 1606 1065 dixit.
1649 1030 1711 1065 Ille
1733 1029 1824 1064 enim
1841 1038 1934 1076 turpe

1263 1078 1325 1113 fibi
1349 1078 1396 1113 ait
1418 1078 1472 1124 effe
1500 1086 1606 1112 tacere
1631 1090 1714 1113 cum
1740 1078 1932 1121 Barbaros·,

1264 1126 1319 1161 hic
1345 1136 1473 1167 autern,
1501 1139 1568 1162 cum
1586 1126 1750 1172 Isocratem
1768 1136 1935 1173 pateretur

1263 1176 1372 1210 dicere.
1415 1176 1537 1222 Itaque
1554 1177 1692 1211 ornavit
1704 1187 1738 1211 et
1751 1176 1933 1212 illustravit

1263 1225 1455 1259 doctrinam
1498 1225 1592 1260 illam
1633 1237 1785 1266 omnem,
1825 1237 1932 1272 quam

1266 1274 1508 1321 pomeridianis
1545 1274 1636 1309 horis
1673 1274 1842 1315 docebat·,
1883 1287 1930 1309 re-

1265 1335 1415 1370 rumque
1425 1323 1658 1370 cognitionem
1673 1335 1754 1358 cum
1769 1323 1934 1359 orationis

1263 1371 1504 1406 exercitatione
1530 1371 1722 1419 conjunxit.
1765 1372 1821 1407 De
1839 1373 1933 1408 Rhe-

1265 1421 1372 1455 torica
1413 1420 1543 1468 scripsit
1584 1432 1753 1462 accurate,
1793 1419 1936 1468 ejusque

1262 1469 1431 1516 originem
1451 1470 1493 1504 fic
1510 1470 1642 1505 docuit.
1685 1471 1792 1511 Cum,
1818 1469 1932 1505 subla-

1263 1517 1306 1552 tis
1326 1519 1358 1553 in
1380 1519 1495 1553 Sicilia
1521 1519 1685 1565 tyrannis,
1714 1531 1763 1554 res
1787 1519 1935 1567 privatae

1265 1569 1370 1615 longo
1390 1568 1571 1602 intervallo
1584 1567 1725 1614 judiciis
1744 1578 1932 1615 repeteren-

1266 1628 1334 1659 tur,
1362 1627 1436 1651 tum
1456 1617 1608 1664 primum
1628 1617 1740 1664 (quod
1756 1618 1836 1652 ess‘et
1853 1629 1932 1652 acu-

1264 1677 1298 1702 ta
1320 1666 1380 1700 illa
1395 1677 1480 1712 gens
1502 1676 1536 1700 et
1558 1666 1776 1700 controversa
1794 1667 1932 1708 natura)

1264 1724 1370 1751 artem
1395 1725 1429 1749 et
1452 1724 1626 1762 praecepta
1652 1714 1798 1756 Siculos,
1826 1716 1935 1750 Cora·

1265 1775 1339 1800 cem
1361 1773 1396 1798 et
1416 1763 1549 1798 Tisiam
1575 1763 1824 1811 conscripsisse:
1853 1775 1933 1799 nam

1266 1824 1364 1848 antea
1393 1812 1563 1847 neminem
1599 1812 1736 1847 solitum
1767 1812 1835 1855 via,
1872 1824 1933 1848 nec

1265 1873 1347 1904 arte,
1388 1861 1442 1897 sed
1474 1871 1633 1896 accurate
1666 1871 1792 1903 tamen,
1830 1871 1864 1896 et
1891 1862 1937 1896 de

1264 1911 1392 1959 scripto
1414 1911 1593 1958 plerosque
1614 1910 1746 1951 dicere3
1782 1910 1934 1958 scriptas-

1265 1972 1335 2008 que
1351 1959 1462 2001 fuisse‚
1487 1971 1522 1994 et
1548 1969 1680 2008 paratas
1703 1971 1722 1993 a
1745 1959 1934 2007 Protagora

1267 2021 1380 2044 rerum
1425 2008 1622 2044 illlustrium
1663 2007 1932 2055 disputationes,

1265 2070 1347 2105 quae
1359 2069 1449 2092 nunc
1461 2069 1663 2093 communes
1676 2057 1842 2092 dicuntur
1855 2057 1933 2093 loci.

1266 2109 1300 2142 A
1320 2106 1475 2154 principe
1495 2106 1600 2154 igitur
1619 2106 1678 2140 illo
1694 2116 1797 2152 atque
1816 2106 1936 2141 inven-

1266 2166 1339 2191 tore
1364 2156 1461 2190 Titia·
1484 2165 1613 2190 veteres
1642 2155 1722 2190 artis
1756 2155 1936 2202 scriptores

1266 2203 1427 2252 repetitos
1445 2216 1554 2239 unum
1575 2204 1607 2238 in
1623 2205 1738 2239 locum
1752 2203 1937 2246 conduxit,

1263 2263 1299 2288 et
1324 2253 1526 2288 nominatim
1556 2251 1724 2300 cujusque
1758 2263 1936 2300 praecepta

1265 2313 1390 2349 magna
1406 2302 1598 2349 conquisita
1619 2313 1701 2337 cura
1723 2301 1852 2336 conseri
1881 2301 1934 2343 sit,

1266 2361 1370 2398 atque
1392 2352 1538 2386 enodata
1560 2350 1742 2398 diligenter
1759 2362 1850 2397 expo
1866 2350 1932 2385 uit:

1266 2412 1305 2435 ac
1324 2410 1459 2435 tantum
1475 2400 1553 2448 ipsis
1573 2399 1811 2435 inventoribus
1824 2398 1934 2434 suavi·

1267 2458 1336 2486 tate
1352 2460 1386 2485 et
1413 2449 1579 2486 brevitate
1604 2447 1740 2485 dicendi
1760 2447 1934 2498 prestitit,
