2335 3009
506 249 556 302 3⁶
853 245 1542 288 EPISTOLARUM

824 483 1091 521 MARCUS
1136 482 1204 532 Q
1237 480 1490 518 Fani-1³1
1537 479 1576 517 S.

510 611 585 649 VI.
612 608 734 682 AN
751 610 837 648 TE
873 610 978 648 diem
1001 622 1086 647 v111
1112 607 1171 646 Id.
1199 606 1329 659 April.
1354 606 1542 659 sponsalia
1563 605 1774 659 Craffipedi
1794 619 1894 659 prae-

736 674 823 712 bui.
866 674 976 712 Huic
1011 672 1193 711 convivio
1231 685 1328 724 puer
1371 671 1547 723 optimus
1592 671 1768 722 Qintus
1804 679 1896 708 tuus

511 741 714 794 meusque,
745 739 850 792 quod
879 738 1086 791 perleviter
1105 746 1329 775 commotus
1350 735 1490 781 fuerat,
1521 735 1663 774 defuit.
1709 737 1761 774 A.
1785 734 1824 773 d.
1849 747 1894 773 v1

513 807 574 845 Id.
609 805 740 858 April.
771 804 860 842 veni
891 804 938 841 ad
959 803 1176 855 Qintum‚
1207 815 1377 854 eumque
1408 801 1488 839 vidi
1521 801 1635 853 plane
1666 801 1894 852 integrum;

512 872 768 924 multumque
788 869 820 907 is
841 882 1000 907 mecum
1030 868 1247 906 sermonem
1277 866 1418 905 habuit
1447 876 1485 904 et
1514 865 1820 919 perhumanum,
1852 864 1900 903 de

513 937 716 975 discordiis
738 935 948 973 mulierum
971 933 1202 972 nostrarum.
1249 932 1358 984 Qid
1379 932 1519 984 quaeris
1539 933 1553 969 ?
1585 931 1686 969 nihil
1707 930 1896 969 festivius.

514 1001 734 1054 Pomponia
764 1009 895 1038 autem
925 999 1043 1037 etiam
1075 998 1123 1036 de
1150 1007 1187 1036 te
1207 998 1338 1050 questa
1357 996 1410 1034 est
1428 1011 1437 1034 :
1471 996 1533 1034 sed
1552 995 1635 1034 haec
1656 1009 1787 1034 coram
1807 1009 1903 1048 age-

513 1080 618 1105 mus.
664 1068 701 1104 A
727 1078 850 1118 puero
876 1073 920 1102 ut
947 1063 1108 1108 discesfi,
1139 1063 1181 1100 in
1210 1075 1337 1100 aream
1358 1071 1466 1099 tuam
1487 1062 1603 1099 veni:
1637 1073 1695 1098 res
1716 1060 1902 1112 agebatur

512 1131 652 1170 multis
674 1129 942 1168 structoribus.
974 1127 1209 1179 Longilium
1231 1125 1519 1177 redemptorem
1540 1124 1768 1163 cohortatus
1789 1125 1899 1163 sum:

513 1196 632 1235 fidem
654 1195 755 1234 mihi
775 1193 944 1232 faciebat
964 1192 1000 1229 se
1021 1191 1121 1229 velle
1141 1191 1257 1229 nobis
1286 1190 1453 1244 placere.
1500 1191 1657 1229 Domus
1686 1191 1761 1229 erit
1789 1204 1902 1244 egre-

513 1262 604 1314 gia:
636 1260 760 1312 magis
780 1259 887 1297 enim
908 1257 1014 1295 cerni
1030 1257 1113 1309 jam
1134 1264 1302 1309 poterat,
1331 1269 1451 1309 quam
1471 1265 1667 1308 quantum
1695 1269 1743 1295 ex
1775 1255 1903 1295 forma

508 1327 800 1380 judicabamus.
846 1324 1027 1375 Itemque
1059 1321 1184 1360 nostra
1215 1321 1393 1360 celeriter
1425 1321 1702 1360 aedificabatur.
1748 1322 1810 1359 Eo
1839 1321 1904 1360 die

515 1390 666 1430 coenavi
686 1389 787 1442 apud
810 1387 1086 1440 Craffipedem.
1134 1387 1340 1431 Coenatus,
1370 1386 1410 1424 in
1432 1385 1568 1424 hortos
1589 1386 1635 1424 ad
1666 1386 1903 1439 Pompeium

516 1457 652 1495 lectica
672 1455 772 1493 latus
804 1453 902 1491 sum.
950 1452 1170 1491 Lucceium
1200 1450 1409 1489 convenire
1435 1464 1514 1489 non
1546 1461 1765 1504 potueram,
1796 1451 1907 1504 quod

516 1521 719 1560 abfuerat:
751 1519 880 1558 videre
906 1526 1036 1556 autem
1058 1517 1255 1563 volebam,
1285 1516 1392 1570 quod
1424 1530 1526 1555 eram
1560 1516 1743 1570 postridie
1775 1517 1907 1555 Roma

517 1588 709 1632 exiturus,
740 1595 777 1624 et
799 1584 906 1638 quod
935 1583 1003 1622 ille
1031 1584 1071 1622 in
1103 1583 1317 1622 Sardiniam
1348 1583 1422 1620 iter
1450 1581 1634 1621 habebat.
1681 1582 1906 1620 Hominem

518 1653 699 1697 oenveni,
730 1661 769 1689 et
788 1651 835 1688 ab
856 1663 902 1688 eo
921 1649 1059 1702 petivi,
1091 1658 1134 1687 ut
1165 1648 1462 1701 quamprimum
1496 1657 1533 1686 te
1565 1647 1680 1686 nobis
1711 1647 1902 1687 redderet.

519 1718 658 1755 Statim
680 1716 796 1754 dixit.
843 1715 937 1753 Erat
957 1723 1087 1752 autem
1112 1715 1238 1752 iturus
1263 1716 1325 1766 (ut
1346 1712 1490 1763 aiebat)
1513 1726 1547 1751 a.
1571 1713 1610 1751 d.
1637 1726 1693 1751 111
1718 1712 1778 1750 Id.
1802 1713 1902 1765 Apr.

520 1793 563 1821 ut
592 1791 659 1819 aut
685 1780 880 1824 Labrone,
911 1788 978 1817 aut
1010 1779 1120 1824 Pifis‚
1151 1778 1440 1817 conscenderet.
1488 1779 1570 1822 Tu,
1602 1777 1658 1815 mi
1690 1776 1822 1822 frater,
1854 1777 1904 1816 sl-

518 1847 649 1887 mulac
682 1846 750 1883 ille
780 1844 943 1888 venerit,
975 1844 1141 1896 primam
1175 1844 1464 1896 navigationem
1499 1842 1735 1894 (dummodo
1768 1842 1907 1880 idonea

521 1911 723 1965 tempestas
744 1910 807 1960 sit)
832 1923 879 1947 ne
899 1909 1089 1948 omiseris.
1135 1906 1377 1956 Ἀμφιλαιφιάν
1407 1918 1538 1947 autem
1569 1908 1679 1947 illam
1711 1922 1829 1961 quam
1862 1917 1906 1946 tu

520 1977 616 2016 soles
637 1977 780 2020 dicere,
812 1975 916 2012 bono
936 1974 1056 2012 modo
1076 1973 1260 2017 desidero,
1293 1974 1342 2011 fic
1370 1973 1537 2026 prorsus,
1571 1983 1614 2011 ut
1634 1973 1906 2011 advenientem

520 2043 713 2095 excipiam
735 2041 931 2085 libentem
963 2039 1148 2077 latentem
1171 2040 1289 2076 etiam
1312 2053 1416 2077 nunc
1438 2053 1516 2076 non
1537 2039 1722 2077 excitem.
1756 2039 1905 2077 Tribus

520 2109 618 2147 locis
641 2107 818 2151 aedifico;
842 2106 991 2158 reliqua
1012 2105 1278 2150 rcconcinno;
1301 2105 1391 2143 vivo
1412 2104 1529 2157 paulo
1550 2105 1764 2149 liberalius,
1787 2119 1906 2157 quam

519 2174 706 2214 solebam.
741 2173 853 2225 Opus
874 2180 968 2215 erat,
1001 2171 1026 2208 si
1050 2180 1085 2208 te
1107 2169 1305 2215 haberem,
1329 2170 1521 2223 paulisper
1542 2169 1660 2208 fabris
1683 2170 1815 2209 locum
1837 2170 1906 2209 dav-

522 2253 619 2279 rem.
667 2237 739 2276 Sed
760 2247 798 2275 et
819 2236 900 2275 haec
925 2239 988 2288 (ut
1010 2235 1135 2289 spero)
1161 2236 1266 2273 brevi
1290 2236 1390 2273 inter
1412 2250 1480 2273 nos
1502 2236 1905 2275 communicabimus.

522 2305 600 2342 Res
622 2313 752 2341 autem
774 2303 962 2341 Romanae
983 2301 1031 2339 sic
1056 2301 1127 2339 sese
1150 2299 1309 2339 habent.
1357 2301 1504 2339 Consul
1526 2301 1577 2339 est
1599 2302 1776 2353 egregius
1799 2301 1907 2340 Len-

522 2370 643 2413 tulus,
677 2382 753 2405 non
788 2367 1026 2420 impediente
1053 2366 1229 2419 collega:
1264 2366 1328 2410 sic,
1361 2366 1536 2418 iuquam,
1571 2366 1723 2411 bonus]
1758 2377 1800 2405 ut
1823 2381 1907 2405 me-

522 2435 659 2473 liorem
697 2447 772 2470 non
810 2433 989 2470 viderim.
1039 2433 1133 2470 Dies
1168 2432 1385 2469 comitiales
1422 2433 1567 2470 exemit
1602 2446 1753 2470 omneS.
1801 2433 1910 2471 Nam

521 2501 637 2539 ctiam
662 2499 810 2538 Latinae
831 2498 1117 2538 instaurantur:
1152 2512 1220 2536 nec
1253 2509 1381 2537 tamen
1404 2498 1560 2537 deerant
1588 2498 1907 2552 supplicationes-
