2335 3009
979 174 1209 230 [149]

523 417 1682 478 RHETORICORUM

1035 613 1074 651 A

1122 612 1163 651 D

417 794 512 872 C.
638 793 1783 871 HERENNIUM

836 1010 1362 1050 LIBERI.

405 1184 434 1222 1.
590 1184 626 1219 T
641 1183 693 1218 SI
725 1183 870 1230 negotiis
900 1181 1077 1218 familiari-

459 1184 573 1316 E
603 1233 668 1268 bus
701 1232 871 1279 impediti,
908 1232 968 1266 vix
1001 1232 1078 1267 satis

601 1281 713 1317 otium
731 1280 844 1315 studio
862 1280 1079 1327 suppeditare

405 1330 598 1386 possumus,
615 1340 650 1365 et
667 1329 828 1386 idipsum,
860 1333 956 1376 quod
975 1329 1078 1364 datur

405 1380 480 1422 otii,
493 1379 677 1414 libentius
669 1391 703 1413 in
719 1378 935 1424 philosophia
953 1378 1074 1413 consu

404 1440 496 1464 mere
513 1427 772 1463 consuevimus:
791 1437 904 1462 tamen
922 1437 982 1461 tua
1000 1438 1074 1468 nos,

405 1478 446 1512 C.
479 1476 648 1517 Herenni,
677 1477 838 1511 voluntas
869 1475 1074 1518 commovit,

405 1536 446 1561 ut
466 1525 509 1561 de
533 1525 661 1561 ratione
686 1525 822 1560 dicendi
850 1524 1075 1559 conscribere-

406 1586 508 1616 mus3
545 1586 587 1609 ne
621 1584 680 1608 aut
714 1583 774 1608 tua
802 1572 901 1607 causa
934 1573 1077 1608 noluiffe

405 1635 481 1665 nos,
507 1632 567 1658 aut
596 1623 719 1670 fugisse
735 1624 900 1663 laborem,
928 1632 1076 1669 putares.

405 1671 455 1707 Et
469 1683 511 1707 eo
529 1671 715 1707 studiosius
729 1672 794 1706 hoc
814 1672 991 1718 negotium
1011 1671 1076 1705 sus-

406 1720 573 1768 cepimus,
601 1721 698 1767 quod
724 1730 758 1754 te
784 1732 852 1754 non
882 1719 950 1754 fine
979 1719 1077 1754 causa

404 1769 494 1805 ‚velle
515 1769 718 1816 cognoscere
743 1778 847 1804 artem
874 1769 1077 1803 rhetoricam

404 1817 693 1865 intelligebamus.
733 1818 817 1853 Non
840 1817 931 1852 enim
953 1829 1076 1864 parum

406 1866 508 1902 habet
526 1869 559 1902 in
587 1867 616 1902 se
639 1866 774 1902 fruCtus
801 1866 902 1913 copia
926 1866 1074 1907 dicendi,

405 1925 440 1951 et
467 1916 695 1951 commoditas
725 1915 900 1957 orationis,
934 1915 956 1950 s1
988 1915 1077 1949 redta

406 1963 632 2012 intelligentia
651 1975 685 1999 et
714 1965 854 1999 definita
871 1963 1075 1999 moderatio-

407 2023 449 2048 ne
465 2013 568 2049 animi
586 2014 809 2061 gubernetur.
843 2014 943 2060 Qas
960 2012 1008 2047 ob
1028 2025 1077 2047 res

407 2061 478 2104 illa,
504 2075 585 2110 quae
611 2063 730 2098 Graeci
760 2062 938 2109 scriptores
970 2061 1078 2096 inanis

406 2114 608 2158 arrogantiae
623 2111 720 2147 causa
738 2111 801 2146 fibi
818 2110 1076 2158 assumpserunt,

407 2159 621 2206 reliquimus.
667 2161 761 2196 Nam
792 2160 853 2202 illi,
885 2172 927 2195 ne
954 2171 1077 2207 parum

405 2208 518 2243 multa
534 2208 623 2244 sciffe
638 2209 848 2252 viderentur,
873 2221 913 2244 ea
930 2208 1076 2256 conqui-

408 2257 546 2298 fierunt,
572 2269 654 2304 quae
682 2258 768 2293 nihil
809 2258 1010 2298 attinebant,
1037 2267 1078 2292 ut

408 2317 460 2341 ars
489 2305 663 2341 difficilior
697 2307 838 2354 cognitu
873 2317 1074 2355 putaretur:

409 2366 470 2389 nos
488 2363 601 2389 autem
626 2366 678 2397 ea,
704 2367 784 2402 quae
803 2356 1008 2391 videbantur
1034 2355 1075 2390 ad

407 2403 573 2439 rationem
599 2403 733 2438 dicendi
754 2405 932 2450 pertinere,
958 2404 1074 2451 sump-

408 2452 522 2487 limus.
550 2453 632 2487 Non
650 2452 740 2488 enirn
757 2452 814 2500 spe
831 2453 998 2500 quaestus,
1017 2462 1077 2488 aut

1126 1183 1249 1231 gloria,
1278 1183 1445 1219 commoti
1472 1184 1630 1220 venimus
1649 1186 1691 1221 ad
1720 1187 1799 1222 scri-

1129 1232 1294 1274 bendum,
1329 1233 1626 1280 quemadmodum
1657 1236 1797 1272 caeteri:

1127 1279 1181 1315 sed
1199 1291 1239 1315 ut
1261 1280 1427 1316 industria
1444 1282 1555 1316 nostra
1573 1292 1643 1316 tuae
1666 1295 1800 1320 morem

1126 1341 1285 1375 geramus
1303 1329 1489 1365 voluntati.
1530 1331 1651 1373 Nunc,
1679 1344 1721 1366 ne
1746 1334 1798 1368 ni-

1125 1378 1236 1413 mium
1255 1378 1358 1425 longa
1376 1377 1529 1413 sumatur
1545 1379 1667 1422 oratio,
1693 1380 1736 1415 de
1764 1393 1801 1416 re

1124 1426 1236 1462 dicere
1263 1426 1492 1473 incipiemus·
1519 1426 1545 1461 fi
1567 1437 1601 1462 te
1630 1441 1739 1464 unurn
1759 1429 1799 1465 il-

1126 1476 1186 1511 lud
1218 1475 1467 1519 monuerimus,
1495 1486 1600 1511 artem
1630 1477 1698 1512 sine
1725 1479 1798 1513 affi-

1125 1524 1257 1559 duitate
1273 1523 1408 1559 dicendi
1434 1537 1502 1559 non
1531 1524 1710 1560 multum
1694 1538 1799 1573 Juva-

1127 1586 1186 1608 re:
1230 1583 1270 1607 ut
1305 1573 1474 1618 intelligas
1511 1572 1598 1608 hanc
1633 1575 1799 1611 rationem

1127 1621 1371 1676 praeceptionis
1388 1622 1429 1656 ad
1448 1622 1725 1658 exercitationem
1743 1636 1798 1660 ac-

1127 1670 1339 1706 commodari
1358 1680 1526 1717 oportere.

1178 1720 1222 1755 11.
1251 1720 1408 1754 Oratoris
1426 1718 1581 1753 officium
1599 1718 1659 1762 est,
1686 1719 1728 1754 de
1746 1720 1800 1757 his

1126 1769 1228 1803 rebus
1263 1767 1356 1814 pofl‘e
1389 1767 1512 1810 dicere,
1555 1779 1638 1814 quae
1671 1780 1721 1803 res
1755 1769 1799 1804 ad

1125 1817 1224 1852 usum
1250 1816 1387 1851 civilem
1414 1816 1569 1851 moribus
1597 1826 1636 1851 ac
1663 1817 1799 1864 legibus

1127 1865 1323 1900 constitutae
1342 1865 1430 1906 sunt,
1445 1877 1526 1899 cum
1545 1864 1725 1901 assensione
1741 1879 1798 1901 au-

1126 1914 1293 1954 ditorum,
1319 1915 1435 1961 quoad
1462 1913 1535 1960 ejus
1561 1914 1632 1948 fieri
1659 1915 1796 1961 poterit.

1127 1963 1213 1999 'Iria
1243 1963 1318 1997 sunt
1346 1974 1469 2010 genera
1498 1967 1688 2005 caularum,
1715 1975 1798 2010 quae

1127 2012 1275 2060 recipere
1297 2012 1399 2046 debet
1425 2022 1561 2046 orator:
1590 2011 1797 2048 demonstra-

1128 2062 1264 2103 tivum,
1304 2061 1582 2102 deliberativum,
1619 2059 1795 2107 judiciale.

1127 2109 1447 2146 Demonstrativurn
1464 2109 1524 2152 est,
1551 2109 1645 2154 quod
1673 2109 1797 2144 tribui-

1128 2170 1185 2195 tur
1203 2160 1236 2194 in
1255 2158 1400 2205 alicujus
1418 2168 1520 2194 certae
1548 2157 1699 2204 personae
1724 2158 1797 2192 lau-

1126 2210 1205 2244 dem
1231 2209 1286 2243 vel
1317 2207 1616 2253 vituperationem.
1659 2206 1799 2241 Delibe-

1127 2259 1277 2293 rativum
1295 2257 1354 2298 est,
1382 2256 1477 2302 quod
1495 2255 1529 2289 in
1552 2253 1801 2290 consultatione

1127 2307 1291 2354 positum,
1319 2305 1420 2339 habet
1441 2304 1474 2338 in
1494 2303 1523 2337 se
1553 2303 1738 2338 suasionem
1765 2314 1800 2338 et

1126 2355 1374 2390 dissuasionem.
1418 2351 1590 2397 Judiciale
1614 2351 1674 2394 est,
1701 2353 1799 2399 quod

1125 2403 1302 2457 politum
1297 2415 1329 2437 1n
1347 2401 1588 2455 controversia,
1615 2400 1717 2435 habet
1742 2413 1796 2435 ac-

1127 2453 1346 2494 mintionem,
1391 2460 1449 2486 aut
1482 2449 1682 2498 petitionem
1715 2461 1798 2484 cum
