2335 3009
568 233 650 276 270

567 319 631 360 ait,
657 318 733 355 Cic.
760 317 896 360 enituit,
922 330 1004 354 cum
1033 319 1075 354 C.
1094 319 1236 354 Verrem

570 367 638 402 hoc
675 379 765 404 anno
804 367 839 402 in
858 366 1046 422 judicium
1084 368 1234 403 vocavit.

568 416 691 451 Nam'
684 429 717 451 in
735 415 927 464 patrocinio
943 415 1107 451 sicilienfi
1126 417 1236 451 maxi-

570 477 625 499 me
655 465 688 500 in
719 474 888 500 certamen
921 464 1014 500 venit
1041 464 1236 512 designatus

568 513 711 555 AEdilis,
757 525 840 549 cum
881 512 1058 560 designato
1098 513 1236 549 consule

569 562 770 605 Hortensio,
809 562 906 610 quod
949 561 1018 610 ipse
1056 564 1091 597 in
1133 564 1235 599 Bruto

568 610 695 646 scribit.

618 660 795 694 Tenuerat
834 659 957 695 Verres
998 671 1041 694 ex
1071 667 1236 713 praetura

567 707 718 744 Siciliam
734 707 947 756 provinciam
966 720 1026 755 per
1037 707 1235 750 triennium,

566 767 672 804 atque
689 757 722 791 in
745 769 784 791 ea
800 756 910 791 fuerat
936 757 1126 798 libidinose,
1157 767 1235 790 ava-

568 818 615 848 re,
641 805 893 852 crudeliterque
911 804 1070 840 versatus.
1103 806 1235 851 Quare,

566 866 650 889 cum
668 855 804 889 tandem
830 854 895 889 hoc
925 865 1015 889 anno
1043 854 1089 889 L.
1108 854 1235 888 Metel-

567 903 624 938 lus
656 902 685 937 ei
728 902 931 945 succederet,
969 902 1235 950 repetundarum

569 964 645 987 reus
672 963 691 985 a
714 951 838 987 Siculis
867 951 1058 999 postulatus
1074 951 1144 986 est:
1172 963 1234 998 qui

564 1012 699 1042 omnes,
751 1011 876 1047 praeter
930 1000 1157 1046 Syracusanos
1202 1009 1236 1034 et

567 1048 810 1090 Mamertinos,
858 1049 914 1084 M.
955 1049 1133 1091 Tullium,
1176 1048 1236 1083 illo

566 1107 722 1152 ternpore
763 1097 939 1132 florentem
981 1097 1235 1132 defensionibus

564 1145 769 1190 amicorum,
796 1146 838 1180 ad
856 1145 1084 1180 accusandum
1102 1145 1236 1180 descen-

565 1195 644 1230 dere
660 1195 918 1242 compulerunt‚
939 1193 1150 1241 jampridem
1168 1193 1235 1229 illis

566 1245 807 1278 necessitudine
856 1243 1058 1290 copulatum
1075 1269 1086 1286 ,
1137 1243 1235 1290 quod

566 1292 719 1339 quaestor
748 1293 782 1327 in
805 1291 921 1327 Sicilia
936 1291 1062 1334 fuisset,
1087 1301 1121 1327 et
1137 1292 1233 1327 dece-

566 1341 650 1376 dens
667 1341 778 1376 multa
799 1340 839 1375 iis
857 1341 1003 1389 benigne
1020 1340 1234 1388 promisisset,

566 1399 606 1425 ut
624 1389 795 1425 Asconius
813 1389 871 1431 ait,
897 1391 930 1425 in
947 1393 1078 1436 Argum.
1095 1391 1191 1425 Verr.
1206 1390 1231 1425 l.

615 1439 732 1474 Natus
759 1437 834 1485 jam
866 1448 937 1474 erat
969 1439 1092 1473 Cicero
1126 1450 1232 1473 annos

565 1499 693 1523 xxxvi.
734 1488 832 1535 quod
871 1497 1008 1535 tempus
1037 1486 1232 1534 legitimum

565 1546 637 1572 erat
654 1536 826 1572 aedilitatis
844 1536 1011 1583 petendae.
1062 1537 1163 1571 Certe
1191 1536 1232 1572 P.

566 1585 685 1633 Scipio
701 1584 889 1621 Africanus
915 1585 1039 1627 minor,
1065 1597 1146 1620 cum
1175 1596 1234 1620 an-

567 1647 628 1670 nos
646 1643 746 1669 natus
773 1646 898 1669 xxxvi.
923 1634 1122 1669 aedilitat'em
1142 1644 1234 1681 pete-

565 1693 628 1725 ret,
664 1682 782 1718 consul
812 1695 831 1717 a
859 1695 905 1730 po
934 1683 994 1718 ulo
1018 1682 1131 1718 dictus
1159 1683 1232 1725 est;

564 1731 1058 1767 Liviuslib.L.Vele1usl1.
1085 1741 1234 1776 cap.1z.

565 1781 782 1816 AEdilitatem
809 1780 914 1829 igitur
932 1780 992 1816 suo
1009 1792 1099 1816 anno
1116 1790 1234 1828 petens

564 1830 699 1872 Cicero,
727 1830 820 1877 prior
837 1829 1031 1885 designatus
1054 1828 1101 1864 est
1127 1841 1232 1864 cunc-

566 1879 608 1913 tis
643 1878 812 1926 suffragiis
842 1879 978 1926 populi,
1018 1879 1051 1913 in
1083 1886 1166 1914 orat.
1200 1880 1234 1913 in

568 1926 706 1972 Pisonem
723 1938 790 1973 cap.
819 1939 846 1963 1.

616 1975 781 2023 Suscepto
827 1975 1018 2024 patrocinio
1057 1975 1234 2018 Siciliensi,

564 2025 678 2060 extitit
707 2029 757 2072 Q
779 2025 943 2060 Caecilius
970 2025 1094 2072 Niger,
1128 2025 1235 2060 domo

566 2074 715 2114 Siculus,
735 2083 774 2109 ut
793 2073 961 2109 Asconius
979 2073 1119 2115 scribit,
1147 2074 1231 2109 Plu-

566 2122 702 2158 tarchus
737 2122 783 2157 ait
824 2121 996 2158 hominem
1032 2121 1231 2157 libertinum

566 2171 663 2206 fuisse
702 2182 736 2206 et
769 2171 926 2216 Judaicae
971 2171 1125 2218 religioni
1167 2171 1231 2206 ob-

566 2221 720 2255 noxium.
773 2221 879 2255 Unde
919 2219 1042 2255 Cicero
1085 2219 1118 2255 in
1151 2232 1232 2255 eum

564 2270 665 2312 dixit,
682 2268 771 2315 Qid
785 2269 899 2314 Judaeo
916 2281 983 2303 cum
1000 2269 1100 2304 Verre
1113 2269 1130 2302 ?
1158 2269 1230 2304 Ro-

565 2317 655 2353 mani
687 2329 800 2353 autem
831 2329 978 2365 porcum
1012 2329 1081 2353 non
1113 2317 1231 2352 castra-

565 2376 639 2401 tum
666 2367 805 2402 Verrem
838 2366 1026 2402 nominant.
1079 2366 1118 2401 In
1147 2365 1230 2401 Plu-

565 2414 671 2450 tarchi
710 2415 818 2458 libris,
859 2415 892 2451 in
930 2415 1061 2463 quibus
1095 2414 1231 2462 legitur,

563 2469 666 2513 Esse'p'stu
683 2470 705 2502 αἱ
728 2466 850 2509 Ῥωμαῖοι
869 2466 909 2502 π’,
927 2466 1122 2511 ian-maffia
1139 2466 1231 2512 χαῖον

881 221 945 261 Μ.
1006 223 1061 262 Τ.
1123 223 1652 264 CICERONIS

1286 321 1391 362 vator,
1418 320 1554 369 negatio
1584 320 1674 356 deest
1697 329 1731 357 et
1749 320 1876 357 restitui
1892 321 1953 358 de-

1288 369 1357 411 bet,
1376 371 1419 405 w'r
1434 389 1470 414 μη
1488 373 1694 415 ἐκπτμυιαλυον.
1725 371 1870 417 Alioqui
1887 369 1952 405 fal-

1286 417 1358 452 sum
1376 418 1466 459 essct.
1481 419 1578 466 quod
1597 419 1804 454 Plutarchus
1808 383 1951 460 scribit,

1286 466 1392 513 idque
1408 467 1496 502 duos
1527 467 1722 514 interpretes
1746 468 1840 502 viros
1867 467 1951 502 doc·

1285 515 1425 550 tillimos
1443 527 1511 550 non
1531 516 1800 550 animadvertisse
1819 516 1934 551 miror.

1333 563 1498 598 Caecilius
1525 564 1630 610 igitur
1655 565 1895 606 contendebat,
1921 564 1953 599 se

1284 612 1401 659 potius
1419 611 1646 647 accusatorem
1670 613 1830 648 constitui
1848 625 1952 660 opor-

1285 670 1365 702 tere,
1397 660 1457 695 has
1487 660 1628 695 afferens
1657 661 1796 696 causas:
1836 673 1953 704 unam,

1285 709 1383 755 quod
1410 720 1429 742 a
1445 709 1551 744 Verre
1575 709 1687 752 laesus,
1707 709 1787 756 jure
1812 709 1862 745 illi
1889 709 1953 745 ini-

1286 757 1397 792 micus
1423 757 1525 793 esset:
1563 758 1717 801 alteram,
1743 760 1840 813 quod
1870 771 1952 794 cum

1286 805 1438 853 quaestor
1462 805 1536 860 ejus
1560 807 1687 848 fuiffet,
1719 808 1862 843 crimina
1890 807 1952 843 sci-

1285 864 1358 889 ret:
1404 855 1550 898 tertiam,
1587 856 1685 902 quod
1715 856 1853 891 Siculus
1887 869 1952 904 pro

1283 903 1408 939 Siculis
1425 914 1550 951 ageret.
1578 903 1688 946 Hinc,
1707 905 1790 951 quia
1809 905 1842 940 in
1860 905 1952 953 pub-

1284 951 1358 986 licis
1375 952 1640 999 quaestionibus,
1667 963 1706 988 ut
1722 953 1770 988 est
1786 953 1842 989 lib.
1863 955 1887 989 Ι.
1910 953 1955 988 ad

1285 1001 1487 1043 Herennium,
1514 1011 1582 1047 cap.
1607 1013 1661 1036 12.
1690 1001 1825 1048 legibus
1855 1014 1953 1038 cave·

1285 1059 1353 1090 tur,
1380 1058 1420 1084 ut
1452 1059 1541 1092 ante,
1580 1050 1604 1085 Γι
1640 1061 1696 1084 reo
1727 1051 1953 1086 commodum

1285 1097 1337 1139 sit,
1369 1096 1544 1144 judicium
1575 1098 1618 1133 de
1652 1098 1847 1134 accusatore
1879 1099 1952 1143 fiat,

1285 1156 1405 1181 utrum
1436 1147 1484 1181 illi
1516 1147 1616 1182 liceat
1644 1147 1810 1190 accusare,
1836 1160 1953 1191 necne,

1284 1194 1453 1230 divinatio
1470 1196 1707 1231 accusatorum
1727 1196 1903 1233 Ciceronis
1919 1207 1954 1233 et

1285 1244 1419 1279 Caecilii
1436 1243 1526 1279 faeta
1542 1245 1601 1280 est.

1334 1293 1432 1328 Tum
1458 1293 1580 1329 Cicero
1607 1293 1754 1341 primam
1771 1294 1952 1330 Verrinam

1283 1341 1326 1396 de
1359 1341 1552 1377 accusatore
1581 1343 1820 1378 constituendo
1848 1343 1951 1386 dixit,

1284 1389 1318 1425 in
1361 1403 1432 1438 qua
1465 1391 1527 1426 hac
1566 1391 1646 1426 usus
1679 1391 1726 1426 est
1760 1391 1950 1428 divisione:

1282 1438 1516 1494 spectanduQ
1555 1452 1574 1474 a
1610 1452 1684 1488 quo
1714 1440 1862 1476 maxime
1895 1441 1951 1489 agi

1281 1487 1415 1523 velint
1409 1487 1443 1531 ii,
1468 1501 1621 1543 quorum
1643 1489 1686 1524 de
1703 1489 1835 1524 ultione
1851 1501 1951 1537 quae-

1285 1536 1394 1578 ritur;
1422 1549 1442 1571 a
1470 1549 1543 1586 quo
1563 1537 1703 1572 minime
1721 1537 1862 1579 velitis,
1888 1538 1951 1586 qui

1283 1586 1483 1622 accusatur:
1504 1587 1624 1622 audior
1640 1586 1881 1635 Qintilianus
1897 1587 1950 1623 lib.

1283 1635 1364 1669 VII.
1393 1645 1460 1681 cap.
1482 1648 1515 1680 5.

1334 1683 1436 1719 Vino
1476 1684 1634 1725 Caecilio,
1672 1694 1706 1720 et
1739 1684 1951 1720 accusatione

1283 1733 1325 1767 ad
1344 1732 1374 1767 se
1391 1733 1514 1775 delata,
1541 1733 1676 1774 Cicero,
1703 1745 1782 1768 cum
1809 1734 1950 1780 inquisi-

1283 1781 1385 1817 tionis
1414 1791 1550 1830 tempus
1587 1782 1620 1817 in
1651 1781 1802 1817 Siciliam
1832 1782 1949 1829 postu-

1283 1829 1376 1865 saffet
1392 1830 1463 1865 dies
1487 1831 1565 1865 CX.
1597 1840 1631 1866 et
1655 1842 1736 1866 cum
1766 1832 1806 1866 L.
1826 1831 1861 1865 T
1866 1831 1952 1867 ullio

1282 1877 1386 1914 fratre
1415 1879 1566 1926 patruele
1594 1890 1702 1915 totam
1736 1879 1950 1926 provinciam

1284 1928 1485 1976 colligendis
1503 1928 1608 1963 literis
1635 1929 1667 1964 in
1686 1929 1825 1964 Verrem
1841 1938 1876 1963 et
1893 1929 1950 1964 de·

1285 1977 1482 2013 nuntiandis
1511 1977 1710 2013 testimoniis
1750 1978 1951 2024 peragrasset

1282 2025 1405 2060 diebus
1422 2025 1699 2080 quinquaginta:
1727 2026 1877 2061 Romam
1902 2039 1951 2061 re-

1282 2075 1501 2117 versus,cum
1521 2075 1650 2110 videret
1668 2074 1701 2110 id
1720 2075 1772 2122 agi
1793 2084 1831 2109 ut
1849 2087 1867 2109 a
1884 2076 1949 2110 Μ.

1282 2123 1473 2158 Glabrione
1499 2133 1657 2171 praetore,
1683 2133 1716 2158 et
1740 2125 1807 2158 ab
1801 2124 1839 2158 iis
1851 2123 1946 2170 juli·

1283 2172 1395 2214 cibus,
1421 2172 1482 2220 qui
1514 2182 1596 2208 tunc
1625 2182 1734 2214 erant,
1770 2174 1811 2207 ad
1842 2173 1949 2209 alium

1283 2231 1411 2256 annum
1455 2221 1633 2268 aliumque
1675 2231 1858 2269 praetorem
1899 2234 1950 2257 res

1282 2279 1355 2304 tota
1387 2270 1552 2312 transiret,
1593 2270 1850 2318 eripereturqiie
1887 2271 1948 2306 sibi

1283 2330 1358 2353 reus
1377 2318 1568 2366 patrocinio
1599 2319 1774 2354 Hortensii
1801 2331 1838 2354 ac
1870 2319 1949 2355 Me-

1282 2367 1366 2408 telli,
1410 2368 1471 2415 qui
1513 2377 1596 2403 tunc
1637 2367 1802 2403 Consules
1838 2366 1948 2404 futuri

1279 2425 1386 2457 erant,
1413 2416 1477 2452 hoc
1494 2425 1710 2452 commentus
1730 2416 1776 2452 est
1796 2416 1947 2459 rationis,

1282 2474 1320 2500 ut
1337 2465 1526 2502 orationem
1544 2465 1684 2514 longam
1710 2465 1948 2514 pra-remutte-
