2335 3009
586 237 685 277 AD
745 235 1257 276 HERENNIUM
1314 237 1447 277 LIB.
1500 239 1556 277 11.

375 331 555 372 inimicum
572 332 663 367 enirn
683 331 884 366 acerrimum
910 331 952 366 de
975 343 1043 366 me-

375 381 434 416 dio
452 382 570 416 tollere
586 381 750 421 volebat-,
770 392 788 414 a
805 392 878 426 quo
896 379 956 414 fibi
976 392 1044 414 non

375 429 498 475 injuria
513 429 685 463 summum
703 428 896 476 periculum
916 438 1043 463 metue-

375 477 435 512 bat
484 477 637 511 Videbat
663 477 722 511 illo
740 477 919 518 incolumi,
946 477 976 511 ie
995 477 1044 511 in-

374 526 547 560 columem
579 538 647 560 non
674 524 860 565 futurum3
890 525 1043 571 sperabat

375 573 466 608 illius
485 583 594 608 morte
612 574 642 608 se
662 573 802 608 salutem
824 573 886 608 fibi
904 585 1043 620 compa-

373 634 469 663 rare3
497 623 727 665 consueverat,
754 622 778 656 s1
796 621 875 668 jure
896 634 964 657 non
983 634 1044 668 po-

374 680 472 713 terat,
501 671 624 718 quavis
640 669 762 718 injuria
782 671 922 705 inimico
946 671 1044 705 exiti-

374 731 435 754 um
453 719 638 754 machinari
654 736 664 760 ·,
690 719 746 754 cui
762 719 806 754 rei
823 732 913 754 mors
933 719 1044 766 indig·

375 779 419 803 na
462 768 653 803 Palamedis
697 768 930 802 testimonium
974 769 1043 802 dat.

374 816 472 864 Ergo
488 826 522 851 et
539 826 650 851 metus
674 817 818 864 periculi
845 816 1046 851 hortabatur

374 877 455 900 eum
479 865 681 908 interimere,
707 877 725 899 a
742 877 814 912 quo
837 865 1047 913 supplicium

373 914 581 956 verebatur·,
608 924 642 948 et
665 914 878 949 consuetudo
901 925 1045 961 peccan-

375 962 410 997 di
437 962 595 997 maleficii
622 962 820 1010 suscipiendi
849 963 1047 997 removebat

375 1011 638 1046 dubitationem.
681 1013 812 1046 Omnes
841 1011 933 1046 enirn
964 1023 1046 1046 cum

377 1059 520 1095 minima
537 1070 677 1108 peccata
693 1072 774 1095 cum
792 1060 890 1094 causa
907 1059 1046 1106 suscipi-

376 1119 453 1151 unt,
491 1119 567 1144 tum
598 1120 679 1144 vero
709 1109 779 1151 illa,
821 1120 903 1155 quae
934 1109 1047 1143 multo

377 1157 530 1193 maxima
547 1157 624 1192 sunt
641 1157 820 1198 maleficia,
840 1157 958 1204 aliquo
976 1169 1046 1191 cer-

377 1216 414 1241 to
431 1207 666 1242 emolumento
689 1206 783 1245 ducti
808 1205 971 1253 suscipere
989 1217 1047 1240 co-

378 1265 514 1290 uantur.
553 1254 589 1288 Si
613 1255 740 1289 multos
761 1254 897 1288 induxit
916 1254 948 1288 in
967 1265 1046 1300 pec-

377 1314 493 1338 catum
522 1303 678 1350 pecuniae
697 1302 782 1349 spes,
809 1303 832 1336 fi
852 1302 1047 1347 complures

377 1351 496 1387 scelere
523 1351 554 1386 se
570 1351 892 1386 contaminaverunt
915 1350 1048 1396 imperii

375 1400 577 1448 cupiditate,
604 1399 628 1434 fi
657 1399 758 1434 multi
784 1399 859 1434 leve
884 1411 1046 1446 compen-

375 1449 473 1484 dium
491 1447 614 1483 fraude
636 1448 786 1482 maxima
810 1457 1047 1482 commutave-

376 1507 481 1539 runt·‚
502 1497 558 1532 cui
578 1497 704 1532 mirum
715 1496 902 1539 videbitur,
917 1496 1018 1531 istum
1031 1508 1050 1530 a

378 1546 547 1581 maleficio
561 1556 701 1593 propter
717 1545 914 1580 acerrimam
929 1544 1048 1580 formi—

378 1596 492 1630 dinem
508 1607 576 1629 non
590 1594 810 1642 temperasse?
839 1594 962 1628 Virum
978 1593 1048 1628 for-

379 1644 555 1685 tissimum,
595 1643 865 1690 integerrimum,
902 1643 1048 1677 inimici-

379 1693 504 1727 tiarum
531 1691 894 1739 persequentiffimum‚
927 1690 1049 1738 injuria

380 1741 578 1782 laceffitum,
616 1740 665 1775 ira
700 1740 902 1782 excitatum,
943 1740 1048 1775 homo

379 1789 534 1832 timidus,
559 1801 695 1831 nocens,
719 1789 873 1823 conscius
901 1788 951 1823 sui
971 1800 1048 1834 pec-

379 1838 458 1880 cati,
486 1837 676 1880 insidiosus,
707 1838 885 1872 inimicum
914 1838 1048 1871 incolu-

381 1899 470 1921 mem
497 1887 560 1921 esse
583 1887 716 1921 noluit:
746 1886 802 1920 cui
822 1886 958 1920 tandem
983 1885 1047 1920 hoc

380 1936 507 1970 mirum
534 1935 738 1969 videbitur?
767 1935 861 1969 Nam
892 1946 974 1969 cum
998 1933 1047 1968 fe-

381 1996 432 2019 ras
447 1983 566 2018 bestias
579 1983 755 2018 videamus
771 1984 894 2017 alacres
912 1994 946 2017 et
959 1995 1048 2018 erec-

381 2042 432 2068 tas
464 2032 598 2075 vadere,
636 2043 673 2067 ut
708 2032 801 2066 alteri
838 2031 952 2066 bestiae
988 2043 1048 2066 no-

381 2090 503 2123 ceant·‚
530 2093 599 2116 non
625 2081 672 2116 est
700 2080 898 2115 incredibile
925 2090 1050 2127 putan-

382 2129 480 2171 dum,
494 2129 586 2164 istius
601 2141 744 2177 quoque
757 2129 910 2163 animum
925 2128 1049 2170 ferum,

383 2178 568 2220 crudelem,
595 2189 697 2225 atque
723 2178 961 2218 inhumanum,
989 2189 1050 2212 cu-

383 2227 464 2274 pide
480 2227 522 2261 ad
548 2226 676 2262 inimici
703 2226 888 2274 perniciem
917 2226 1051 2273 profec-

384 2285 485 2316 tum·‚
528 2275 714 2322 praesertir'n
747 2287 828 2310 cum
871 2276 905 2310 in
940 2275 1052 2310 bestiis

385 2324 515 2359 nullam
537 2335 650 2370 neque
678 2324 804 2358 bonam
839 2336 950 2371 neque
979 2335 1050 2358 ma-

385 2373 454 2407 lam
488 2371 653 2406 rationem
685 2373 749 2406 effe
781 2372 985 2414 videamus3
1018 2372 1051 2407 in

386 2421 449 2456 isto
477 2421 642 2468 plurimas
663 2430 697 2454 et
724 2422 878 2467 pessimas
907 2421 1052 2456 rationes

384 2470 514 2518 semper
530 2467 629 2504 fuiffe
646 2468 888 2517 intelligamus.
918 2469 955 2506 Si
970 2481 1053 2517 ergo

469 2571 619 2610 ΤοΜ.
650 2569 728 2610 ΙΧ.

1696 241 1768 291 169

1097 331 1275 377 pollicitus
1304 333 1390 375 sum,
1418 345 1472 368 me
1499 335 1661 369 daturum
1685 346 1764 369 cau-

1095 379 1175 420 sam,
1190 392 1259 427 qua
1276 381 1437 416 inductus
1450 383 1585 428 Ulysses
1597 383 1765 418 accesserit

1095 429 1137 462 ad
1156 429 1376 471 maleficium,
1394 442 1439 472 et,
1468 431 1490 465 s1
1509 431 1765 466 inimicitiarum

1095 477 1293 511 acerrimam
1337 478 1500 513 rationem
1543 491 1577 514 et
1621 480 1764 527 periculi

1093 536 1224 560 metum
1265 526 1474 561 intercessisse
1509 528 1764 569 demonstravi·,

1093 586 1161 608 non
1189 575 1237 609 est
1259 575 1420 617 dubium,
1447 576 1533 622 quin
1563 577 1767 611 confiteatur

1094 622 1226 657 causam
1246 623 1402 658 maleficii
1422 623 1530 658 fuisse.
1584 625 1680 671 Ergo
1706 626 1766 659 ab·

1094 670 1292 706 solutiffima
1332 672 1379 707 est
1422 674 1674 719 argumentatio
1714 685 1765 715 ea,

1095 732 1177 766 quae
1194 733 1236 756 ex
1256 721 1413 768 quinque
1430 722 1586 768 partibus
1610 722 1741 757 constat
1756 736 1763 756 :

1096 768 1150 803 sed
1167 781 1206 803 ea
1233 781 1301 804 non
1327 769 1457 817 semper
1481 771 1606 806 neceffe
1627 771 1674 805 est
1703 771 1765 805 uti.

1096 817 1193 852 Tum
1227 817 1318 852 enim
1353 819 1592 866 complexione
1622 819 1766 865 superse-

1096 865 1249 900 dendum
1278 866 1339 909 est,
1366 867 1390 902 fi
1417 879 1466 901 res
1499 867 1611 902 brevis
1640 868 1700 910 est,
1727 877 1768 902 ut

1095 913 1196 949 facile
1232 915 1396 950 memoria
1429 917 1764 962 comprehendatur:

1096 972 1171 997 tum
1188 964 1365 998 exornatio
1388 965 1681 1012 praetermittenda
1706 965 1767 1007 est,

1095 1012 1120 1046 fi
1148 1023 1272 1059 parum
1302 1013 1457 1060 locuples
1485 1015 1527 1048 acl
1554 1014 1768 1062 amplifican-

1096 1060 1181 1095 dum
1215 1071 1249 1096 et
1277 1062 1515 1097 exornandum
1547 1075 1596 1097 res
1630 1063 1768 1097 videtur

1095 1109 1171 1144 effe.
1214 1110 1273 1144 Sin
1291 1120 1324 1144 et
1342 1110 1454 1145 brevis
1469 1111 1534 1146 erit
1551 1122 1767 1158 argumenta-

1097 1157 1157 1199 tio,
1176 1167 1210 1192 et
1229 1170 1277 1192 res
1295 1159 1406 1193 tenuis
1425 1169 1484 1194 aut
1502 1159 1666 1201 humilis·‚
1691 1171 1768 1195 tum

1096 1215 1129 1240 et
1147 1207 1368 1242 exornatione
1389 1217 1423 1242 et
1447 1208 1686 1255 complexione
1714 1209 1768 1243 su-

1097 1254 1342 1301 persedendum
1369 1256 1427 1290 est.
1474 1257 1512 1291 In
1540 1258 1634 1292 omni
1663 1269 1766 1304 argu-

1098 1304 1305 1338 mentatione
1346 1305 1389 1338 de
1431 1304 1567 1339 duabus
1610 1306 1767 1352 partibus

1097 1351 1288 1396 postremis,
1307 1352 1394 1394 haec,
1414 1364 1520 1400 quam
1537 1354 1691 1400 exposui,
1717 1366 1768 1388 ra-

1098 1399 1146 1434 tio
1164 1399 1211 1434 est
1235 1400 1401 1435 habenda.
1446 1401 1543 1448 Ergo
1567 1403 1770 1450 amplissima

1096 1447 1144 1482 est
1177 1449 1430 1495 argumentatio
1462 1450 1769 1498 quinquepartita;

1099 1496 1291 1532 breviffima
1303 1498 1351 1532 est
1365 1498 1556 1545 tripartita·,
1576 1500 1768 1542 mediocris,

1098 1545 1231 1580 sublata
1258 1556 1317 1581 aut
1341 1547 1562 1583 exornatione
1587 1558 1649 1584 aut
1672 1561 1768 1584 com-

1098 1593 1269 1642 plexione,
1296 1596 1557 1643 quadripartita.

1149 1644 1236 1679 XX.
1281 1645 1366 1678 Duo
1400 1657 1522 1691 genera
1555 1645 1633 1680 sunt
1666 1646 1768 1680 vitio-

1098 1692 1210 1727 sarum
1242 1693 1609 1739 argumentationum·,
1645 1706 1767 1738 unum,

1098 1741 1195 1788 quod
1221 1741 1264 1774 ab
1282 1741 1470 1776 adversario
1488 1743 1686 1789 reprehendi
1706 1755 1767 1790 po·

1099 1790 1171 1830 test,
1216 1789 1320 1835 idque
1354 1789 1499 1836 pertinet
1530 1791 1572 1825 ad
1606 1791 1767 1833 causam3

1100 1839 1257 1878 alterum,
1283 1839 1379 1885 quod
1397 1839 1528 1873 tametsi
1546 1839 1770 1886 nugatorium

1096 1887 1156 1929 est,
1183 1895 1296 1920 tamen
1321 1899 1389 1921 non
1412 1886 1543 1934 indiget
1566 1889 1770 1935 reprehensi-

1098 1947 1173 1970 one.
1219 1935 1314 1982 Qlae
1345 1935 1421 1976 fint,
1449 1948 1531 1982 quse
1565 1937 1767 1984 reprehensi-

1097 1996 1162 2019 one
1191 1984 1363 2018 contutari
1391 1985 1584 2027 conveniat,
1611 1998 1693 2032 quae
1719 1996 1768 2021 ta-

1099 2033 1165 2067 cite
1192 2032 1364 2067 contemni
1384 2043 1488 2080 atque
1506 2033 1604 2068 vitari
1624 2035 1692 2070 fine
1718 2048 1769 2070 re-

1099 2081 1330 2128 prehensione,
1359 2081 1382 2115 s1
1400 2082 1556 2128 exempla
1583 2082 1768 2129 subjecero,

1100 2129 1287 2176 intelligere
1315 2129 1467 2164 dilucide
1493 2131 1631 2177 poteris.
1675 2132 1770 2167 Haec

1101 2179 1253 2225 cognitio
1272 2178 1468 2213 vitiosarum
1504 2181 1770 2226 argumentatio-

1102 2239 1186 2262 num
1219 2227 1396 2273 duplicem
1427 2227 1609 2262 utilitatem
1643 2228 1771 2265 afferet.

1101 2277 1196 2311 Nam
1206 2285 1240 2310 et
1252 2277 1359 2310 vitare
1371 2276 1403 2310 in
1416 2277 1708 2322 argumentatione
1718 2277 1771 2312 vi·

1101 2325 1189 2359 tium
1201 2324 1411 2365 admonebit,
1429 2335 1462 2358 et
1480 2324 1523 2358 ab
1541 2324 1615 2359 aliis
1634 2337 1700 2360 non
1720 2326 1771 2361 vi-

1101 2383 1212 2408 tatum
1226 2373 1408 2407 commode
1415 2372 1655 2419 reprehendere
1671 2375 1771 2410 doce-

1103 2422 1164 2456 bit.
1210 2421 1389 2468 Qoniam
1419 2421 1524 2468 igitur
1549 2422 1773 2465 ostendimus,

1103 2468 1290 2519 perfectam
1303 2479 1337 2504 et
1353 2470 1490 2517 plenam
1509 2473 1774 2519 argumentatio-

1439 2571 1477 2611 Y
