2241 2994
493 214 575 269 284

493 312 690 348 decreverat
704 311 948 348 Macedoniam
965 321 998 348 et
1013 311 1165 348 Galliam

496 360 716 406 Cisalpinam.
758 360 1018 403 Macedoniam,
1038 371 1078 396 ut
1095 361 1167 396 Dio

496 409 625 451 scribit,
651 408 788 450 Cicero,
819 409 971 445 Galliam
989 409 1167 445 Antonius

496 467 569 492 erat
586 457 734 492 sortitus.
785 457 1022 494 Commutatis
1045 458 1167 493 deinde

498 505 699 553 provinciis,
713 505 837 541 Cicero
854 519 918 553 pro
937 507 995 542 illa
1013 506 1098 542 hanc
1119 518 1167 541 re-

497 554 602 602 cepit,
641 565 888 602 acceptamque
935 555 971 590 in
1003 555 1169 590 concione

498 602 668 651 deposuit.
721 603 818 638 Hinc
838 605 871 638 in
895 603 1064 645 Pisonem,
1091 615 1168 650 cap.

500 663 536 686 2.
577 653 659 697 Ego,
697 652 823 699 inquit,
855 653 1055 698 provinciam
1089 651 1169 686 Gal-

498 700 587 742 liam,
603 701 733 744 sinatus
762 703 960 741 amoritate,
986 701 1123 735 exercitu
1140 707 1170 734 et

497 750 628 794 pecunia
645 748 824 792 itfiruHam
843 756 874 782 et
891 757 1049 791 ornatam,
1080 759 1171 795 quam

500 808 569 832 cum
600 799 733 833 Antonio
766 799 987 832 communicavi
1023 797 1174 842 [commu-

500 847 574 880 tavi
598 845 733 880 fortasse
751 845 892 892 rectius]
911 845 991 893 quod
1005 847 1054 880 ita
1072 848 1122 881 exi
1145 847 1174 880 i-

499 894 623 928 mobam
645 901 782 939 tempora
811 895 888 941 reip.
910 894 1017 940 ferre,
1042 897 1075 929 in
1098 895 1172 929 ‘con-

500 944 583 978 cione
597 942 730 988 deposui,
748 942 937 977 reclamante
947 943 1061 989 populo
1078 943 1171 978 Rom.

553 991 696 1026 Interim
724 992 768 1026 L.
789 991 927 1038 Sergius
954 991 1104 1027 Catilina
1122 1003 1173 1026 ar-

502 1051 560 1074 ma
590 1051 651 1087 per
678 1039 813 1075 Italiam
851 1040 936 1075 locis
966 1039 1175 1088 opportunis

501 1088 658 1136 parabat,
685 1089 867 1136 pecuniam
886 1088 945 1123 sua
962 1099 1022 1123 aut
1047 1088 1174 1123 arnico-

504 1148 582 1171 rum
599 1136 667 1171 fide
694 1137 866 1184 sumptam
896 1147 1071 1178 mutuam,
1095 1137 1172 1171 Fae-

502 1184 592 1220 sulas
610 1184 655 1219 ad
675 1186 717 1220 C.
737 1185 915 1220 Manlium
937 1185 1174 1220 centurionem

502 1233 676 1286 portabat.
728 1233 888 1281 Denique
914 1234 1085 1281 plurimos
1113 1245 1172 1271 cu-

498 1282 625 1329 jusque
641 1282 772 1329 generis
791 1282 945 1318 homines
959 1283 1174 1325 adsciscebat,

503 1340 538 1365 et
564 1332 598 1365 in
628 1331 829 1378 proximum
859 1343 990 1366 annum
1019 1331 1174 1367 consula-

506 1389 581 1414 tum
599 1379 751 1427 petebat‚
777 1389 817 1414 ut
841 1379 1022 1415 Sallustius
1046 1379 1175 1422 scribit,

505 1437 573 1473 cap.
608 1440 665 1470 24.
693 1435 723 1462 et
751 1428 808 1463 26.
860 1429 954 1463 Cum
981 1428 1110 1470 omnia,
1137 1438 1177 1463 ut

506 1476 626 1511 consul
653 1476 896 1523 designaretur,
923 1477 1074 1512 Catilina
1104 1489 1179 1512 mo-

508 1525 640 1568 liretur,
667 1525 822 1572 nihilque
845 1525 1050 1561 intentatum
1080 1525 1178 1561 relin-

506 1583 640 1621 queret,
676 1573 731 1609 M.
758 1573 884 1609 Tullio
913 1573 1077 1610 referente
1105 1574 1179 1622 pla-

507 1622 581 1657 cuit
609 1621 751 1664 senatui,
776 1632 816 1657 ut
841 1623 884 1657 ad
912 1635 1068 1671 poenam,
1096 1634 1178 1670 quae

507 1671 658 1705 ambitus
701 1670 836 1705 crimini
870 1672 1055 1708 constituta
1091 1682 1175 1714 erat,

507 1720 624 1754 decem
647 1731 816 1754 annorum
845 1721 1002 1762 exilium,
1033 1721 1107 1767 lege
1135 1721 1176 1755 ad

509 1768 682 1815 populum
719 1768 798 1810 lata,
840 1769 1031 1804 adderetur.
1086 1769 1178 1804 Haec

509 1817 592 1852 Dio.
646 1817 777 1864 Legem
795 1817 838 1852 de
855 1817 988 1852 ambitu
1011 1817 1041 1853 se
1058 1817 1179 1853 consu-

511 1866 577 1900 lem
613 1865 734 1907 tulisse,
775 1866 898 1901 Cicero
940 1878 1083 1914 quoque
1119 1875 1180 1912 pro

510 1915 653 1949 Murena
671 1914 852 1961 aliquoties
870 1915 1048 1962 fignificat.
1091 1915 1179 1950 Item

511 1962 544 1997 in
563 1962 756 2004 Vatinium,
782 1974 858 2011 cap.
883 1976 937 2008 ¹5·
981 1965 1086 2010 Atque
1102 1963 1183 1998 illud

509 2014 605 2046 etiam
629 2011 737 2045 audire
761 2023 782 2045 a
806 2019 838 2046 te
852 2015 952 2057 cupio,
977 2024 1087 2059 quare,
1113 2024 1180 2047 cuno

508 2071 562 2103 ego
579 2060 675 2105 legem
692 2064 728 2094 de
744 2061 866 2094 ambitu
883 2073 919 2094 ex
937 2062 967 2095 S.
986 2063 1020 2096 C.
1042 2063 1180 2102 tulerim,

500 2109 570 2152 fine
594 2111 630 2143 τί
658 2108 796 2151 tulerim,
814 2108 920 2155 sah-is
942 2109 1086 2155 auspiciis
1104 2109 1180 2144 tule-

510 2162 583 2200 rim,
610 2158 710 2202 salva
738 2157 801 2203 lege
826 2158 919 2194 AElia
950 2166 978 2192 et
1010 2158 1118 2201 Fufia,
1145 2166 1182 2192 tu

509 2219 575 2240 eam
605 2207 657 2254 ff
686 2208 776 2252 legem
807 2219 864 2241 non
884 2207 1004 2253 putes?
1031 2207 1182 2242 Vetabat

510 2256 627 2290 eadem
648 2255 700 2289 lex
720 2255 868 2295 biennio,
895 2267 968 2303 quo
991 2256 1069 2301 quis
1089 2265 1179 2303 pete-

512 2314 572 2346 ret,
610 2303 820 2350 petiturusve
847 2304 939 2346 esset,
975 2304 1180 2351 gladiatores

510 2354 601 2394 dare,
631 2353 687 2386 nisi
706 2364 747 2386 ex
767 2353 967 2387 testamento
988 2353 1180 2400 praellituta

510 2403 577 2442 dte,
607 2412 642 2435 ut
664 2402 790 2436 ibidem
808 2410 837 2436 et
851 2412 910 2447 pro
926 2405 1028 2437 Sextio
1047 2402 1092 2436 ait
1111 2413 1177 2448 cap.

509 2450 567 2491 64.

805 216 872 260 Μ.
930 217 986 257 Τ.
1046 215 1579 256 CICERONIS

1262 311 1357 347 Cum
1397 310 1558 352 Catilina,
1600 318 1640 345 ut
1668 309 1742 345 Dio
1770 307 1889 352 tradit,

1217 360 1302 396 hanc
1322 361 1432 408 legem
1451 360 1609 395 Tulliam
1640 368 1759 394 contra
1789 357 1820 392 se
1843 369 1890 392 ex

1217 409 1251 444 S.
1269 410 1311 444 C.
1331 409 1434 443 latam
1453 419 1602 456 putaret,
1617 419 1757 442 manum
1776 417 1889 453 quan·

1216 458 1297 492 dam
1336 457 1563 505 comparavit,
1605 467 1639 491 et
1682 456 1890 490 Ciceronem

1218 517 1300 541 cum
1318 506 1391 541 aliis
1410 505 1585 540 nonnullis
1608 504 1825 552 principibus
1854 502 1889 537 in

1218 566 1344 637 {ampo
1361 553 1727 636 copiitiisfigterfigefe
1744 561 1891 587 conatus

1267 629 1278 644 ,
1306 613 1371 636 uti
1412 614 1432 637 e
1449 613 1512 636 con
1532 613 1550 636 e
1582 613 1628 636 im
1670 610 1890 638 eionaretur.

1219 651 1345 686 Edic‘ta
1361 615 1501 685 cgmitia
1519 649 1706 684 consularia
1716 631 1822 683 Dfuiffe
1839 648 1892 682 vi-

1219 699 1344 734 dentur
1374 699 1408 734 in
1427 708 1504 734 ante
1520 699 1610 733 diem
1629 709 1695 732 ΧΗ.
1716 697 1796 732 Kal.
1814 697 1893 732 No-

1221 748 1336 783 vemb.
1355 747 1416 794 qui
1448 748 1646 783 nominatur
1673 747 1706 779 in
1734 745 1829 781 Catil.
1861 745 1891 781 1.

1222 806 1292 843 cap.
1320 808 1352 843 3.
1381 796 1447 839 sed,
1474 807 1555 831 cum
1587 795 1697 843 pridie
1723 793 1796 840 ejus
1825 793 1893 829 diei

1224 845 1348 880 Cicero
1373 844 1534 880 Catilinae
1565 844 1704 879 confilia
1731 843 1773 878 ad
1802 843 1893 878 sena-

1222 903 1299 928 tum
1329 893 1511 935 detulisset,
1540 891 1671 927 factum
1701 891 1749 927 est
1780 892 1816 927 S.
1847 891 1895 928 C.

1223 954 1266 1025 Εἰ
1280 942 1584 1025 ἕὲίῖῑῗῖεὲἷῗξῖἰιω
1589 940 1893 1036 ῑςὲῗαὲἲῗέῗῖἓῗ

1225 1039 1282 1074 set.
1333 1039 1442 1086 Itaque
1451 1037 1612 1084 postridie,
1641 1020 1896 1084 inquit⁰Cicero

1224 1099 1290 1135 pro
1307 1087 1471 1129 Murena,
1498 1098 1573 1134 cap.
1595 1097 1652 1130 25.
1671 1086 1835 1132 frequenti
1846 1085 1896 1127 [ἓ-

1222 1143 1302 1170 natu
1331 1135 1502 1170 Catilinam
1528 1136 1679 1177 excitavi,
1705 1142 1799 1182 atque
1827 1145 1896 1168 eum

1223 1184 1260 1220 de
1284 1186 1323 1220 iis
1351 1184 1440 1219 rebus
1446 1183 1533 1231 juffi,
1549 1184 1584 1228 fi
1606 1183 1684 1232 quid
1697 1183 1804 1226 vellet,
1829 1194 1898 1230 que

1224 1232 1270 1267 ad
1294 1245 1341 1269 me
1366 1233 1474 1268 allata·
1502 1232 1602 1280 efflent,
1629 1233 1740 1267 dicere.
1793 1234 1898 1279 Atque

1224 1282 1290 1325 ille,
1315 1290 1351 1317 ut
1371 1283 1494 1329 semper
1507 1281 1581 1327 fuit
1595 1281 1810 1328 apertg'ffimus,
1837 1292 1899 1315 non

1217 1333 1252 1377 se
1263 1332 1435 1378 purgavit,
1453 1330 1514 1376 sed
1536 1329 1706 1373 indicavit,
1731 1337 1826 1377 atque
1849 1331 1898 1364 in-

1225 1378 1305 1415 duit.
1355 1381 1387 1414 ‘T
1384 1391 1434 1414 um
1461 1380 1541 1414 enim
1561 1379 1654 1421 dixit,
1680 1379 1741 1413 duo
1765 1387 1899 1424 corpora

1226 1427 1280 1474 effe
1298 1429 1390 1474 Reip.
1411 1439 1505 1463 unum
1531 1426 1626 1462 debile
1643 1426 1766 1470 iqfirmo
1783 1429 1898 1474 capite,

1227 1477 1363 1512 alterum
1382 1475 1513 1519 firmum
1541 1476 1614 1520 fine
1646 1479 1772 1522 capite.-
1813 1478 1899 1516 huic,

1227 1538 1293 1561 cum
1310 1526 1360 1559 ita
1376 1524 1455 1570 defi
1477 1527 1618 1560 meritum
1649 1525 1727 1571 fft,
1752 1533 1847 1570 caput
1864 1524 1904 1570 se

1227 1577 1305 1610 vivo
1322 1586 1381 1609 non
1396 1574 1588 1620 defuturum.
1641 1573 1824 1609 Hactenus
1840 1573 1902 1609 ei·

1228 1635 1317 1659 cero.
1368 1623 1463 1658 Idem
1481 1623 1528 1657 est
1546 1623 1638 1670 apud
1657 1622 1899 1658 Plutarchum.

1275 1672 1331 1707 Eo
1359 1671 1427 1713 die,
1455 1671 1488 1706 id
1518 1672 1578 1713 est,
1608 1671 1744 1706 decimo
1773 1671 1902 1706 octavo

1227 1731 1305 1756 ante
1337 1732 1443 1767 quam
1479 1719 1626 1765 primam
1661 1719 1900 1755 Catilinariam

1228 1770 1351 1804 Cicero
1368 1769 1469 1811 dixit,
1496 1778 1536 1804 ut
1554 1768 1728 1804 Asconius
1752 1771 1786 1802 in
1812 1776 1898 1804 orat.

1228 1822 1261 1852 in
1279 1818 1429 1864 Pisonem,
1455 1827 1524 1863 cap.
1553 1828 1586 1853 2.
1612 1817 1741 1858 scribit,
1765 1815 1899 1852 factum

1228 1867 1275 1902 est
1294 1867 1329 1901 S.
1348 1867 1390 1902 C.
1423 1876 1461 1901 ut
1483 1866 1639 1902 viderent
1664 1866 1832 1909 consules,
1858 1878 1901 1901 ne

1229 1915 1315 1963 quid
1351 1914 1485 1963 respub.
1516 1915 1711 1950 detrimenti
1751 1925 1898 1962 caperet.

1230 1965 1285 1999 De
1318 1976 1392 2011 quo
1423 1963 1617 2005 sallustius,
1659 1973 1728 2009 cop.
1766 1975 1823 2010 29.
1866 1973 1901 1998 et

1231 2012 1452 2054 Plutarchus.
1477 2012 1540 2060 qui
1569 2012 1678 2055 addit,
1705 2013 1769 2047 hoc
1796 2013 1829 2047 S.
1857 2013 1901 2049 C.

1229 2060 1333 2102 facto,
1360 2061 1563 2096 Ciceronem
1593 2072 1644 2096 res
1669 2071 1824 2096 externas
1848 2062 1904 2109 Q

1231 2109 1378 2145 Metello
1413 2109 1626 2151 commisisse,
1672 2109 1732 2157 ipsi
1779 2110 1901 2145 urbem

1230 2170 1325 2193 curae
1355 2157 1480 2200 fuiffe;
1513 2159 1602 2193 idem
1634 2159 1758 2193 Cicero
1786 2168 1832 2203 ep.
1867 2169 1900 2194 2.

1231 2207 1284 2241 lib.
1301 2209 1343 2242 V.
1366 2208 1477 2242 haunit.
1507 2207 1683 2260 significat.
1728 2207 1902 2249 Comitiis,

1231 2257 1327 2303 quod
1360 2256 1514 2290 homines
1536 2268 1608 2302 jam
1639 2266 1715 2290 tum
1743 2255 1901 2302 conjura-

1231 2315 1296 2344 tos,
1325 2314 1362 2339 ut
1375 2315 1434 2351 pro
1453 2307 1608 2347 zwurena,
1634 2314 1702 2351 cap.
1724 2307 1780 2340 26.
1805 2305 1902 2339 testa-

1232 2363 1307 2395 tur,
1344 2354 1376 2388 in
1408 2365 1571 2400 campum
1609 2354 1734 2389 deduci
1765 2353 1902 2395 sciebat,

1230 2402 1401 2437 descendit
1422 2403 1453 2437 in
1476 2414 1640 2450 campum
1658 2414 1739 2437 cum
1759 2402 1902 2437 firmim-

1232 2463 1290 2486 κιο
1330 2451 1489 2499 pra-sidio
1519 2450 1779 2488 fortissimorum
1809 2450 1900 2485 viro·
