2241 2994
527 217 608 258 330

525 297 719 332 turnalibus
737 297 888 344 potuerit
907 296 1054 344 hospitio
1073 295 1142 330 acci

526 356 565 380 ut
583 346 721 380 videtur
752 345 931 392 significari
957 346 1038 392 epist.
1064 345 1119 379 ult.
1151 307 1196 380 ibi.

526 394 628 429 XlIl.
655 393 700 428 ad
716 395 787 428 Att.

579 441 659 477 Post
679 442 825 476 reditum
845 440 988 476 Caesaris
1008 453 1050 476 ex
1069 440 1196 488 Hispa-

528 490 583 525 nia
601 491 724 525 Cicero
741 491 835 537 apud
857 502 937 524 eum
955 490 1043 525 dixit
1053 499 1114 536 pro
1133 491 1199 524 De-

515 540 640 586 jotaro,
666 551 748 586 quae
779 539 888 573 oratio
912 549 1018 573 extat.
1072 538 1200 573 Fuerat

528 600 556 622 is
574 588 742 623 tetrarcha
765 587 1010 634 Gallograeciae
1034 599 1124 640 pene
1146 596 1197 620 to-

526 636 610 679 tius,
648 646 682 671 et
712 636 889 670 Armenia:
920 635 1060 670 minoris
1091 646 1150 668 rex
1179 644 1199 668 a

527 683 642 720 senatu
661 684 878 719 constitutus.
922 684 989 718 Sed
1007 683 1089 730 quia
1108 682 1200 717 bello

528 732 623 768 civili
654 733 810 780 Pompeii
837 741 948 779 partes
972 731 1106 766 secutus
1123 729 1198 765 fue-

528 791 592 824 rat,
611 782 736 821 Cael'ar,
757 780 931 815 Pharnace
948 779 1098 822 devicto,
1115 791 1197 814 eum

528 840 624 884 parte
649 828 840 865 tetrarchiae
871 829 1090 871 multaverat,
1126 828 1196 863 Ar

528 891 747 925 mennamque
765 877 968 912 abstulerat:
997 878 1101 912 Cicero
1119 877 1200 911 Phi-

526 927 600 974 lipp.
618 927 662 962 11.
689 936 757 972 cap.
779 936 837 973 37.
889 927 1019 962 Hirtius
1044 925 1081 960 de
1110 925 1198 960 Bello

525 977 752 1016 Alexandrino,
777 984 844 1020 cap.
865 976 922 1020 78.
963 975 1057 1010 Cum
1075 973 1198 1008 deinde

526 1023 641 1059 Caesar
659 1023 763 1059 literis
781 1023 980 1058 Tarracone
1003 1023 1091 1057 datis
1116 1034 1198 1056 eum

527 1072 615 1107 bene
646 1072 776 1120 sperare
803 1081 838 1106 et
868 1071 962 1106 bono
992 1071 1107 1106 animo
1134 1070 1199 1105 effe

520 1119 688 1168 juffiffet·‚
717 1120 782 1155 hoc
810 1129 965 1167 tempore
981 1119 1115 1161 Castor,
1141 1131 1197 1153 ne-

525 1181 589 1216 pos
619 1167 774 1216 Dejotari
802 1180 845 1204 ex
875 1168 958 1211 filia,
991 1167 1197 1215 Philippum

526 1217 714 1260 medicum,
732 1217 867 1253 servum
886 1217 974 1263 regis
992 1226 1198 1264 corruptum

525 1266 693 1314 praerniis,
707 1267 750 1301 ad
767 1265 997 1301 accusandum
1015 1265 1198 1300 dominum

526 1314 732 1362 Dejotarum
762 1314 912 1361 impulit.
964 1314 1112 1349 Crimini
1138 1314 1197 1348 de-

524 1364 590 1406 dit,
616 1375 730 1411 regem
757 1363 852 1398 dorni
871 1363 941 1399 suae
959 1363 1128 1398 Caesarem
1147 1362 1197 1397 in-

524 1413 676 1448 terficere
694 1412 846 1448 voluiffe.

574 1461 790 1496 Accusatum
807 1460 903 1496 domi
934 1459 1081 1496 Caesaris
1096 1460 1194 1496 Cice-

525 1521 564 1545 ro
582 1509 701 1556 hospes
717 1508 791 1556 ejus
807 1508 974 1551 defendit,
991 1509 1197 1557 causamque

524 1558 605 1594 licet
642 1569 781 1594 tenuem
819 1568 854 1593 et
887 1558 1040 1606 inopem,
1082 1569 1196 1594 tamen

525 1607 656 1655 scripsit
673 1617 779 1654 atque
796 1607 839 1642 ad
852 1607 1074 1642 Dolabellam
1092 1607 1196 1649 misit,

522 1656 606 1702 epist.
631 1667 684 1692 12.
712 1655 767 1691 lib.
788 1655 854 1691 IX.
881 1655 999 1691 Famil.

574 1705 740 1740 Extremo
783 1702 887 1751 hujus
919 1703 997 1739 anni
1032 1703 1100 1747 die,
1143 1705 1200 1753 Q

523 1753 634 1789 Fabio
673 1753 835 1788 Maximo
867 1752 1008 1788 consule
1042 1762 1194 1794 mortuo,

523 1803 565 1837 C.
595 1801 762 1838 Caninius
794 1801 938 1837 Rebilus
967 1801 1086 1837 consul
1112 1801 1197 1837 hora

524 1851 666 1898 septima
683 1850 898 1886 renuntiatus
915 1849 976 1892 est,
1002 1850 1066 1897 qui
1089 1851 1196 1904 usque

524 1900 567 1934 ad
587 1899 665 1934 Kal.
685 1899 763 1944 Jan.
785 1899 877 1941 esset,
904 1911 986 1946 quae
1015 1909 1112 1934 erant
1139 1899 1194 1934 f-u

525 1958 614 1982 turae
633 1959 731 1982 mane
761 1947 932 1995 postridie.
985 1949 1108 1995 ltaque
1136 1948 1195 1983 Ci-

524 2009 603 2032 cero
620 1995 720 2036 dixit,
746 2008 828 2031 eum
858 1996 1004 2031 mirifica
1020 1996 1199 2043 vigilantia

524 2043 636 2087 fuisse,
657 2044 719 2091 qui
738 2044 798 2079 suo
818 2055 892 2080 toto
910 2045 1089 2080 consulatu
1109 2046 1197 2080 sorn-

525 2105 610 2130 num
629 2105 696 2129 non
714 2093 851 2134 viderit,
875 2094 955 2139 epist.
974 2106 1030 2140 30.
1051 2093 1104 2128 lib.
1117 2094 1195 2129 Vll.

523 2142 638 2179 Famil.
682 2142 871 2177 Macrobius
901 2143 956 2178 lib.
990 2143 1033 2177 ll.
1064 2150 1095 2177 et
1114 2143 1192 2179 Vll.

523 2190 626 2227 Pollio
643 2192 677 2225 in
706 2191 784 2225 libro
801 2190 838 2225 de
855 2203 926 2226 xxx
944 2193 1099 2236 tyrannis,
1125 2201 1192 2238 cap.

527 2243 558 2275 8.
588 2239 721 2282 Plinius,
748 2239 802 2275 lib.
820 2240 898 2275 Vll.
927 2249 994 2285 cap.
1017 2251 1074 2287 53.
1100 2240 1192 2276 Plut.

522 2291 556 2324 in
572 2289 649 2334 Caſs
667 2298 701 2324 et
718 2289 783 2325 Dio
799 2288 854 2325 lib.
873 2289 1011 2326 XLlll.

841 201 905 242 M.
967 203 1021 241 T.
1083 199 1613 240 CICERONIS

1247 394 1356 434 Anno
1377 394 1483 435 Urbis
1504 406 1600 447 709.
1649 393 1829 433 Ciceronis
1849 393 1916 446 63.

1390 465 1582 505 Consules
1611 463 1774 504 fuerunt

1311 527 1359 566 C.
1393 528 1558 578 Juuus
1591 526 1763 564 CAESAR
1795 526 1849 572 V,

1401 587 1466 625 M.
1498 587 1764 625 Anromus.

1298 683 1433 719 Eodem
1475 694 1577 725 anno,
1619 691 1661 718 ut
1694 692 1920 719 monumenta

1248 731 1383 767 vetusta
1404 731 1602 773 ostendunt,
1627 733 1669 767 C.
1688 732 1806 777 Julius
1836 733 1917 767 Cae-

1246 781 1296 816 sar
1314 780 1473 816 Dictator
1493 780 1548 816 lV.
1569 779 1650 822 fuit,
1674 790 1709 815 et
1727 780 1781 815 M.
1803 781 1918 815 AEmi-

1247 829 1314 865 lius
1354 829 1512 876 Lepidus
1548 828 1706 876 magister
1743 830 1916 877 equitum.

1247 878 1372 913 Cicero
1389 877 1466 926 post
1493 877 1600 913 libros
1626 878 1783 925 quinque
1806 877 1844 912 de
1862 879 1918 913 Fi-

1246 927 1348 969 nibus,
1375 926 1518 961 totidem
1542 926 1790 971 Tusculanarum
1819 927 1918 973 Qae-

1236 976 1386 1020 stionum,
1421 974 1490 1009 slve
1515 974 1773 1020 Disputationum
1798 975 1918 1017 edidit,

1248 1023 1384 1078 iisque
1397 1034 1448 1058 res
1489 1022 1533 1057 ad
1584 1022 1681 1057 beate
1727 1022 1919 1059 vivendum

1248 1071 1398 1107 maxime
1427 1070 1621 1106 necessarias
1650 1070 1807 1119 aperuit:
1848 1072 1918 1120 pri-

1249 1133 1327 1156 mus
1367 1119 1460 1155 enim
1501 1120 1550 1155 est
1590 1119 1634 1155 de
1669 1120 1921 1156 contemnenda

1250 1179 1371 1211 morte,
1398 1168 1566 1204 secundus
1589 1168 1632 1204 de
1654 1169 1834 1205 tolerando
1856 1169 1919 1205 do-

1250 1219 1333 1261 lore,
1363 1218 1407 1253 de
1435 1217 1642 1265 aegritudine
1670 1218 1826 1253 lenienda
1854 1228 1919 1254 ter·

1250 1268 1332 1310 tius,
1374 1277 1519 1314 quartus
1552 1266 1596 1301 de
1630 1266 1771 1314 reliquis
1813 1266 1919 1303 animi

1247 1315 1580 1363 perturbationibus,
1605 1316 1751 1362 quintus
1768 1327 1848 1350 eum
1866 1316 1918 1352 lo-

1248 1377 1330 1400 cum
1371 1364 1576 1411 complexus
1608 1364 1669 1406 est,
1711 1363 1774 1411 qui
1808 1375 1919 1400 totam

1246 1412 1500 1461 philosophiam
1551 1413 1700 1447 maxime
1746 1413 1916 1450 illustrat:

1245 1461 1348 1497 docet
1385 1461 1478 1496 enim
1511 1461 1555 1496 ad
1598 1462 1694 1496 beate
1726 1461 1919 1498 vivendum

1244 1510 1411 1546 virtutem
1430 1510 1462 1545 se
1477 1509 1546 1557 ipsa
1562 1520 1772 1554 contentam,
1798 1511 1852 1546 lib.
1871 1511 1918 1546 11.

1244 1559 1282 1594 de
1300 1561 1416 1595 Divin.
1443 1569 1513 1605 cap.
1537 1571 1566 1594 1.
1612 1559 1745 1594 Utrum
1773 1571 1856 1595 vero
1881 1559 1918 1596 hi

1246 1608 1326 1643 libri
1350 1607 1394 1643 ad
1419 1607 1527 1650 hunc,
1553 1619 1595 1642 an
1622 1607 1829 1655 superiorem
1859 1621 1918 1644 an-

1245 1669 1330 1693 num
1360 1655 1524 1692 referendi
1556 1657 1633 1698 sint,
1672 1657 1829 1692 nondum
1858 1657 1918 1693 de-

1245 1718 1362 1747 cerno,
1387 1717 1449 1740 nec
1468 1704 1620 1740 multum
1639 1703 1751 1740 refert.
1794 1707 1850 1741 De
1867 1718 1915 1741 re-

1245 1754 1352 1802 liquis
1369 1753 1615 1808 philosophicis
1643 1754 1738 1788 libris
1755 1753 1916 1802 deinceps

1245 1803 1414 1844 dicemus,
1442 1802 1465 1838 fi
1493 1814 1590 1851 prius
1614 1803 1688 1837 aaa
1710 1803 1842 1837 urbana
1857 1815 1916 1838 ex-

1245 1851 1471 1906 posuerimus.

1297 1900 1400 1936 lnitio
1434 1898 1538 1948 hujus
1571 1899 1650 1935 anni
1684 1900 1741 1935 M.
1772 1899 1916 1935 Tullius

1246 1949 1375 1984 Rornae
1391 1947 1472 1984 fuit.
1499 1948 1578 1984 Kal.
1601 1947 1744 1996 quidem
1761 1949 1917 1994 Januarii

1249 1997 1350 2033 affuit
1385 1997 1418 2033 in
1448 1997 1576 2040 senatu,
1614 2008 1696 2032 cum
1725 1997 1840 2033 Caesar
1877 2000 1914 2034 Ρ.

1248 2047 1452 2082 Cornelium
1483 2046 1705 2082 Dolabellam
1734 2045 1918 2094 subrogare

1248 2095 1325 2137 fibi,
1354 2095 1520 2131 resistente
1538 2095 1708 2137 Antonio,
1735 2096 1859 2138 voluit,
1879 2106 1917 2131 ut

1245 2143 1466 2190 cognoscitur
1485 2142 1572 2180 Phil.
1592 2144 1635 2178 ll.
1660 2154 1728 2191 cap.
1751 2155 1808 2190 3²·
1836 2144 1917 2180 vide

1244 2192 1474 2228 Plutarchum
1492 2195 1525 2226 in
1543 2192 1690 2227 Antonio.

1294 2241 1563 2289 Lupercalibus,
1591 2241 1624 2276 id
1654 2241 1714 2283 est,
1752 2253 1811 2278 xv.
1842 2242 1916 2278 Ka-

1246 2290 1335 2325 lend.
1367 2290 1499 2332 Martii,
1526 2302 1607 2324 cum
1634 2290 1749 2325 Caesar
1773 2291 1806 2325 in
1828 2290 1914 2326 Ros-

1245 2339 1306 2374 tris
1323 2339 1436 2374 sedens
1464 2338 1497 2374 in
1528 2338 1605 2374 sella
1629 2351 1742 2381 aurea,
1768 2339 1915 2375 amictu·

1245 2396 1326 2435 toga
1359 2400 1545 2436 purpurea,
1585 2387 1747 2435 spee’taret
1777 2388 1915 2435 Luper·

1243 2448 1326 2473 cos:
1368 2437 1547 2473 Antonius
1578 2449 1668 2474 unus
1694 2449 1714 2474 e
1743 2436 1915 2486 Lupercis
