2335 3009
520 220 572 258 60
872 216 1562 259 EPISTOLARUM

523 317 660 355 firmus
700 315 830 355 Alfius
850 331 859 355 :
908 315 1120 368 Pompeius
1155 314 1364 353 vehemens
1401 313 1441 352 in
1475 313 1680 366 judicibus
1716 313 1914 366 rogandis.

523 381 634 433 Qid
653 380 835 419 futurum
857 380 918 426 fit,
940 380 1070 418 nescio
1089 395 1097 418 :
1121 380 1255 418 locum
1278 388 1408 417 tamen
1429 378 1491 416 illi
1511 379 1551 416 in
1572 378 1731 417 civitate
1750 392 1829 417 non
1851 378 1914 416 vi·

524 447 624 485 deo:
656 447 837 485 animum
868 446 1022 499 praebeo
1052 445 1099 484 ad
1125 445 1234 484 illius
1255 444 1472 497 perniciem
1494 444 1755 490 moderatum,
1785 444 1832 482 ad
1853 458 1915 482 re-

525 527 613 550 rum
652 521 837 550 eventum
876 511 1130 550 leniffimum.
1182 511 1316 549 Habes
1355 509 1436 548 fere
1475 509 1522 547 de
1555 509 1742 548 omnibus
1782 511 1914 548 rebus.

527 578 667 616 Unum
687 577 789 615 illud
805 577 962 627 eddam.
1009 577 1150 614 Cicero
1181 585 1272 614 tuus
1300 574 1505 626 nosterque
1531 573 1687 612 summo
1715 574 1843 612 studio
1863 574 1917 613 est

527 643 674 681 Paeonii
696 642 753 680 sui
775 641 957 686 rhetoris,
988 640 1180 686 hominis,
1203 640 1357 693 opinor,
1380 639 1494 677 valde
1512 639 1715 677 exercitati
1736 648 1775 677 et
1794 639 1916 678 boni:

527 707 590 745 sed
611 707 786 745 nostrum
806 705 1036 744 instituendi
1056 718 1179 757 genus
1201 704 1272 743 effe
1293 704 1410 758 paulo
1430 703 1622 742 eruditius
1649 713 1688 741 et
1714 699 1919 751 θετικώτερον

526 785 606 810 non
629 773 799 825 ignoras.
847 773 979 823 Qare
1010 784 1137 823 neque
1163 784 1237 822 ego
1268 769 1453 822 impediri
1476 769 1680 807 Ciceronis
1707 769 1781 807 iter
1800 777 1919 820 atque

526 837 639 876 illam
670 836 921 888 disciplinam
954 836 1074 881 volo;
1105 845 1144 874 et
1175 835 1255 888 ipse
1287 848 1383 888 puer
1402 836 1527 887 magis
1549 834 1620 872 illo
1640 833 1920 872 declamatorio

527 916 667 955 genere
688 902 779 940 duci
801 911 839 940 et
860 901 1040 940 delectari
1060 901 1214 939 videtur
1233 916 1242 939 :
1275 901 1316 939 in
1337 914 1418 953 quo
1438 900 1627 953 quoniam
1659 899 1729 952 ips1
1758 911 1920 951 quoque

527 967 695 1012 fuimus,
726 967 921 1020 patiamur
952 966 1070 1004 illum
1101 966 1157 1004 ire
1188 965 1327 1004 nostris
1359 965 1598 1010 itineribus;
1639 964 1777 1002 eodem
1810 964 1920 1001 enim

527 1043 809 1087 perventurum
828 1032 901 1071 effe
920 1032 1174 1072 confidimus.
1207 1031 1280 1070 Sed
1299 1041 1446 1076 tamen,
1465 1031 1490 1069 si
1512 1030 1720 1070 nobiscum
1741 1043 1833 1067 eum
1854 1041 1919 1067 rus

527 1099 662 1151 aliquo
681 1098 949 1141 eduxerimus,
980 1098 1021 1135 in
1046 1096 1148 1135 hanc
1169 1097 1338 1135 nostram
1359 1097 1550 1134 rationem
1571 1094 1922 1134 consuetudinem-

527 1176 604 1215 que
624 1163 873 1200 inducemus.
919 1161 1070 1213 Magna
1098 1162 1206 1199 enirn
1233 1161 1348 1199 nobis
1368 1174 1389 1198 a
1409 1170 1447 1198 te
1467 1160 1662 1213 proposita
1681 1172 1829 1198 merces
1849 1159 1919 1205 est,

528 1241 648 1280 quam
668 1237 772 1266 certe
792 1227 919 1265 nostra
938 1227 1056 1279 culpa
1077 1239 1281 1280 nunquam
1302 1227 1436 1265 minus
1457 1226 1713 1278 assequemur.
1760 1224 1923 1277 Qibus

531 1293 571 1331 in
592 1293 706 1338 locis,
737 1302 776 1331 et
796 1305 874 1345 qua
893 1292 972 1344 spe,
1004 1291 1247 1331 hiematurus
1269 1292 1332 1339 fis,
1362 1291 1410 1330 ad
1438 1305 1502 1331 me
1523 1304 1642 1345 quam
1668 1289 1921 1345 diligentiffi-

529 1372 593 1397 me
615 1358 756 1398 scribas
777 1358 911 1398 velim.
944 1357 1057 1398 Vale.

846 1562 1113 1601 MARcus
1160 1564 1229 1615 Q
1262 1562 1601 1600 Fufia-1³18.

531 1690 603 1728 IV.
631 1687 756 1762 GA
772 1690 1016 1730 BINIUS
1047 1690 1247 1729 absolutus
1268 1690 1334 1728 est.
1376 1691 1556 1730 Omnino
1578 1688 1680 1728 nihil
1701 1689 1922 1728 accusatore

739 1755 913 1793 Lentulo
934 1755 1339 1808 subscriptoribusque
1359 1757 1441 1808 ejus
1463 1755 1654 1794 infamius
1673 1769 1683 1793 ι
1716 1754 1818 1793 nihil
1848 1756 1922 1794 illo

532 1820 694 1858 consilio
715 1819 922 1860 sordidius.
970 1820 1043 1859 Sed
1076 1830 1222 1866 tamen,
1255 1821 1323 1859 nifi
1358 1821 1603 1860 incredibilis
1635 1822 1853 1866 contentio,
1885 1831 1924 1859 et

533 1898 663 1937 preces
687 1885 882 1937 Pompeii,
914 1885 1113 1924 dietaturae
1134 1887 1252 1924 etiam
1275 1900 1422 1931 rumor,
1455 1887 1595 1939 plenus
1621 1886 1790 1931 timoris,
1821 1885 1920 1924 fuis-

530 1950 600 1994 set,
632 1949 701 2002 ipfi
734 1950 909 1988 Lentulo
943 1964 1021 1989 non
1057 1951 1322 2004 respondisset,
1354 1952 1423 2003 qui
1459 1962 1545 1990 tum
1582 1952 1652 1990 illo
1685 1950 1919 1995 accusatore,

531 2015 681 2067 illoque
702 2015 880 2060 confilio,
912 2015 1114 2054 sententiis
1135 2016 1419 2055 condemnatus
1446 2018 1490 2055 fit
1523 2030 1672 2062 xxxix,
1703 2030 1796 2055 cum
1833 2030 1919 2055 Lxx

531 2080 720 2119 tulissent.
757 2080 824 2119 Est
845 2082 1010 2119 omnino
1032 2091 1111 2119 tam
1132 2083 1238 2133 gravi
1262 2082 1365 2120 fama
1386 2082 1462 2121 hoc
1478 2083 1694 2135 judicium,
1726 2092 1769 2120 ut
1790 2082 1922 2119 videa-

531 2155 595 2184 tur
616 2147 777 2199 reliquis
793 2147 955 2199 judiciis
979 2149 1189 2200 periturus,
1215 2158 1252 2185 et
1274 2150 1445 2187 maxime
1467 2149 1513 2187 de
1535 2149 1712 2201 pecuniis
1735 2159 1921 2201 repetun-

530 2212 604 2250 dis.
652 2211 725 2250 Sed
760 2212 866 2251 vides
902 2213 1053 2251 nullam
1087 2213 1159 2251 ess'c
1195 2215 1497 2266 rempublicam,
1538 2214 1693 2252 nullum
1732 2214 1921 2259 senatum,

532 2277 639 2315 nulla
655 2277 821 2329 judicia,
840 2277 990 2316 nullam
1014 2280 1053 2316 in
1077 2278 1188 2316 nullo
1210 2280 1383 2317 nostrum
1405 2279 1654 2331 dignitatem.
1682 2279 1790 2330 Qid
1815 2280 1926 2331 plura

531 2342 830 2393 dcjudicibus?
863 2343 941 2381 duo
974 2344 1143 2396 praetorii
1179 2343 1371 2388 sederunt,
1407 2346 1610 2383 Domitius
1638 2346 1856 2389 Calvinum
1889 2345 1921 2384 is

530 2416 659 2459 aperte
681 2407 860 2451 absolvit,
894 2417 935 2446 ut
967 2422 1103 2447 omnes
1137 2409 1339 2447 viderent:
1373 2420 1410 2447 ct
1445 2414 1573 2455 C.1to;
1608 2412 1637 2448 is
1670 2410 1839 2463 diruptis
1862 2419 1921 2447 ta·

533 2472 644 2511 bellis
666 2471 712 2510 dc
743 2473 894 2511 circulo
928 2473 961 2512 sc
996 2473 1198 2520 subduxit,
1229 2485 1266 2514 ct
1302 2477 1492 2530 Pompeio
1524 2478 1675 2530 primus
1709 2476 1923 2515 nuntiavit.
