2241 2994
538 247 1388 290 PHILOSOPHORUM,

278 343 381 387 mala,
407 355 490 392 quae
505 353 540 380 et
554 343 726 380 venientia
751 353 882 380 metuat
899 344 945 380 sa-

277 392 375 440 piens
394 393 519 429 necesse
534 393 594 435 est,
621 403 655 428 et
670 392 796 428 venisse
820 393 947 430 doleat.

279 443 357 479 Luc.
376 453 437 487 44.
474 443 596 478 Cetera
610 441 724 477 ibidem
740 453 870 489 quaere.

377 586 410 622 C
428 586 508 622 LE
526 584 563 622 A
581 587 620 622 N
639 586 674 622 T
693 586 735 622 H
751 586 784 623 E
803 587 837 622 S.

375 683 685 727 LEANTHES,
711 683 754 718 de
770 696 843 731 quo
862 683 895 719 in
915 684 954 719 li-

397 732 468 767 bris
483 731 521 767 de
536 733 673 769 Natura
692 734 828 768 Deorum
850 733 960 767 multa

281 780 460 823 dicuntur,
486 792 568 816 curn
590 781 744 836 primurn
761 781 861 828 pugil
878 781 960 816 fuis-

283 827 343 870 set,
355 829 510 864 Athenas
522 830 628 873 venit,
643 830 891 877 Zenonemque
902 842 960 865 au-

283 876 374 912 divit
402 889 473 913 una
500 889 582 913 cum
604 877 777 919 Aristone,
802 888 837 913 et
866 878 962 933 quasi

284 924 456 972 majorum
474 925 544 962 fuit
560 926 716 974 gentium
735 927 885 969 Stoicus,
911 940 962 961 in-

285 974 387 1021 genio
403 975 530 1010 obtuso
555 985 661 1023 atque
685 975 810 1018 hebeti,
837 975 892 1010 sed
915 975 962 1010 la-

286 1023 413 1058 borum
443 1024 588 1070 patiens,
633 1024 725 1059 unde
757 1034 791 1059 et
820 1030 966 1070 φρεάντλκ

285 1072 412 1107 Graece
428 1073 541 1108 dietus
567 1072 627 1114 est,
654 1073 750 1120 quod
778 1074 881 1108 noetu
907 1085 966 1108 ex-

285 1122 480 1158 hauriendis
498 1121 610 1169 puteis
621 1121 730 1156 vitam
748 1121 809 1156 fibi
827 1134 961 1168 quaere-

286 1180 348 1206 ret.
389 1171 594 1211 Librorum,
620 1181 710 1217 quos
731 1169 861 1217 scripsit
880 1182 962 1205 con-

285 1229 339 1255 tra
351 1219 581 1267 voluptatem,
608 1219 732 1253 Cicero
755 1218 962 1253 mentionem

287 1267 393 1309 facit,
414 1280 447 1302 in
461 1268 592 1314 quibus
605 1267 700 1314 quasl
718 1267 864 1302 delirans
882 1279 964 1302 con-

288 1296 443 1364 fingebat
464 1316 613 1351 formam
641 1316 816 1362 quandam
837 1326 871 1351 et
893 1316 964 1364 spe-

288 1366 378 1401 ciern
411 1365 555 1400 deorum
575 1378 583 1400 :
639 1373 714 1399 turn
749 1364 965 1399 divinitatem

289 1425 429 1449 omnem
448 1413 624 1448 tribuebat
647 1412 752 1447 astris.
790 1413 914 1448 Verbis
932 1425 966 1448 e-

289 1462 375 1498 tiam
392 1462 534 1510 pingere
549 1461 705 1497 tabulam
722 1461 861 1497 solebat.
900 1462 966 1507 Ju-

291 1511 397 1546 bebat
424 1522 496 1552 eos,
527 1510 589 1557 qui
625 1510 821 1552 audiebant,
855 1509 967 1546 lecum

293 1559 382 1607 ipsos
399 1559 550 1606 cogitare
568 1558 727 1612 pictam
720 1571 753 1593 in
768 1559 886 1593 tabula
897 1561 967 1594 Vo-

292 1609 476 1656 luptatem,
510 1606 743 1655 pulcherrimo
772 1607 896 1642 vestitu
935 1618 970 1643 et

292 1667 417 1692 ornatu
444 1656 560 1703 regali,
605 1669 638 1691 in
661 1655 744 1692 solio
770 1655 965 1692 sedentem:

292 1705 422 1754 praesto
440 1706 505 1740 effe
522 1706 678 1747 virtutes,
713 1714 753 1740 ut
779 1705 970 1747 ancillulas,

294 1766 377 1802 quae
405 1754 489 1788 nihil
515 1753 609 1789 aliud
645 1762 794 1800 agerent,
832 1753 970 1789 nullum

292 1804 393 1839 suurn
406 1802 563 1838 officium
576 1802 752 1843 ducerent,
780 1801 841 1837 nisi
855 1811 895 1837 ut
907 1814 969 1838 vo-

293 1851 422 1900 luptati
449 1851 688 1893 ministrarent,
725 1859 760 1885 et
781 1861 857 1885 earn
897 1860 971 1887 tan-

293 1910 371 1936 tum
386 1900 429 1935 ad
443 1911 558 1935 aurem
574 1900 795 1934 admonerent
814 1899 855 1944 (fi
866 1900 972 1935 modo

295 1949 332 1984 id
349 1949 484 1997 piEtura
500 1948 646 1995 intelligi
662 1947 791 1995 posset)
816 1957 856 1982 ut
873 1959 971 1983 cave-

295 2007 359 2041 ret,
385 2009 428 2033 ne
448 1997 535 2044 quid
557 1997 734 2050 perficeret
758 1996 971 2044 imprudens,

297 2047 396 2094 quod
411 2045 601 2082 offenderet
625 2057 758 2081 ammos
780 2045 975 2088 hominum,

297 2105 359 2131 aut
375 2095 584 2144 quidquam,
609 2105 628 2129 e
648 2106 722 2142 quo
746 2094 892 2129 oriretur
916 2095 976 2129 ali-

297 2143 379 2191 quis
408 2144 520 2179 dolor.
579 2143 660 2179 Nos
690 2142 845 2190 quidem,
883 2142 978 2178 aiunt

298 2193 458 2235 virtutes,
487 2192 532 2227 fic
559 2201 649 2227 natae
682 2192 814 2235 sumus,
849 2201 889 2227 ut
914 2191 978 2226 tibi

299 2241 521 2276 serviremus:
558 2241 654 2275 aliud
670 2240 799 2288 negotii
817 2240 900 2275 nihil
920 2241 978 2275 ha-

301 2290 435 2325 bemus.
460 2289 498 2324 de
522 2289 627 2325 Finib.
643 2289 688 2325 11.
705 2302 763 2326 21.
814 2289 977 2325 Ceterum

302 2338 377 2373 haec
394 2350 475 2373 eum
493 2337 687 2385 prrccepiffe
704 2338 751 2373 ait
769 2338 892 2373 Cicero
906 2351 913 2373 :

357 2387 540 2422 Mundum
554 2386 657 2421 deum
671 2387 758 2428 effe3
778 2396 853 2421 tum
872 2386 978 2421 totius

304 2445 443 2471 naturae
461 2435 566 2470 menti
586 2445 690 2482 atque
707 2435 822 2470 animo
836 2435 901 2470 hoc
915 2447 977 2470 no-

309 2496 387 2520 men
407 2484 630 2519 tribuendum
652 2501 662 2525 ·,
699 2494 774 2519 turn
798 2484 977 2526 ultimum,

305 2543 343 2570 et
367 2532 578 2576 altiffimum,
604 2543 708 2580 atque
734 2533 888 2580 undique
913 2533 978 2568 cir-

1596 265 1676 305 403

996 344 1209 388 cumfusum,
1243 355 1278 382 et
1305 354 1513 389 extremum,
1552 346 1668 382 omnia

996 394 1190 440 cingentem
1205 404 1309 442 atque
1325 396 1551 450 complexum
1569 397 1667 430 ardo·

996 454 1080 483 rem,
1107 442 1169 489 qui
1196 443 1304 478 aether
1325 445 1538 487 nominatur,
1564 445 1670 479 deum

997 490 1217 525 certiffimum
1235 492 1309 526 esse.
1327 491 1364 526 de
1376 493 1459 528 Nat.
1477 493 1605 528 Deorml
1615 505 1668 536 14.

1050 538 1167 573 Sidera
1183 539 1273 573 esse
1266 551 1375 586 ignea,
1397 541 1502 587 idque
1520 541 1672 576 duorum

1001 574 1156 622 sensuum
1170 587 1363 622 testimonio
1377 589 1585 631 confirmari,
1601 599 1673 623 tae·

1002 646 1059 671 tus
1071 646 1104 670 et
1117 637 1312 671 oculorum.
1331 636 1368 670 de
1379 637 1461 672 Nat.
1466 638 1561 672 Deor.
1568 638 1610 672 ΙΙ.
1623 649 1672 682 15.

1054 684 1116 719 Ali
1139 683 1255 727 solem,
1283 685 1412 726 lunam,
1442 686 1573 732 reliqua
1590 685 1675 719 astra

1010 732 1120 780 aquis,
1148 733 1213 767 alia
1234 733 1410 776 dulcibus,
1437 734 1502 768 alia
1524 733 1675 768 marinis.

1009 793 1155 829 eamque
1172 782 1306 817 causam
1323 782 1398 824 esse,
1433 794 1496 817 cur
1514 782 1544 817 se
1562 781 1608 817 sol
1629 794 1677 816 re-

1011 829 1109 871 ferat,
1129 841 1189 865 nec
1209 831 1346 877 longius
1358 832 1597 878 progrediatur
1615 831 1681 866 sol-

1013 878 1126 913 stitiali
1151 879 1248 920 orbe,
1274 880 1427 926 itemque
1451 879 1610 920 brumali,
1639 892 1681 915 ne

1013 926 1151 973 longius
1179 927 1328 962 discedat
1358 939 1376 962 a
1405 928 1496 963 cibo.
1526 929 1562 963 de
1592 927 1679 964 Nat.

1013 977 1113 1011 Deor.
1129 975 1192 1010 llI.
1212 988 1266 1019 14.

1065 1025 1179 1059 Solem
1197 1024 1365 1060 dominari
1384 1033 1418 1059 et
1435 1036 1548 1059 rerum
1567 1025 1683 1072 potiri,

1015 1072 1095 1108 Luc.
1110 1084 1171 1116 41.

1062 1121 1232 1168 Magnam
1262 1120 1383 1156 caloris
1418 1121 1489 1156 vim
1520 1121 1618 1157 ineffe
1651 1122 1686 1158 in

1011 1170 1107 1205 omni
1133 1181 1286 1216 corpore.
1340 1170 1493 1205 Nullum
1523 1171 1586 1205 esse
1617 1181 1689 1206 tam

1012 1231 1097 1266 grav
1098 1230 1151 1253 em
1167 1220 1298 1261 cibum,
1326 1219 1413 1265 quin
1426 1219 1452 1253 is
1471 1219 1524 1254 die
1541 1229 1575 1254 et
1589 1221 1688 1255 noete

1014 1277 1278 1321 concoquatur·²
1309 1279 1408 1308 cuius
1434 1267 1536 1302 etiam
1560 1269 1593 1302 in
1613 1269 1688 1303 reli-

1014 1328 1105 1363 quus
1125 1316 1206 1350 inest
1224 1315 1342 1350 calor
1335 1316 1387 1358 iis,
1405 1328 1490 1362 quas
1505 1327 1626 1351 natura
1640 1330 1689 1352 re-

1015 1364 1152 1412 spuerit.
1178 1364 1215 1398 de
1232 1364 1317 1399 Nat.
1337 1365 1435 1399 Deor.
1457 1365 1499 1399 11.
1515 1378 1548 1412 9.

1066 1414 1232 1460 Qiatuor
1254 1413 1296 1447 de
1313 1414 1421 1448 causis
1441 1413 1471 1448 in
1491 1413 1612 1448 animis
1630 1414 1692 1448 ho-

1018 1460 1152 1496 minum
1171 1461 1370 1496 informatas
1387 1462 1450 1496 effe
1469 1462 1612 1497 deorum
1631 1475 1692 1497 no-

1017 1510 1137 1545 tiones.
1178 1511 1260 1545 Una
1284 1510 1344 1553 est,
1371 1522 1453 1558 quae
1479 1511 1527 1545 est
1552 1520 1627 1546 orta
1651 1523 1694 1545 ex

1018 1558 1242 1606 praesensione
1267 1570 1380 1593 rerum
1397 1558 1593 1594 futurarum
1610 1573 1618 1594 ε
1647 1560 1693 1594 al-

1019 1618 1101 1649 tera,
1119 1619 1158 1642 ex
1180 1608 1498 1654 perturbationibus
1517 1608 1694 1654 tempesta-

1019 1666 1106 1696 tum,
1123 1666 1156 1690 et
1171 1656 1309 1702 reliquis
1325 1656 1477 1690 motibus
1493 1669 1500 1690 :
1530 1657 1639 1698 tertia,
1652 1668 1695 1691 ex

1019 1705 1265 1739 commoditate
1290 1716 1416 1746 rerum,
1441 1716 1527 1751 quas
1547 1705 1695 1752 percipi-

1020 1765 1111 1795 πως,
1128 1762 1162 1788 et
1175 1753 1294 1800 copia:
1323 1763 1458 1800 quarta,
1471 1765 1513 1787 ex
1527 1753 1695 1789 astrorum

1020 1801 1151 1843 ordine,
1170 1801 1323 1849 coelique
1337 1801 1534 1837 constantia.
1561 1801 1597 1836 de
1610 1802 1695 1838 Nat.

1021 1851 1119 1886 Dcor.
1135 1851 1180 1885 ΙΙ.
1195 1863 1228 1895 5.
1255 1860 1290 1884 et
1307 1850 1370 1885 111.
1387 1862 1419 1896 7.

1072 1898 1170 1934 Nihil
1201 1898 1330 1934 ratione
1359 1899 1423 1934 effe
1455 1897 1618 1934 divinius.
1660 1899 1698 1934 de

1020 1946 1108 1984 Nat.
1126 1949 1225 1983 Deor.
1246 1947 1271 1982 l.
1291 1959 1346 1991 14.

1072 1996 1173 2032 Nihil
1199 1996 1265 2030 effe
1290 1997 1437 2039 malurn,
1472 1995 1570 2043 quod
1596 2005 1698 2044 turpe

1026 2057 1096 2081 non
1116 2045 1166 2080 fit.
1206 2045 1295 2089 Tusc.
1316 2046 1379 2080 111.
1400 2057 1458 2090 32.

1069 2093 1287 2129 Consolantis
1299 2095 1364 2129 effe
1376 2093 1547 2136 officium,
1563 2092 1695 2128 malum

1028 2143 1115 2178 illud
1146 2141 1291 2177 omnino
1325 2155 1394 2178 non
1423 2142 1505 2184 effe,
1545 2141 1693 2176 suadere.

1027 2191 1117 2238 Tusc.
1136 2191 1200 2227 llI.
1217 2203 1276 2237 3¹·

1137 2336 1172 2372 D
1201 2336 1277 2372 10
1301 2335 1335 2370 G
1363 2335 1395 2370 E
1422 2334 1459 2370 N
1487 2334 1518 2370 E
1543 2334 1580 2370 S.

1133 2432 1440 2475 lOGENES,
1466 2431 1694 2478 Babylonius,

1157 2493 1302 2528 magnus
1328 2491 1363 2515 et
1395 2481 1510 2527 gravis
1544 2481 1695 2522 Stoicus,

1027 2543 1108 2566 cum
1131 2530 1305 2565 Carneade
1331 2529 1374 2565 ad
1400 2531 1564 2566 Senatum
1582 2530 1626 2564 ab
1643 2531 1696 2565 A-

1127 2579 1159 2614 E
1176 2591 1194 2614 e
1211 2590 1229 2613 e
1257 2590 1276 2614 z
