2241 2994
554 268 1438 308 PHILOSOPHORUM.-

289 361 429 403 lorunv,
460 362 598 409 poffunt
626 371 738 397 autem
765 362 951 408 aliquando

288 409 381 444 oculi
400 422 466 444 non
493 409 591 456 fungi
622 409 682 444 suo
700 421 862 451 munere;
889 411 950 456 qui

287 458 345 492 vel
373 458 471 492 semel
499 458 545 492 ita
572 457 619 492 est
649 457 728 492 usus
757 457 878 498 oculis,
912 468 952 492 ut

287 517 368 540 vera
383 515 544 547 cerneret,
558 505 584 539 is
603 505 704 539 habet
721 504 848 540 sensum
866 517 948 540 ocu·

287 553 401 588 lorum
419 564 498 587 vera
515 553 737 588 cernentium.
784 554 869 588 Item
888 553 948 600 igi-

287 611 356 643 tur,
385 601 408 635 si
435 601 500 635 fine
523 601 732 636 divinatione
756 614 823 637 non
842 601 951 649 potest

286 649 441 684 officium
458 659 493 684 et
513 661 640 684 munus
657 649 876 685 divinationis
891 661 950 684 ex—

287 698 397 737 stare·‚
425 697 534 744 potest
555 708 668 732 autem
685 699 776 745 quis,
802 710 881 733 cum
900 699 949 733 di-

286 746 496 781 vinationem
514 746 647 788 habeat,
672 758 781 781 errare
797 747 950 793 aliquan-

287 795 346 836 do,
373 806 434 828 nec
450 805 530 828 vera
546 805 703 836 cernere3
731 794 807 829 satis
836 795 883 829 est
909 795 951 830 ad

287 842 555 877 confirmandam
574 842 832 884 divinationem,
853 843 951 878 semel

287 890 418 937 aliquid
434 890 498 924 effe
516 890 561 925 ita
578 890 784 933 divinatum,
812 900 850 925 ut
866 891 950 926 nihil

285 937 431 974 fortuito
463 938 616 974 cecidiffe
646 939 811 975 videatur.
863 941 952 975 Sunt

287 997 401 1022 autem
427 985 500 1033 ejus
517 987 647 1034 generis
666 988 949 1023 innumerabilia:

285 1036 349 1070 effe
375 1036 481 1083 igitur
503 1035 760 1071 divinationem.
813 1037 953 1072 Censuit

285 1083 388 1119 etiam
423 1084 553 1119 animos
588 1085 766 1119 hominum
801 1086 950 1132 quadam

285 1144 328 1167 ex
347 1142 441 1180 parte
457 1132 662 1168 extrinsecus
678 1133 742 1167 effe
767 1134 890 1169 traetos
918 1143 952 1168 et

287 1181 434 1216 haustos.
461 1181 499 1215 de
515 1182 631 1217 Divin.
652 1182 678 1216 1.
699 1193 755 1227 32.
775 1192 808 1217 et
826 1183 870 1218 11.
890 1186 948 1226 48.

286 1229 373 1276 Offic.
394 1230 420 1265 Ι.
441 1229 487 1265 11.
507 1239 541 1265 et
558 1230 621 1265 111.
647 1230 780 1266 Brutus.
801 1241 851 1276 71.

409 1375 826 1412 CRITOLAUS.

376 1473 654 1514 RITOLAUS,
673 1473 734 1520 qui
754 1473 852 1508 simul
870 1469 950 1507 cum

410 1521 568 1568 Diogene
609 1520 689 1564 fuit,
732 1521 949 1556 Aristotelem

285 1569 410 1604 imitari
437 1570 549 1604 voluit
566 1583 573 1604 :
601 1580 634 1605 et
652 1570 792 1617 quidem
809 1569 855 1604 est
873 1581 949 1616 gra-

284 1618 390 1653 vitate
407 1618 600 1665 proximus,
626 1628 659 1653 et
686 1620 853 1653 redundat
878 1629 950 1652 ora-

285 1666 360 1702 tio:
399 1677 546 1701 attamen
578 1667 611 1701 in
640 1667 758 1714 patriis
790 1667 950 1701 institutis

285 1725 411 1757 manet,
437 1725 476 1750 ut
499 1716 546 1750 ait
563 1715 698 1758 Cicero,
723 1714 761 1749 de
784 1715 887 1750 Finib.
904 1715 948 1750 V.

287 1775 320 1808 5.
337 1773 372 1798 et
387 1763 425 1798 de
441 1765 534 1799 Orat.
562 1764 607 1798 11.
637 1766 693 1809 38.
746 1764 778 1799 Is
808 1775 888 1798 cum
917 1764 950 1798 in

285 1813 423 1847 alteram
449 1812 579 1847 lancem
608 1812 707 1847 librae
731 1812 833 1846 animi
861 1812 952 1846 bona

286 1861 485 1906 imponeret,
514 1861 547 1895 in
577 1860 714 1895 alteram
738 1861 890 1907 corporis
917 1870 951 1895 et

284 1919 446 1950 externa·‚
474 1920 608 1944 tantum
627 1909 838 1956 propendere
857 1909 949 1943 illam

286 1958 457 1993 bonorum
477 1957 579 1992 animi
599 1958 728 1992 lancem
744 1958 898 2004 putabat,
913 1967 952 1992 ut

286 2016 407 2041 terram
430 2016 464 2041 et
491 2007 595 2041 maria
621 2006 834 2054 deprimeret.
860 2004 948 2052 Tusc.

286 2055 401 2103 V.17.

422 2151 809 2187 DIAGORAS.

382 2247 621 2291 IAGORAS,
647 2248 792 2290 Melius,
809 2248 951 2283 omnino

405 2296 486 2330 deos
512 2296 576 2330 effe
602 2297 769 2344 negabat:
798 2297 876 2331 hinc
899 2298 951 2331 A-

288 2345 382 2379 theos
399 2344 512 2378 dietus
535 2345 594 2380 est.
620 2344 656 2379 dc
684 2346 766 2382 Nat.
798 2347 894 2380 Deor.
924 2345 952 2380 1.

290 2404 345 2435 42.
373 2403 406 2428 et
424 2393 485 2428 111.
509 2403 563 2437 37.

1586 286 1662 326 415

1098 458 1556 496 DICAEARCHUS.

1001 554 1472 649 DICAEARCHUS
1493 558 1660 605 Peripate-

1119 612 1208 636 t1cus
1226 614 1370 638 maenus
1394 604 1462 639 fuit
1485 616 1519 640 et
1544 607 1662 653 copio-

1000 649 1066 691 suS‚
1094 632 1304 686 Aristoxeni
1320 652 1464 699 aequalis
1481 663 1515 688 et
1531 654 1662 688 condis-

1001 698 1149 744 cipulus.
1202 699 1246 733 Ei
1282 711 1406 746 magna
1437 703 1664 736 controversia

1001 744 1069 780 fuit
1098 758 1179 781 cum
1201 747 1454 795 Theophrasto,
1482 750 1578 796 quod
1608 749 1664 784 ille

1002 794 1036 828 id
1054 794 1136 829 vitae
1154 807 1274 841 genus,
1301 808 1382 843 quae
1402 809 1434 831 in
1453 797 1584 831 actione
1602 810 1663 844 po-

1001 843 1062 877 fita
1076 843 1135 886 est,
1163 844 1265 890 longe
1291 845 1453 880 omnibus
1481 856 1662 892 antepone·

1001 900 1062 931 ret,
1091 891 1145 926 hic
1178 902 1305 934 autem,
1341 905 1422 940 quae
1449 894 1483 928 in
1511 903 1663 929 contern-

1000 938 1162 985 platione.
1213 941 1332 975 Multa
1361 941 1447 988 scrip
1450 942 1511 976 fit:
1541 942 1574 977 in
1594 942 1662 989 pri-

1001 987 1064 1022 mis
1089 997 1155 1023 tres
1184 988 1303 1031 libros,
1329 989 1390 1036 qui
1421 990 1576 1025 Leriaci
1603 1003 1666 1025 vo-

1000 1046 1132 1079 cantur,
1158 1038 1254 1084 quod
1284 1038 1465 1084 Mytilenis
1482 1038 1589 1074 sermo
1607 1039 1665 1073 ha-

1001 1064 1146 1120 beretuiz
1199 1086 1317 1120 Primo
1347 1086 1436 1121 libro
1458 1087 1589 1122 multos
1614 1088 1664 1122 lo-

1000 1143 1142 1179 quentes
1158 1132 1259 1175 facit;
1278 1134 1416 1170 duobus
1429 1135 1666 1170 Pherecratem

1000 1182 1172 1228 quendam
1191 1182 1390 1218 Phthiotam
1411 1183 1531 1225 senem,
1559 1196 1664 1230 quem

1001 1230 1046 1264 ait
1064 1242 1083 1264 a
1112 1230 1324 1266 Deucalione
1352 1241 1481 1274 ortum,
1507 1232 1664 1267 differen-

1001 1289 1069 1313 tem
1088 1279 1232 1321 inducit,
1253 1279 1336 1314 nihil
1353 1280 1417 1314 ess‘e
1434 1281 1576 1315 omnino
1594 1279 1664 1315 ani-

1002 1339 1110 1369 mum,
1148 1338 1183 1362 et
1212 1327 1276 1362 hoc
1305 1328 1369 1362 esse
1397 1341 1520 1363 nomen
1550 1339 1666 1364 totum

1002 1376 1110 1418 inane,
1137 1374 1330 1422 frustraque
1359 1377 1517 1411 animalia
1538 1387 1571 1412 et
1594 1377 1665 1412 ani-

1000 1433 1130 1458 mantes
1160 1424 1345 1478 appellari:
1375 1437 1485 1472 neque
1502 1425 1536 1459 in
1555 1425 1665 1460 homi-

1001 1484 1042 1507 ne
1059 1472 1157 1506 iness'e
1174 1472 1340 1514 animum,
1351 1473 1405 1507 vel
1424 1473 1584 1515 animam,
1604 1486 1666 1509 nec

1002 1521 1034 1555 in
1070 1521 1197 1562 bestia,
1235 1521 1377 1568 vimque
1406 1534 1542 1556 omnem
1575 1533 1664 1565 eam,

1000 1581 1070 1616 qua
1087 1569 1142 1603 vel
1170 1581 1311 1616 agamus
1341 1569 1438 1616 quid,
1465 1570 1519 1604 vel
1546 1569 1664 1605 sentia-

1001 1630 1090 1659 mus,
1118 1618 1151 1652 in
1169 1618 1330 1652 omnibus
1346 1618 1558 1670 corporibus
1577 1619 1666 1653 vivis

1001 1666 1218 1713 aequabiliter
1244 1667 1308 1700 effe
1336 1664 1458 1707 fusam,
1487 1677 1547 1701 nec
1574 1666 1664 1713 sepa-

1001 1715 1141 1749 rabilem
1161 1725 1179 1748 a
1196 1726 1338 1761 corpore
1348 1714 1423 1756 effe,
1438 1714 1569 1762 quippe
1583 1727 1666 1761 quae

1001 1764 1096 1798 nulla
1124 1763 1174 1804 fit,
1211 1774 1270 1797 nec
1303 1762 1342 1797 fit
1371 1762 1577 1809 quidquam,
1606 1763 1664 1798 nili

1000 1823 1125 1858 corpus
1144 1823 1252 1845 unum
1269 1821 1302 1845 et
1320 1811 1475 1857 fimplex,
1502 1811 1548 1846 ita
1575 1812 1664 1857 figu-

1002 1870 1127 1902 ratum,
1147 1869 1185 1894 ut
1202 1860 1446 1906 temperatione
1464 1869 1595 1894 naturae
1613 1860 1664 1894 vi-

1000 1918 1077 1955 geat
1093 1918 1126 1943 et
1144 1907 1270 1943 sentiat.
1323 1907 1382 1942 Ad
1407 1908 1503 1954 quod
1528 1908 1664 1943 creden·

1000 1958 1085 1991 dum
1115 1956 1275 1991 inductus
1302 1956 1375 1996 est·,
1403 1956 1486 2003 quia
1515 1957 1666 1991 difficilis

998 2015 1069 2040 erat
1096 2005 1211 2047 animi,
1237 2004 1324 2052 quid
1350 2014 1383 2038 et
1404 2004 1516 2058 qualis
1534 2004 1585 2047 sit,
1612 2005 1664 2040 in-

1001 2053 1197 2101 telligentia.
1230 2053 1370 2100 Scripsit
1386 2053 1487 2087 etiam
1504 2063 1538 2087 et
1555 2054 1622 2088 de
1616 2066 1665 2088 in·

1000 2102 1101 2137 teritu
1132 2101 1293 2144 hominis,
1321 2111 1360 2135 ut
1388 2101 1435 2135 est
1453 2100 1543 2145 Offic.
1562 2102 1608 2136 II.
1631 2114 1662 2146 5.

999 2161 1033 2185 et
1059 2151 1130 2185 duo
1148 2162 1269 2197 genera
1295 2146 1470 2184 divinandi
1488 2150 1659 2196 probavit.

1000 2199 1090 2234 Vide
1117 2199 1259 2245 Tusal.
1290 2210 1341 2239 10,
1371 2209 1420 2243 31.
1447 2197 1483 2231 de
1500 2198 1613 2232 Divi.n
1635 2197 1662 2232 Ῑ.

1003 2260 1035 2294 3,
1056 2259 1112 2294 50.
1140 2258 1173 2283 et
1190 2248 1286 2294 Epist.
1306 2245 1350 2281 ad
1364 2246 1435 2280 Att.
1455 2245 1497 2279 11
1520 2257 1553 2288 2,
1575 2247 1622 2280 16
