2241 2994
515 211 597 250 400

517 296 642 338 noster,
671 295 755 331 nihil
783 294 878 331 illinc
907 295 976 330 huc
1006 295 1183 342 pervenit:

517 345 665 380 ostendit
692 344 808 392 pedes,
841 354 875 379 et
903 345 1033 391 peetus.
1082 345 1185 379 Atta--

517 406 595 429 men
615 393 671 428 hic
689 393 838 428 malebat
855 405 923 428 non
938 394 1064 428 dolere.
1104 393 1185 428 Hu-

510 441 572 490 jus
591 442 665 476 haec
683 441 761 476 sunt
778 441 932 477 decreta:

567 490 698 527 Omnia
722 489 806 525 falsa
827 491 904 533 effe,
930 501 1012 537 quae
1038 489 1188 526 sensibus

518 539 713 575 videantur.
738 538 777 573 de
794 539 879 575 Nat.
897 541 994 574 Deor.
1015 540 1040 574 1.
1063 551 1121 583 25.

570 589 765 636 Sapientem
790 601 859 623 non
885 588 1032 635 opinari,
1058 598 1092 622 et
1110 599 1188 634 pro·

520 636 600 673 inde
617 637 704 672 nulli
724 637 768 672 rei
787 637 943 672 assentiri.
974 639 1050 674 Luc.
1072 648 1121 670 21.

571 687 740 734 Sapientis
754 686 824 721 vim
839 686 902 720 effe
917 685 1115 726 maximam,
1133 697 1189 719 ca-

521 748 600 771 vere
627 747 668 771 ne
693 735 873 782 capiatur,
900 746 940 769 ne
958 732 1111 776 fallatur,
1137 733 1190 769 vi-

522 785 611 821 dere.
655 786 737 821 Luc.
759 795 816 819 20.

631 928 1082 966 CARNEADES.

614 1028 908 1071 ARNEADES‚
935 1027 1139 1073 Cyrenaem,
1160 1025 1194 1060 in

639 1078 738 1114 novis
751 1077 970 1112 Academicis
988 1085 1133 1123 quartus
1152 1075 1196 1108 ab

524 1129 677 1165 Arcesila
688 1135 898 1162 numeratur.
937 1124 1087 1160 Audivit
1103 1123 1194 1158 enim

525 1177 756 1225 Hegesmum,
783 1174 846 1222 qui
870 1174 1074 1210 Evandrum
1097 1172 1194 1207 audi-

525 1237 609 1270 erat,
652 1224 804 1272 Lacydis
838 1223 1068 1270 discipulum,
1113 1233 1194 1256 cum

527 1275 691 1312 Arcesilae
709 1273 869 1320 Lacydes
895 1271 1020 1307 fuisset.
1065 1270 1196 1305 Divina

528 1325 698 1361 celeritate
721 1321 848 1370 ingenii
865 1321 1073 1367 dicendique
1096 1319 1198 1367 copia

529 1375 583 1410 vir
607 1373 688 1414 fuit,
716 1372 846 1407 nullius
872 1369 1101 1419 philosophiae
1120 1380 1195 1416 par-

529 1424 573 1460 tis
609 1423 760 1470 ignarus,
793 1429 828 1455 et
861 1419 1026 1455 memoria
1058 1418 1193 1452 divina:

529 1472 667 1508 dicebat
695 1470 787 1506 enirn
817 1469 860 1512 se,
902 1479 1067 1515 tanquam
1094 1466 1198 1501 literis

531 1523 566 1558 in
600 1533 688 1562 cera,
732 1519 777 1554 sic
809 1517 1018 1565 imaginibus
1050 1517 1084 1550 in
1114 1515 1199 1550 locis

531 1583 621 1619 quos
647 1569 798 1610 haberet,
823 1579 906 1614 quae
924 1565 1111 1614 meminisse
1130 1565 1199 1599 vel-

533 1622 592 1664 let,
621 1617 849 1667 praescribere.
897 1615 1036 1650 Multos
1065 1613 1200 1648 audito-

533 1683 584 1706 res
604 1667 750 1704 Athenis
777 1664 911 1707 habuir,
938 1673 979 1699 ut
1001 1665 1053 1710 Q
1075 1663 1200 1697 Metel-

533 1719 621 1760 lum,
642 1715 861 1752 clarissimum
880 1713 1008 1756 virum,
1027 1722 1060 1747 et
1074 1713 1201 1747 Romae

534 1766 742 1807 Scaevolam,
772 1763 834 1811 qui
862 1762 1051 1798 admodum
1079 1761 1201 1796 florue-

534 1827 628 1853 runt.
668 1816 791 1861 Itaque
821 1824 903 1847 cum
930 1811 1040 1846 multa
1068 1810 1201 1845 dissere-

535 1877 598 1910 ret,
637 1875 763 1900 novam
797 1861 946 1897 Athenis
977 1860 1202 1896 Academiam

535 1915 696 1952 obtinens
718 1924 800 1947 cum
828 1909 1049 1946 Clitomacho
1074 1919 1108 1944 et
1126 1907 1202 1943 AEs-

537 1966 650 2007 chine,
679 1960 843 1997 excitavit
874 1959 1029 1994 homines
1058 1970 1126 1993 non
1155 1957 1204 1992 so-

533 2013 656 2050 cordes
673 2011 715 2046 ad
733 2009 803 2045 veri
822 2007 1046 2054 investigandi
1069 2007 1204 2053 cupidi-

538 2073 655 2099 tatem.
694 2060 757 2096 Ab
773 2057 1038 2094 Atheniensibus
1053 2056 1205 2103 legatum

540 2111 676 2147 miffum
695 2109 759 2144 esse
784 2107 825 2142 ad
845 2105 996 2141 senatum
1013 2117 1094 2139 cum
1118 2104 1205 2139 Dio-

539 2172 626 2209 gene
653 2157 739 2194 dicit
768 2157 902 2192 Cicero.
951 2155 1039 2201 ‘Tusa
1077 2153 1138 2188 lv,
1173 2165 1204 2198 3.

540 2210 736 2258 Epicureus
755 2207 864 2246 Zeno,
887 2215 1090 2251 quanquam
1107 2203 1150 2237 ab
1167 2215 1208 2237 eo

541 2258 734 2309 plurimum
759 2253 985 2294 dissentiebat,
1018 2263 1128 2287 unum
1159 2259 1207 2286 tass

543 2319 622 2344 men
664 2314 789 2353 praeter
829 2312 972 2338 caeteros
1009 2301 1208 2336 mirabatur.

543 2353 740 2393 Incredibili
755 2352 905 2399 quadam
922 2350 1020 2386 fuisse
1033 2349 1142 2385 fertur
1157 2349 1209 2383 di-

543 2405 641 2443 cendi
671 2402 844 2438 facultate.
899 2399 993 2435 Hinc
1023 2400 1147 2434 Cicero
1176 2397 1212 2433 de

542 2459 637 2493 Orat.
656 2453 718 2490 111.
741 2464 790 2499 ¹9·
809 2451 876 2487 ait:
928 2449 964 2485 Si
981 2448 1143 2485 eximiam
1159 2447 1210 2483 di-

863 199 969 239 DE
1043 199 1548 240 DOCTRINA

1235 295 1335 331 cendi
1361 295 1505 343 speciem
1533 293 1668 329 adamet
1689 302 1818 336 orator,
1845 301 1907 330 aut

1238 345 1287 380 illi
1315 344 1553 386 Carneadiam,
1586 353 1645 378 aut
1671 342 1908 378 Aristoteliam

1236 394 1310 428 vim
1323 394 1387 428 effe
1401 392 1769 440 comprehendendam.
1806 391 1854 426 Et
1871 393 1909 425 de

1239 442 1453 485 Univerfitate
1474 455 1497 476 ι.
1528 440 1622 482 Fuit,
1642 440 1770 487 inquit,
1796 440 1851 474 vir
1869 439 1909 474 il-

1238 491 1281 533 le,
1308 503 1390 526 cum
1413 490 1532 525 ceteris
1551 489 1696 531 artibus,
1723 501 1806 536 quae
1829 487 1908 535 qui-

1237 540 1316 574 dem
1342 539 1459 585 dignae
1486 538 1596 573 libero
1624 538 1740 578 essent,
1767 548 1909 572 ornatus

1237 588 1427 628 omnibus3
1461 597 1536 622 tum
1568 598 1644 620 acer
1675 585 1910 633 investigator,

1237 646 1271 671 et
1294 636 1440 683 diligens
1470 647 1588 670 earum
1621 646 1746 676 rerum,
1778 645 1860 682 quae
1892 645 1911 668 a

1241 695 1361 720 natura
1389 685 1557 719 involutae
1585 683 1757 718 videntur.
1802 682 1911 717 Deni—

1240 746 1310 781 que
1336 733 1380 769 sic
1406 733 1541 780 judico,
1569 732 1645 780 post
1678 731 1754 766 illos
1779 731 1912 766 nobiles

1241 782 1488 830 PythagoreOS,
1541 793 1692 829 quorum
1732 779 1913 828 disciplina

1240 831 1392 867 extincta
1420 830 1467 865 est
1493 830 1648 877 quodam
1679 829 1798 872 modo,
1828 841 1912 864 cum

1242 880 1376 926 aliquot
1402 879 1514 914 secula
1540 878 1573 914 in
1608 879 1706 913 ltalia
1727 877 1914 924 Siciliaque

1241 929 1415 976 viguisset,
1433 928 1526 962 hunc
1540 927 1710 968 exstitisse,
1737 927 1798 974 qui
1819 927 1914 961 illam

1244 986 1434 1013 renovaret.
1470 977 1510 1011 In
1526 975 1819 1023 disputationibus
1836 976 1912 1010 nul-

1245 1027 1314 1061 lam
1339 1036 1494 1072 unquam
1522 1037 1591 1060 rem
1615 1023 1780 1066 defendit,
1806 1035 1914 1071 quam

1245 1087 1315 1111 non
1328 1075 1506 1122 probarit·,
1535 1073 1667 1109 nullam
1681 1073 1914 1120 oppugnavit,

1245 1131 1352 1172 quarn
1371 1135 1440 1158 non
1456 1122 1625 1158 everterit.
1669 1123 1755 1157 Erat
1770 1122 1862 1157 enim
1882 1122 1916 1156 in

1245 1173 1423 1208 dialectica
1436 1171 1602 1214 summus,
1621 1181 1654 1205 et
1670 1171 1806 1218 egregie
1821 1183 1916 1205 exer-

1246 1223 1382 1257 citatus.
1410 1219 1522 1267 Cujus
1537 1221 1672 1267 ignaros
1691 1221 1735 1255 sic
1753 1220 1914 1255 ludebat:

1247 1273 1281 1306 Si
1304 1275 1387 1306 reHe
1416 1270 1556 1312 conclufi,
1586 1278 1692 1304 teneo.-
1716 1269 1770 1313 fin
1796 1271 1916 1312 vitiose,

1247 1322 1361 1355 minam
1379 1321 1532 1365 Diogenes
1551 1318 1680 1353 reddet:
1708 1319 1752 1353 ab
1767 1330 1807 1353 eo
1825 1318 1917 1352 enim

1247 1370 1367 1404 Stoico
1390 1367 1602 1403 dialecticam
1626 1367 1811 1402 didicerat:
1840 1367 1916 1401 haec

1249 1428 1364 1453 autem
1393 1428 1519 1452 merces
1547 1426 1619 1451 erat
1645 1415 1917 1451 dialefflcorum.

1248 1467 1304 1502 De
1318 1465 1498 1514 Epicureis
1514 1465 1555 1500 fic
1575 1466 1702 1506 statuit,
1716 1476 1773 1499 eos
1788 1463 1918 1512 potuis-

1249 1516 1279 1551 se
1305 1515 1398 1550 suam
1426 1514 1560 1549 causam
1585 1514 1653 1549 sine
1683 1513 1921 1548 commentitia

1249 1575 1444 1600 atomorum
1472 1563 1699 1598 declinatione
1716 1561 1916 1597 defendere:

1250 1626 1328 1649 nam
1347 1625 1427 1648 cum
1446 1613 1583 1647 doceret
1600 1612 1663 1647 effe
1691 1612 1783 1659 posse
1807 1623 1919 1658 quen-

1250 1663 1330 1697 dam
1350 1661 1453 1697 animi
1473 1671 1608 1696 motum
1626 1660 1877 1702 voluntarium,
1901 1673 1921 1695 a

1251 1712 1282 1747 se
1298 1722 1428 1753 ortum,
1455 1709 1555 1757 cujus
1580 1709 1774 1756 antegreffae
1801 1720 1835 1744 et
1861 1722 1919 1744 ex-

1252 1771 1358 1796 ternae
1377 1758 1486 1795 causae
1520 1759 1626 1794 nullae
1649 1759 1765 1799 essent,
1794 1758 1828 1793 id
1854 1757 1922 1794 fuit

1252 1808 1389 1845 defendi
1414 1808 1548 1850 melius,
1575 1819 1681 1855 quam
1707 1807 1923 1842 introducere

1253 1858 1540 1900 declinationem,
1587 1855 1686 1903 cujus
1735 1856 1922 1904 praesertim

1254 1908 1388 1943 causam
1409 1907 1552 1960 reperire
1569 1918 1635 1941 non
1664 1906 1821 1953 possunt:
1850 1917 1924 1953 quo

1254 1955 1403 1999 defenso,
1439 1955 1538 1991 tac-ile
1569 1955 1700 2002 possent
1726 1954 1924 2002 Chrysippo

1256 2006 1410 2041 resistere.
1455 2006 1586 2040 Contra
1603 2003 1798 2039 Stoicorum
1829 2016 1923 2046 vero,

1255 2067 1344 2102 quos
1372 2054 1604 2089 studiosissime
1636 2052 1765 2099 semper
1795 2051 1923 2087 refelle-

1257 2105 1327 2145 bat,
1346 2103 1559 2150 disciplinam
1579 2101 1754 2148 ingenium
1772 2100 1846 2142 eius
1864 2113 1924 2136 ex-

1257 2153 1398 2193 arserat3
1424 2151 1505 2187 etin
1523 2152 1617 2186 omni
1643 2152 1703 2185 hac
1723 2151 1926 2197 quaestione,

1258 2214 1339 2249 quse
1358 2202 1400 2236 de
1419 2201 1517 2235 bonis
1540 2211 1573 2235 et
1602 2200 1698 2234 malis
1720 2200 1926 2247 appellatur.

1259 2262 1413 2298 pugnare
1440 2262 1506 2285 non
1533 2249 1671 2288 destitit.
1700 2261 1766 2283 non
1789 2249 1853 2283 esse
1877 2261 1926 2284 re-

1260 2311 1337 2336 rum
1351 2298 1475 2333 Stoicis
1493 2310 1574 2333 cum
1595 2298 1826 2345 Peripateticis
1844 2309 1926 2332 con·

1261 2348 1469 2389 troversiam,
1509 2347 1561 2382 sed
1593 2358 1784 2382 nominum.
1832 2347 1927 2381 Nam

1260 2409 1342 2432 cum
1361 2397 1416 2431 alii
1439 2406 1576 2432 externa
1601 2408 1641 2430 ne
1671 2397 1760 2431 bona
1785 2395 1928 2443 quidem

1260 2448 1435 2489 dicerent·,
1465 2446 1581 2483 omnia
1602 2446 1634 2481 in
1652 2446 1767 2481 animo
1788 2455 1927 2492 repone-
