2241 2994
532 223 612 266 320

531 306 618 342 nihil
634 305 704 341 fieri
722 306 872 353 potuerit
890 306 1102 350 honoratius,
1116 307 1199 352 epist.

537 367 592 391 10.
609 355 730 402 sl.11.]
746 355 799 390 lib.
816 355 916 390 XVI.
932 355 1053 391 Famil.
1069 355 1129 390 ubi
1143 356 1201 390 ad-

531 403 596 447 dit,
622 403 654 438 se
676 403 826 438 incidisse
843 403 877 438 in
902 403 1008 451 ipsam
1027 404 1200 439 flammam

532 451 645 488 civilis
662 452 856 494 discordiae,
881 452 936 487 vel
962 453 1079 500 potius
1108 453 1199 489 belli.

533 500 644 550 Qiod
661 501 764 536 etiam
784 500 976 537 Plutarchus
992 501 1118 537 scribit.

583 549 678 584 Nam
707 549 852 585 Kalend.
884 550 1025 595 Januar.
1057 563 1138 585 cum
1168 549 1201 584 in

535 599 591 646 Q
621 598 758 633 Metelli
800 597 970 646 Scipionis
1005 599 1201 634 sententiam

534 648 569 683 S.
598 647 640 682 C.
670 647 776 689 fieret,
804 647 853 682 uti
873 658 949 682 ante
967 658 1093 682 certam
1111 647 1202 681 diem

532 695 648 731 Caesar
690 695 878 731 exercitum
920 696 1128 730 dimitteret:
1178 695 1202 729 si

535 757 604 780 non
634 743 772 786 faceret,
798 757 877 778 eum
905 744 1064 779 adversus
1095 756 1202 791 remp.

533 791 708 828 facturum
735 793 864 828 videri:
892 793 994 839 eique
1021 794 1053 827 S.
1074 792 1116 827 C.
1145 793 1200 827 M.

534 841 710 877 Antonius
735 851 770 876 et
787 842 843 888 Q
855 841 986 877 Caffius
1004 840 1133 877 tribuni
1153 841 1200 889 pl.

534 890 805 925 intercessiffent:
859 890 1004 926 Senatus
1056 889 1202 925 consuli-

536 939 614 981 bus,
653 939 876 986 praetoribuS,
914 939 1062 974 tribunis
1091 938 1138 986 pl.
1169 949 1204 974 et

535 987 588 1029 iis,
615 989 677 1035 qui
706 1000 770 1036 pro
797 987 996 1023 consulibus
1014 989 1058 1022 ad
1080 989 1202 1022 urbem

533 1046 641 1079 erant,
684 1037 860 1084 negotium
891 1037 997 1078 dedit,
1036 1047 1075 1071 ut
1105 1048 1202 1071 cura-

535 1095 622 1128 rent,
649 1097 691 1120 ne
721 1086 807 1132 quid
834 1085 916 1133 resp.
935 1085 1129 1120 detrimenti
1147 1097 1202 1119 ca-

533 1143 639 1182 peret.
684 1134 783 1169 Tum
809 1133 986 1169 Antonius
1011 1143 1046 1168 et
1074 1135 1205 1169 Cassius

534 1183 578 1218 ad
596 1181 765 1218 Caesarem
782 1194 824 1217 ex
843 1182 928 1217 urbe
954 1194 1036 1218 cum
1054 1183 1206 1218 Curione

535 1229 755 1280 profugiunt,
781 1231 887 1277 caestzr
913 1231 966 1266 lib.
994 1232 1023 1267 Ι.
1053 1230 1089 1266 de
1117 1231 1204 1268 Bello

534 1280 646 1322 Civili,
661 1290 728 1327 cap.
744 1291 776 1325 5.
797 1283 904 1316 cicero
919 1281 1064 1327 epist.10.
1081 1280 1140 1325 {Li
1154 1282 1202 1328 1.]

535 1329 590 1365 lib.
612 1329 712 1364 XVI.
731 1329 848 1365 Famil.
862 1339 895 1364 et
917 1329 1039 1376 Philip.
1059 1329 1106 1364 II.
1134 1340 1202 1376 cap.

537 1390 594 1415 21.
647 1377 771 1414 Cicero
800 1388 840 1413 ut
869 1379 964 1413 venit
991 1379 1035 1413 ad
1069 1378 1204 1420 urbem,

536 1439 605 1463 non
634 1425 762 1462 destitit
795 1427 913 1462 omnia
940 1437 975 1463 et
1004 1426 1136 1470 sentire,
1172 1437 1208 1462 et

536 1475 661 1518 dicere,
686 1485 721 1510 et
737 1473 860 1519 facere,
887 1487 969 1523 quae
996 1476 1038 1511 ad
1064 1488 1207 1512 concor-

533 1524 629 1560 diam
648 1524 867 1572 pertinerent,
893 1525 976 1571 epist.
998 1537 1050 1560 ιι.
1072 1525 1110 1569 [Ι.
1132 1526 1203 1571 12.]

535 1573 590 1608 lib.
618 1573 721 1608 XVI.
749 1574 868 1610 Famil.
908 1573 1047 1622 fuitque
1077 1573 1206 1621 semper

534 1621 656 1657 auctor
673 1621 779 1668 pacis,
808 1633 847 1657 ut
865 1622 1006 1658 testatur
1031 1623 1064 1658 in
1082 1623 1206 1658 oratio-

535 1670 608 1707 nib.
621 1680 683 1718 pro
702 1671 872 1714 Ildurcello,
897 1681 966 1718 cap.
987 1683 1020 1716 5.
1059 1671 1206 1718 Ligario,

536 1729 606 1766 cap.
635 1733 671 1768 9.
695 1727 727 1754 et
755 1721 923 1768 Dejotaro,
948 1730 1015 1766 cap.
1045 1732 1097 1756 ιο.
1126 1721 1206 1755 item

533 1769 619 1815 epist.
652 1768 685 1804 6.
722 1767 775 1804 lib.
805 1768 866 1804 VI.
900 1777 932 1804 et
959 1769 1043 1816 epist.
1077 1782 1110 1816 3.
1149 1769 1205 1804 lib.

535 1818 617 1854 VII.
645 1818 764 1853 Famil.
790 1829 898 1865 eaque
925 1817 968 1853 de
997 1830 1042 1860 re,
1071 1828 1109 1853 ut
1128 1817 1208 1854 Plu-

536 1867 666 1902 tarchus
693 1866 808 1909 tradit,
836 1867 999 1914 privatim
1027 1867 1138 1902 multa
1166 1867 1210 1902 ad

537 1915 708 1952 Caesarem
748 1915 890 1963 scripsit,
931 1926 965 1951 et
1000 1915 1209 1963 Pompeium

536 1976 652 2000 coram
669 1975 826 2012 precatus
844 1964 903 2007 est,
927 1975 1117 2019 utrumque
1135 1965 1208 2013 pla-

535 2026 616 2049 cans
641 2023 675 2049 et
704 2013 881 2049 deliniens.
933 2013 1000 2048 Sed
1026 2025 1134 2049 mirus
1160 2014 1210 2048 in-

537 2063 666 2097 vaserat
683 2060 782 2097 furor
800 2073 868 2097 non
888 2061 997 2097 solum
1029 2062 1210 2110 improbis,

538 2111 592 2147 sed
621 2110 726 2147 etiam
753 2111 807 2153 iis,
833 2111 895 2159 qui
925 2110 1007 2146 boni
1039 2111 1210 2147 habeban-

537 2170 607 2203 tur,
632 2160 799 2196 Cicerone
828 2160 1009 2201 clamame,
1036 2160 1121 2195 nihil
1145 2160 1211 2196 effe

537 2209 630 2245 bello
640 2209 735 2244 civili
749 2207 1031 2255 miserius,epfi.i
1045 2220 1073 2244 ι.
1087 2209 1125 2254 [Ι.
1136 2221 1147 2245 ι
1158 2210 1208 2256 2.]

535 2257 589 2294 lib.
609 2259 710 2294 xvi.
738 2257 859 2293 Famil.

587 2308 708 2355 Itaque
726 2306 837 2343 Italiae
855 2306 1008 2355 regiones
1029 2305 1209 2355 descriptae

535 2355 691 2398 fuerunt,
738 2367 846 2403 quam
888 2354 1035 2404 quisque
1076 2366 1210 2404 partem

537 2414 701 2441 tueretur.
753 2405 878 2441 Cicero
907 2405 1068 2454 Capuam
1094 2405 1213 2460 sump-

533 2454 591 2497 ὑπ,
615 2453 713 2503 quod
742 2453 851 2504 pridie
876 2454 1057 2503 lausjan.
1081 2453 1126 2491 ad
1143 2455 1209 2491 Ti-

843 206 909 250 M.
969 211 1024 251 T.
1086 211 1615 251 CICERONIS

1251 319 1367 342 ronem
1398 307 1529 354 scripsit
1552 307 1632 353 epist.
1658 317 1710 342 ιι.
1739 305 1793 342 lib.
1816 306 1919 343 XVI.

1251 356 1344 390 Cum
1363 356 1496 391 interim
1520 356 1646 398 Caesar‚
1674 354 1813 402 trajecto
1842 356 1920 390 Ru·

1252 404 1390 447 bicone,
1442 405 1664 446 Ariminum,
1717 404 1919 446 Pisaurum,

1251 454 1450 495 Anconam,
1502 454 1662 488 Aretium
1713 452 1921 500 occupasset,

1253 502 1374 536 urbem
1410 501 1564 536 consules
1594 512 1698 549 atque
1737 502 1922 549 optimates

1252 562 1370 584 omnes
1390 551 1611 596 reliquerunt.
1638 552 1744 585 Cicero
1761 550 1845 596 epist.
1865 561 1921 584 11.

1254 598 1313 644 [Li
1325 598 1663 645 2.]l1·b.XV1.Famil.
1677 600 1742 633 Dio
1752 599 1805 634 lib.
1818 598 1921 634 XLI.

1252 654 1282 680 et
1296 646 1364 682 alii.
1395 648 1448 681 M.
1465 646 1608 681 Tullius
1623 656 1698 682 tum
1717 658 1860 694 quoque
1877 647 1923 681 ab

1254 695 1340 730 urbe
1366 695 1520 737 discessit,
1547 695 1631 741 epist.
1663 707 1696 742 9.
1729 705 1764 730 et
1784 697 1923 743 sequent.

1253 743 1307 779 lib.
1331 744 1411 779 Vll.
1437 743 1482 778 ad
1507 745 1578 780 Au.
1631 744 1814 779 Disceffiffe
1842 756 1922 779 eum

1253 804 1331 828 κιν.
1360 793 1438 828 Kal.
1466 793 1568 827 Febr.
1588 792 1808 840 cognoscitur
1823 793 1922 839 epist.

1259 852 1312 876 12.
1341 840 1401 877 lib.
1420 841 1484 876 IX.
1512 841 1554 876 ad
1573 842 1651 877 Att.
1694 842 1777 876 Fuit
1800 842 1924 877 Cicero

1252 894 1398 927 §rimae
1436 889 1542 925 totius
1574 902 1645 925 orae
1681 890 1862 925 maritimae
1903 902 1924 926 a

1253 938 1414 981 Formiis,
1428 939 1511 984 epist.
1533 951 1586 974 11.
1603 939 1643 984 [l.
1666 941 1738 986 12.]
1754 939 1808 973 lib.
1822 939 1923 976 XVI.

1252 987 1371 1023 Famil.
1390 997 1424 1022 et
1448 987 1533 1032 epist.
1554 999 1607 1022 ιο.
1629 987 1689 1031 [Ι.ι
1703 988 1751 1032 ι.]
1771 987 1825 1022 lib.
1840 987 1924 1023 VII.

1251 1035 1296 1070 ad
1311 1037 1382 1072 Atr.
1401 1047 1485 1070 νιιι.
1507 1036 1585 1070 Kal.
1605 1035 1784 1070 Februarii
1801 1035 1926 1072 Cicero

1254 1084 1448 1120 Minturnis
1462 1083 1543 1126 fuit,
1555 1084 1637 1130 epist.
1655 1095 1709 1120 η.
1725 1084 1761 1132 [Ι.
1782 1084 1923 1131 13.]lib.

1255 1134 1334 1168 Vll.
1352 1132 1397 1168 ad
1409 1134 1480 1169 ΛΜ.

1304 1182 1507 1230 Reliquerat
1521 1193 1663 1217 uxorem
1676 1181 1875 1218 Terentiam
1891 1190 1928 1219 et

1252 1230 1361 1266 filiam
1379 1231 1537 1266 Tulliam
1557 1232 1696 1274 Romae,
1710 1231 1792 1277 epist.
1811 1243 1847 1266 ιι
1883 1231 1925 1276 [l.

1260 1281 1507 1326 12.]1·ib.XV1.
1520 1280 1634 1316 Famil.
1645 1292 1794 1327 quarum
1807 1292 1928 1316 curam

1254 1329 1379 1377 saepius
1397 1330 1521 1364 Attico
1538 1329 1677 1364 mandat
1693 1342 1700 1364 :
1731 1328 1816 1376 ipsas
1834 1341 1926 1376 quo-

1254 1390 1324 1425 que
1341 1379 1383 1413 de
1411 1378 1473 1412 hac
1497 1389 1531 1412 re
1557 1386 1673 1413 monet
1691 1377 1787 1424 epist.
1812 1390 1865 1421 ¹4·
1891 1388 1927 1414 et

1263 1429 1317 1462 18.
1338 1427 1398 1461 lib.
1414 1427 1514 1462 XIV.
1535 1427 1659 1462 Famil.
1674 1438 1712 1461 vi
1730 1426 1808 1461 Kal.
1821 1427 1925 1462 Febr.

1258 1475 1382 1511 Cicero
1412 1475 1556 1510 Calibus
1585 1477 1742 1522 Capuam
1774 1474 1928 1522 proficis-

1254 1537 1334 1560 cens
1361 1524 1403 1559 ad
1434 1525 1596 1560 Atticum
1623 1524 1714 1559 misit
1739 1523 1836 1571 epist.
1870 1536 1926 1570 ¹3·

1257 1574 1294 1620 [l.
1318 1574 1388 1621 ¹4·]
1403 1573 1547 1608 lib.VII.
1562 1583 1595 1608 et
1610 1572 1770 1620 postridie
1787 1573 1928 1620 sequen-

1257 1633 1336 1657 tem.
1349 1635 1399 1657 iv.
1412 1622 1558 1657 Kalend.
1571 1623 1694 1670 Capua
1705 1622 1746 1656 ad
1760 1622 1930 1656 Tironem

1255 1671 1350 1706 dedit
1373 1671 1470 1718 epist.
1495 1683 1549 1706 ιι.
1582 1670 1621 1715 [l.
1648 1671 1719 1716 12.]
1749 1670 1808 1705 lib.
1826 1670 1928 1706 XVI.

1256 1719 1379 1755 Famil.
1420 1720 1544 1767 Capua
1569 1717 1744 1766 profec‘Ius
1766 1718 1814 1754 est
1841 1719 1929 1754 For·

1257 1769 1342 1804 mias
1369 1781 1398 1803 a.
1425 1768 1459 1803 d.
1492 1781 1551 1803 ιιι.
1577 1767 1724 1802 Kalend.
1744 1779 1786 1803 eo
1804 1777 1931 1815 quarto

1262 1818 1355 1853 Non.
1374 1817 1477 1852 Febr.
1497 1816 1620 1852 Tullia
1635 1826 1669 1852 et
1690 1816 1854 1851 Terentia
1871 1828 1929 1851 ve-

1259 1876 1394 1903 nerunt.

1308 1916 1365 1950 M.
1385 1914 1530 1950 Tullius
1547 1913 1710 1963 postridie
1726 1925 1807 1949 cum
1826 1912 1931 1949 fratre

1258 1965 1417 2013 Capuam
1437 1963 1550 1999 versus
1568 1961 1742 2012 profectus
1758 1962 1819 2005 est,
1846 1963 1930 2010 epist.

1267 2026 1319 2058 ¹5·
1350 2023 1384 2048 et
1415 2014 1469 2048 16.
1502 2012 1554 2048 lab.
1575 2013 1654 2049 VII.
1692 2022 1727 2047 et
1753 2012 1836 2058 epist.
1875 2024 1929 2058 ¹3-

1259 2062 1314 2098 lib.
1342 2062 1442 2097 VIII.
1477 2060 1523 2096 ad
1549 2062 1622 2097 Au.
1681 2062 1733 2096 Ca
1761 2073 1815 2095 uae
1846 2072 1930 2096 cum

1259 2111 1417 2147 triduum
1440 2109 1555 2146 suisset
1571 2121 1626 2145 vii
1649 2109 1700 2145 Id.
1721 2073 1822 2145 ἐρὼν.
1852 2109 1933 2144 inde

1259 2160 1433 2196 discedens
1451 2159 1482 2194 se
1507 2158 1663 2194 Formias
1680 2171 1753 2193 rece
1781 2157 1819 2198 it,
1846 2159 1930 2205 epist.

1266 2221 1321 2256 ¹9·
1347 2208 1402 2244 lib.
1432 2207 1511 2243 v11.
1536 2217 1571 2242 et
1599 2219 1651 2254 ¹3·
1679 2207 1732 2243 lsb.
1792 2206 1857 2243 111.
1889 2206 1935 2242 ad

1261 2263 1335 2294 An.
1389 2256 1536 2293 Formiis
1559 2256 1715 2304 quotidie
1733 2254 1802 2292 fere
1819 2256 1933 2291 literas

1260 2307 1305 2342 ad
1319 2306 1462 2342 Atticum
1478 2305 1585 2347 dedit,
1603 2317 1686 2353 quae
1702 2315 1857 2341 extremo
1873 2304 1931 2341 lib.

1261 2355 1342 2391 vn.
1369 2365 1402 2391 et
1416 2357 1519 2403 primo
1537 2354 1639 2390 VIII.
1667 2354 1842 2403 leguntur.

1311 2404 1463 2440 Reddita
1489 2404 1626 2440 interim
1651 2402 1810 2440 Ciceroni
1838 2401 1886 2438 est
1913 2413 1935 2437 a

1260 2453 1431 2503 Pompeio
1458 2453 1542 2501 epist.
1579 2464 1633 2491 ιι.
1671 2452 1725 2489 lib.
1754 2451 1853 2489 vlu.
1890 2451 1937 2487 «d
