2335 3009
495 197 568 238 108
848 199 1538 239 EPISTOLARUM

547 296 589 335 N
595 310 668 336 οΝ.
701 297 927 350 Contemno.]
958 299 1094 337 Amici
1126 299 1312 337 nonnulli
1332 312 1353 337 a
1373 309 1410 338 te
1431 299 1635 339 contemni
1655 313 1698 339 ac
1719 299 1880 354 despici,

491 375 534 400 ac
555 377 626 416 pro
648 363 777 403 nihilo
795 363 946 410 haberi,
978 364 1152 404 senatum
1175 366 1313 404 velint.

785 431 824 468 A
842 443 868 469 D
917 444 939 469 E
961 444 985 469 u
1008 444 1032 469 N
1055 444 1080 469 D
1102 445 1123 469 E
1146 443 1199 477 M,
1243 445 1291 470 ex
1320 431 1393 471 lib.
1425 432 1592 472 incerto.

547 489 668 529 NON.
700 490 883 543 Levare.]
905 492 996 543 Jam
1017 492 1322 544 amplitudinem
1342 493 1590 546 gloriamque
1610 502 1719 532 tuam
1739 505 1882 546 magno

492 553 593 593 mihi
614 567 846 596 ornamento
866 557 950 595 fore
968 557 1164 602 existimo,
1196 558 1305 610 quod
1326 571 1388 596 me
1409 558 1511 597 levas
1531 571 1638 598 cura.

546 621 588 660 N
594 635 668 661 ON.
701 622 903 677 Cotfiqui]
936 624 1126 661 Extrema
1146 637 1237 662 vero
1257 637 1329 662 nec
1350 634 1510 676 quanta,
1541 638 1614 663 nec
1635 623 1766 677 qualia
1791 623 1880 668 fint,

490 687 618 727 verbis
639 689 825 742 consequi
845 688 1014 743 poss‘um.

622 916 704 953 An
752 915 1076 954 CAESAREM
1124 928 1481 967 JuN1oREM,
1526 929 1574 954 ex
1603 914 1677 954 lib.
1711 917 1744 955 1.

546 1022 678 1061 Omnia
705 1039 749 1063 ex
777 1025 950 1063 Nomo.
983 1024 1151 1078 Sagara]
1185 1024 1316 1062 Pridie
1347 1024 1459 1062 Non.
1493 1024 1610 1062 Febr.
1643 1037 1737 1062 cum
1763 1023 1810 1062 ad
1842 1032 1882 1063 te

487 1086 617 1125 literas
639 1102 752 1128 mane
772 1090 974 1135 dedissem,
1005 1090 1186 1128 descendi
1206 1090 1253 1127 ad
1272 1089 1406 1128 forum
1428 1098 1600 1141 togatus,
1622 1101 1715 1128 cum
1736 1089 1880 1143 reliqui

487 1151 707 1192 consulares
729 1153 847 1206 sagati
867 1154 1016 1193 vellent
1036 1153 1282 1193 descendere.

541 1217 715 1271 Aditus.]
752 1220 806 1258 Et
836 1229 903 1258 aut
934 1220 981 1259 ad
1013 1220 1208 1265 consules,
1244 1228 1312 1258 aut
1341 1219 1390 1258 ad
1424 1228 1477 1265 te,
1508 1229 1576 1259 aut
1608 1219 1657 1258 ad
1691 1221 1877 1266 Brutum,

486 1281 662 1329 adissent,
693 1283 756 1322 his
778 1283 905 1323 fraudi
927 1298 975 1323 ne
995 1285 1100 1330 esset,
1132 1284 1240 1337 quod
1260 1298 1354 1324 cum
1374 1285 1554 1323 Antonio
1574 1284 1749 1325 fuiffent.

542 1349 746 1402 Relatum]
790 1350 863 1389 Sed
896 1349 981 1389 haec
1012 1350 1242 1396 viderimus,
1284 1364 1379 1390 cum
1410 1351 1530 1404 legati
1561 1351 1739 1405 responsa
1768 1361 1878 1392 retu-

484 1411 619 1454 lerint.

543 1479 767 1535 Vindt'care.]
800 1482 918 1535 Qasi
940 1483 966 1521 fi
989 1497 1052 1522 me
1071 1483 1118 1521 ad
1140 1482 1180 1521 id
1202 1482 1440 1522 beneficium
1460 1483 1674 1529 arcess'eres,
1710 1497 1791 1536 quo
1811 1497 1881 1537 per

484 1555 522 1586 te
543 1560 606 1585 me
627 1561 703 1586 una
723 1561 817 1587 curn
838 1549 1040 1601 republica
1060 1549 1100 1587 in
1123 1549 1347 1587 libertatem
1367 1548 1634 1588 vindicassem.

538 1614 728 1667 Accipere.
759 1613 938 1667 Rogare]
981 1615 1096 1669 Roga
1130 1615 1275 1669 ipsum,
1306 1614 1644 1668 quemadmodum
1679 1628 1752 1668 ego
1785 1628 1878 1653 eum

484 1679 660 1718 Arimini
679 1681 915 1733 acceperim.

540 1744 754 1798 Cumara]
786 1744 860 1783 Sed
891 1745 973 1784 cito
1002 1745 1208 1798 poenituit,
1239 1746 1406 1785 domum
1437 1745 1569 1791 rediit,
1600 1745 1730 1784 caeteri
1750 1758 1875 1785 cunc-

484 1811 682 1850 tabantur.

539 1875 703 1931 Opinio.]
735 1877 830 1915 Erat
849 1877 986 1930 opinio
1007 1877 1109 1916 bona
1129 1877 1177 1916 de
1199 1877 1360 1923 Planco,
1394 1877 1495 1915 bona
1515 1876 1563 1915 de
1583 1876 1752 1930 Lepido.

539 1941 795 1996 Comparare]
827 1943 1045 1981 Neminem
1072 1943 1146 1981 tibi
1174 1942 1350 1996 profecto
1380 1942 1584 1982 hominem
1613 1956 1660 1982 ex
1687 1942 1874 1981 omnibus

482 2018 548 2047 aut
567 2007 864 2061 anteposuifl'em
886 2021 1076 2059 unquam,
1108 2018 1173 2046 aut
1193 2009 1312 2046 etiam
1333 2008 1626 2061 comparassem.

536 2072 752 2127 Expedire.]
785 2074 846 2111 Ex
868 2074 1017 2111 caeteris
1039 2083 1168 2111 autem
1189 2074 1400 2126 generibus
1431 2082 1526 2112 tunc
1556 2072 1723 2127 pecunia
1751 2087 1871 2126 expc-

481 2140 624 2185 dictur,
655 2153 749 2178 cum
775 2139 999 2192 legionibus
1031 2140 1258 2178 victricibus
1291 2149 1421 2185 erunt,
1453 2154 1538 2193 quae
1572 2138 1870 2193 spopondimuS,

481 2205 745 2259 persolvenda.

536 2270 779 2324 Corybanta]
815 2271 858 2308 ln
888 2270 1055 2323 singulas
1085 2270 1232 2323 tegulas
1255 2269 1446 2324 impositis
1471 2270 1676 2314 sexcentis,
1709 2270 1869 2309 sexcen-

481 2339 551 2377 ties
573 2338 715 2375 confici
739 2337 855 2390 poffc.

534 2402 716 2454 Duc-cren]
750 2404 812 2441 Ne
836 2416 892 2440 res
914 2401 1135 2446 duceretur,
1168 2401 1352 2447 fecimus,
1383 2410 1428 2441 ut
1456 2401 1649 2441 Hercules
1672 2402 1871 2442 Annianus

478 2471 517 2508 in
538 2470 661 2508 alium
684 2469 817 2508 locum
841 2467 1128 2507 transferretur.
