2335 3009
489 206 564 262 :fi
918 204 1444 251 POEMATUM

482 308 585 352 Nox,
614 313 738 361 caput,
768 313 804 345 et
821 303 914 345 latos
932 305 1106 352 humeros,
1135 314 1172 346 et
1184 307 1334 359 perilot-a
1352 319 1500 359 magna,

484 375 571 414 Non
583 372 682 425 potis
700 371 901 422 obscurare,
929 380 967 410 et
985 372 1142 424 Hydra,
1171 385 1251 424 quae
1262 370 1434 424 proxima
1450 370 1534 411 collo
1552 369 1612 422 ss,

483 437 659 478 subducit
678 437 836 490 Spiram‚
867 437 1129 490 rutilantiaque
1146 451 1212 476 ora
1230 436 1390 477 recondit
1402 452 1418 477 .·

484 504 711 556 Caeterased
723 504 865 556 longum
883 502 1050 543 radianti
1063 502 1194 543 lumine
1203 503 1384 556 perstant,

482 572 564 610 Nec
577 571 684 623 prius
702 585 727 610 a
730 569 877 623 fiperis
895 569 1024 609 cedunt
1040 582 1122 609 cum
1126 569 1297 622 stmfi’ro
1314 568 1386 608 oris

485 637 632 682 Omnia,
663 650 769 689 quam
773 637 941 688 surgant
955 635 1139 688 geminato
1156 643 1301 688 corpore
1319 635 1376 674 Pi
1385 648 1438 674 ces
1451 649 1469 676 ,.·

485 703 616 756 Surgit
635 711 671 741 et
690 701 865 755 AEgoceri
878 701 1018 742 vicinus
1037 700 1084 741 ab
1101 714 1243 754 aequore
1253 701 1300 755 pi
1312 700 1375 746 cis,

483 768 605 807 Parte
623 767 697 807 alia
716 768 904 821 expettans
922 766 1224 825 instantisfideris
1242 776 1362 807 ortum
1377 781 1394 806 :

483 832 546 873 Sic
564 833 705 872 humeri
721 831 975 878 Audromedae,
1003 840 1039 871 et
1057 845 1136 872 cum
1153 831 1244 883 Iqffis
1260 833 1395 886 inchta
1405 831 1538 886 palmis

482 899 612 939 Crura
630 899 805 952 bipartito
808 899 999 952 signorum
1018 906 1173 952 tempore
1176 900 1360 952 surgunt.

483 967 578 1006 Cum
590 966 750 1019 primum
761 965 884 1019 planis
902 964 1022 1018 Pfies
1039 964 1204 1004 orientur
1221 965 1268 1005 ab
1290 964 1408 1010 undis,

482 1029 726 1071 Andromedes
745 1029 894 1069 dextras
911 1029 1060 1068 dabitur
1078 1029 1150 1068 tibi
1163 1043 1308 1071 cernere
1320 1037 1450 1082 partes
1465 1045 1478 1072 5

482 1098 543 1138 At
561 1096 676 1136 laevas
695 1095 822 1142 Aries,
851 1094 1012 1148 linquens
1029 1094 1176 1145 inferna
1193 1095 1361 1141 locorum,

483 1160 649 1215 Ostendit
675 1161 801 1200 terris.
848 1160 915 1200 Illo
927 1159 1003 1213 sub
1031 1168 1188 1213 tempore
1200 1160 1328 1212 ferme

482 1227 654 1282 Hesperii
663 1229 880 1280 servantem
898 1228 1022 1267 Aram
1048 1227 1200 1279 confinia
1219 1226 1341 1282 ponti,

481 1295 686 1347 Perseaque
703 1295 809 1347 usque
826 1293 988 1332 humeros
1007 1294 1088 1333 an
1106 1293 1144 1333 in
1157 1302 1272 1347 parte
1288 1292 1438 1334 videbis.

483 1362 568 1401 Hoc
586 1359 728 1399 dubium
747 1358 805 1411 est,
836 1357 1006 1411 cestatfize
1024 1358 1137 1399 Aries
1150 1358 1357 1412 praecordia
1376 1358 1505 1412 Persei

483 1426 690 1469 Attrahat,
721 1439 770 1464 an
790 1421 935 1464 ‘Taurus
951 1440 965 1463 :
997 1423 1120 1465 Tauro
1124 1425 1242 1476 stmul
1254 1426 1395 1466 aethera
1413 1424 1559 1477 lzssrat.

483 1491 558 1532 Sed
572 1506 639 1531 non
659 1491 808 1542 definere
827 1490 904 1530 haec
923 1487 1046 1531 Tauro
1065 1491 1243 1530 exoriente
1255 1489 1422 1544 putarim
1437 1506 1452 1529 .·

484 1559 586 1598 Nam
606 1556 729 1595 vicina
748 1554 817 1594 illis
837 1555 995 1609 Aurigae
997 1555 1125 1607 sidera
1128 1557 1300 1609 fulgent,

483 1624 598 1676 Qem
617 1631 736 1661 tamen
756 1621 857 1660 haud
871 1630 986 1661 totum
1004 1621 1080 1666 dias
1099 1621 1137 1661 in
1155 1621 1295 1662 luminis
1313 1636 1398 1662 oras

485 1687 630 1729 Taurus
649 1687 742 1741 agit,
775 1687 932 1727 Geminis
936 1687 1010 1740 sed
1023 1688 1114 1727 enim
1133 1688 1329 1741 completur
1346 1688 1384 1727 in
1405 1687 1498 1740 ipfls.

485 1754 558 1794 Sed
571 1753 724 1807 duplices
744 1752 869 1799 Haedi,
900 1763 935 1793 et
956 1767 1035 1792 cum
1047 1753 1183 1806 planta
1203 1753 1487 1807 Caprastnssra

486 1823 579 1861 Cum
598 1820 686 1860 bove
689 1821 735 1873 st
754 1820 900 1865 tollunt,
930 1828 1018 1861 tunc
1037 1829 1146 1873 terga
1164 1820 1334 1860 immania
1355 1819 1494 1873 Pistrix

489 1886 630 1939 Erigit,
660 1895 695 1925 et
714 1885 795 1927 caeli
796 1885 1042 1939 splendentem
1061 1885 1099 1926 in
1102 1885 1253 1938 fornice
1271 1885 1437 1926 caudam.

486 1953 631 1994 Occidit
650 1953 720 2007 ipse
738 1952 845 1991 etiam
858 1952 982 2005 prima
989 1952 1072 2004 jam
1086 1961 1200 2005 parte
1219 1954 1347 1994 Bootes
1362 1968 1378 1991 .·

486 2021 673 2072 Qattuor
691 2018 785 2056 hunc
804 2017 879 2057 lato
897 2017 965 2057 vix
982 2016 1137 2057 condunt
1141 2018 1270 2070 stdera
1285 2027 1411 2073 ponto,

487 2087 679 2137 Laevaque
698 2083 735 2122 in
755 2083 906 2123 occiduae
923 2083 1328 2137 corstamsubvolvitur
1350 2083 1463 2138 Urjfae.

486 2150 605 2191 Ambo
618 2148 723 2203 pedes
742 2150 846 2203 usque
864 2148 916 2189 ad
925 2150 1104 2202 geminum
1119 2165 1232 2203 genus
1252 2148 1535 2203 Anguitenentis

488 2215 658 2258 Cedentes
678 2217 775 2261 caelo,
805 2225 914 2270 atque
932 2216 1178 2269 immerffasicb
1195 2232 1340 2271 aequora
1358 2216 1462 2271 lapsi,

488 2286 684 2336 Surgentes
702 2281 793 2321 alibi
803 2291 977 2336 poterunt
997 2283 1192 2336 monstrare
1212 2283 1396 2323 Gemellos.

487 2351 584 2405 Jam
612 2349 724 2387 lateri
748 2348 888 2398 Pistrix
916 2349 1008 2389 nulli
1032 2349 1156 2389 vicina
1183 2349 1345 2395 videtur,

489 2418 583 2456 Mox
601 2415 746 2467 vffenda
766 2424 898 2462 tamen,
928 2430 1008 2456 cum
1014 2415 1098 2469 jam
1103 2416 1224 2470 fluvii
1238 2416 1385 2470 agmina
1397 2415 1521 2470 pritna

487 2485 534 2524 In
553 2482 661 2523 medio
680 2482 824 2523 venient
843 2491 968 2524 nautae
985 2483 1161 2524 cernenda
1173 2482 1368 2538 profundo,

1791 513 1870 556 735

1795 843 1876 887 7ae

1796 1171 1874 1214 745

1795 1502 1877 1544 750

1798 1831 1877 1873 755

1826 2147 1879 2187 60

1799 2161 1822 2202 N!

1798 2515 1812 2534 1
