2335 3009
587 229 666 285 258

585 328 868 379 diffimillimamque
907 332 981 380 legis
1021 334 1074 381 effe
1113 334 1256 369 arbitror

587 390 670 420 eam,
699 392 792 427 quam
818 382 861 418 L.
890 382 1025 417 Flaccus
1055 383 1196 418 Interrex
1219 383 1257 417 de

588 427 673 472 Sylla
700 429 788 471 tulit,
815 436 851 464 ut
867 433 983 472 omnia,
1008 443 1189 479 quecunque
1204 431 1258 466 ille

578 475 714 523 feaffit,
732 477 821 525 ψη
837 486 926 514 rata.
976 479 1033 515 De
1047 481 1166 516 eadem
1183 480 1259 527 lege

588 524 651 561 lib.
670 525 696 561 1.
720 526 765 561 de
789 526 960 575 Legibus,
986 539 1062 576 cap.
1086 540 1141 573 15.
1192 528 1258 564 Ni-

587 573 654 609 hilo
681 573 770 610 credo
798 578 898 622 magis
914 577 972 611 illa
978 577 1070 622 justa
1086 577 1139 620 est,
1166 588 1259 624 quam

589 622 736 659 Interrex
767 625 866 667 noster
898 627 986 666 tulit,
1024 633 1061 661 ut
1093 627 1258 667 Distator,

589 683 678 718 quent
693 672 789 708 vellet
809 675 927 709 civium
943 673 1062 709 ιἠιίίέῖα
1083 675 1176 718 causa
1200 675 1259 708 im-

584 721 960 818 ffissgff‘qzi‘ffi
983 723 1187 806 51¹2?ssssss
1191 722 1260 806 ’ἐξ

592 817 671 853 buit
687 818 834 865 regalem
849 819 1060 867 potestatem,
1086 829 1126 855 ut
1148 819 1196 855 est
1223 819 1258 854 in

590 875 678 902 orat.
715 867 753 902 de
790 869 932 914 Harusp.
963 868 1058 915 Resp.
1093 877 1162 914 cap.
1199 879 1257 912 25.

590 925 724 959 omnes,
749 928 839 963 quos
868 917 999 958 oderat,
1030 927 1141 952 morte
1168 917 1260 952 mul·

589 963 700 1007 tabat,
718 974 780 1011 pro
797 967 930 1012 Ligario
946 975 1013 1012 cap.
1033 978 1067 1009 4.
1103 966 1160 1001 De
1178 977 1259 1013 pro-

590 1011 774 1060 scriptione
812 1015 950 1061 Syllana
991 1014 1118 1052 Oroſjus
1159 1014 1261 1057 noster

589 1071 661 1107 cap.
683 1073 740 1098 21.
765 1062 820 1098 lib.
836 1063 881 1098 V.
931 1062 1005 1098 Etsi
1024 1072 1139 1098 autern
1165 1063 1261 1109 Sylla

590 1109 752 1145 Dic'tator
768 1111 844 1158 post
874 1111 916 1146 C.
945 1110 1103 1146 Marium
1127 1120 1163 1146 et
1190 1112 1258 1146 Cn.

591 1158 770 1206 Papirium
789 1158 871 1202 fuit,
898 1169 937 1195 ut
953 1159 1000 1194 ait
1016 1159 1151 1202 Cicero,
1173 1166 1258 1194 orat.

591 1207 654 1242 ΙΙΙ.
674 1216 779 1242 contra
796 1207 938 1250 Rullum,
964 1217 1032 1254 cap.
1053 1219 1087 1243 2.
1105 1207 1261 1244 consules

591 1264 704 1291 tamen
721 1256 826 1292 creari
843 1256 1006 1305 permisit.

592 1455 702 1496 Anno
720 1453 828 1495 Urbis
849 1454 944 1508 672.
990 1453 1170 1494 Ciceronis
1191 1455 1256 1494 26.

733 1526 924 1566 Consules
953 1525 1116 1566 fuerunt

592 1587 658 1629 M.
684 1589 893 1628 Turnus
926 1589 1141 1633 Decumi,
1172 1587 1256 1627 Cu.

620 1651 889 1689 Connmus
917 1642 1229 1688 DOLABELLA.

640 1747 696 1783 De
722 1746 773 1782 his
795 1745 994 1782 consulibus
1011 1746 1147 1789 Cicero,
1173 1755 1259 1781 orat.

594 1796 640 1832 11.
660 1805 781 1831 contra
810 1796 972 1837 Rullum,
998 1807 1074 1843 cap.
1101 1807 1154 1838 ¹4·
1206 1795 1260 1830 De

594 1845 702 1892 quibus
717 1844 881 1879 vendendis
899 1845 929 1879 S.
951 1845 987 1880 C.
997 1845 1094 1890 falla
1109 1844 1187 1889 sunt
1204 1845 1257 1879 M.

594 1894 709 1936 Tullio,
727 1894 784 1928 Cn.
795 1893 934 1928 Cornelio
950 1893 1014 1940 coffi
1032 1893 1127 1940 Sylla
1140 1892 1259 1927 Dicta-

594 1952 649 1978 tor
678 1943 743 1978 hoc
775 1952 928 1989 tempore
951 1943 1053 1977 rebus
1087 1941 1258 1988 (legibus)

595 1991 694 2026 novis
710 1990 810 2037 Reip.
832 1991 956 2026 statum
970 1991 1200 2032 confirmavit,
1220 1999 1260 2025 ut

592 2040 639 2075 est
652 2043 685 2074 in
695 2042 828 2085 epitoma
838 2041 979 2077 Liviana
989 2039 1256 2075 lib.LXXXlX.

594 2089 808 2136 Recuperata
842 2089 932 2135 Rep.
968 2099 1002 2123 et
1037 2089 1172 2135 legibus
1208 2097 1258 2122 at-

594 2150 663 2185 que
675 2137 816 2184 judiciis
841 2137 1047 2179 constitutis,
1075 2136 1198 2171 Cicero
1216 2136 1258 2171 ad

593 2187 707 2222 causas
724 2196 756 2221 et
769 2186 918 2233 privatas
939 2197 973 2221 et
992 2185 1150 2234 publicas
1167 2185 1258 2220 adire

593 2236 1084 2326 {5322332352‘25341333
1101 2235 1259 2318 ιεῖἓὲῧῗ

592 2344 660 2380 cap.
695 2337 750 2368 28.
782 2332 909 2374 scribit.
935 2334 990 2368 M.
1012 2334 1118 2368 Cicero
1135 2331 1257 2377 causam

589 2387 757 2429 privatam
782 2392 842 2428 pro
871 2383 1003 2428 §Qintio
1031 2380 1116 2428 apud
1146 2380 1256 2428 Aquil-

592 2435 669 2466 lium
685 2432 809 2465 Gallum
817 2430 950 2477 judicem
967 2430 1058 2465 dixit.
1090 2432 1259 2466 Praeterea

594 2482 627 2516 in
654 2480 793 2517 Eui'ebii
820 2481 996 2516 Chronico
1027 2480 1072 2515 ita
1103 2478 1255 2527 legitur:

902 237 967 278 M.
1027 239 1083 278 T.
1141 237 1672 279 CICERONIS

1308 335 1367 371 26.
1384 346 1464 370 anno
1481 336 1586 369 aetatis
1603 334 1667 370 Cic.
1685 332 1853 380 Qintium
1868 331 1973 378 defen-

1304 383 1365 419 die.
1427 383 1522 418 Idem
1564 383 1784 429 cognoscitur
1819 393 1863 416 ex
1905 381 1976 429 ipsa

1304 431 1415 468 causae
1442 430 1666 479 expositione,
1700 443 1782 478 quae
1813 429 1890 465 talis
1915 429 1974 466 est.

1308 482 1386 516 Sex.
1406 480 1556 516 Naevius
1584 489 1662 515 ante
1683 479 1874 521 biennium,
1901 478 1976 513 Sci-

1307 529 1410 576 pione
1436 538 1470 564 et
1503 528 1672 563 Norbano
1710 528 1791 563 coff.
1821 538 1903 562 cum
1935 527 1976 563 P.

1308 577 1480 625 Qintius
1496 576 1607 624 pridie
1624 577 1703 611 Kal.
1717 576 1818 611 Febr.
1839 576 1873 610 in
1891 575 1977 610 Gal·

1308 626 1388 661 liam
1407 624 1583 673 profectus
1599 625 1692 667 esset,
1714 635 1734 658 a
1752 625 1792 659 P.
1811 624 1978 659 Burrieno

1308 684 1458 722 praetore
1509 673 1743 721 pofleffionem
1803 672 1977 708 bonorum

1309 723 1464 770 Qintii,
1491 734 1510 757 a
1539 733 1612 769 quo
1638 721 1700 756 fibi
1719 720 1900 769 pecuniam
1918 721 1976 756 de-

1310 771 1395 814 beri,
1419 781 1454 807 et
1481 770 1721 806 vadimonium
1739 769 1906 804 desertum
1925 769 1977 804 di-

1308 820 1419 861 cebat,
1445 831 1488 855 ex
1505 819 1619 854 edieto
1638 817 1838 867 postulavit.
1890 817 1976 853 Mis-

1309 868 1362 904 sus
1393 868 1426 904 in
1453 869 1687 916 possessionem
1705 866 1868 909 Naevius,
1894 878 1977 902 cum

1310 917 1402 953 bona
1439 917 1584 952 absentis
1617 915 1759 965 Qintii
1790 917 1861 951 dies
1892 927 1977 951 xxx.

1309 966 1524 1013 possedisset,
1575 977 1614 1000 ea
1658 964 1823 1012 proscribi
1868 963 1977 1011 jussit.

1309 1015 1409 1049 Tum
1442 1016 1519 1049 Sex.
1556 1013 1741 1060 Alphenus
1775 1023 1979 1059 procurator

1310 1062 1452 1110 Qintii
1481 1061 1676 1097 auetionem
1694 1060 1859 1107 impedire
1874 1073 1978 1096 cona-

1309 1120 1378 1153 tur,
1422 1111 1524 1159 seque
1562 1120 1721 1158 paratum
1753 1109 1818 1144 effe
1841 1108 1980 1155 judicio

1309 1159 1481 1194 absentem
1540 1158 1722 1194 defendere
1782 1159 1978 1206 profitetur.

1308 1207 1461 1244 Naevius
1502 1207 1667 1256 postulat,
1710 1217 1751 1243 ut
1794 1206 1979 1255 Alphenus

1303 1255 1502 1304 judicatum
1543 1256 1631 1292 solvi
1671 1255 1831 1298 satisdet·,
1880 1255 1980 1303 quod

1310 1317 1392 1341 cum
1422 1306 1479 1341 ille
1495 1304 1673 1345 recusaret,
1699 1317 1812 1353 eoque
1838 1304 1980 1340 nomine

1308 1354 1489 1390 Tribunos
1505 1353 1714 1402 appellasset,
1739 1353 1914 1396 convenit,
1939 1363 1980 1389 ut

1309 1403 1431 1439 Idibus
1465 1403 1642 1451 Septemb.
1676 1402 1868 1449 Quintium
1911 1402 1978 1437 sisti

1308 1451 1494 1500 Alphenus
1511 1451 1734 1499 promitteret.
1775 1451 1881 1486 Venit
1903 1452 1978 1486 Ro·

1309 1512 1402 1536 mam
1435 1501 1606 1548 Quintius
1639 1500 1684 1534 ad
1723 1499 1977 1535 vadimonium.

1307 1549 1458 1585 Naevius
1475 1561 1604 1585 annum
1620 1558 1655 1584 et
1672 1548 1726 1584 sex
1745 1548 1884 1591 menses,
1910 1548 1977 1583 hoc

1307 1598 1367 1640 est,
1395 1599 1440 1634 ab
1458 1598 1578 1634 Idibus
1611 1597 1788 1646 Septemb.
1815 1597 1979 1645 Scipione

1307 1658 1343 1683 et
1370 1648 1542 1683 Norbano
1571 1647 1657 1683 cofl}
1685 1646 1792 1694 usque
1820 1646 1864 1680 ad
1895 1645 1979 1682 Idus

1311 1697 1456 1732 Martias
1496 1694 1599 1743 hujus
1639 1695 1719 1730 anni
1759 1694 1845 1730 nihil
1878 1694 1977 1742 petit.

1311 1745 1409 1780 Tum
1429 1745 1570 1780 demum
1589 1744 1623 1779 in
1635 1743 1695 1791 jus
1711 1753 1855 1778 ventum
1874 1743 1917 1777 ad
1936 1743 1977 1779 P.

1309 1794 1530 1830 Dolabellam
1558 1795 1757 1829 Praetorem.
1809 1792 1861 1827 lbi
1890 1792 1977 1827 Nae-

1308 1843 1392 1927 {0⁵52
1405 1843 1580 1926 ’ῗξέἶῖἑὶέἐὶ
1594 1839 1977 1937 Οὲζῗὲωςῖῗηῗὶῖἒωὲ

1308 1940 1450 1983 cusaret‚
1494 1940 1680 1975 Dolabella
1727 1938 1892 1978 decrevit,
1936 1947 1978 1974 ut

1309 1990 1481 2038 Qintius
1506 1998 1566 2024 aut
1586 1988 1765 2028 satisdaret,
1793 1997 1852 2022 aut
1876 1987 1975 2034 spon-

1310 2039 1435 2073 sionem
1463 2037 1601 2080 faceret,
1649 2036 1699 2072 Ni
1729 2036 1820 2071 bona
1848 2035 1906 2071 sua
1932 2048 1976 2072 ex

1307 2087 1420 2122 edicto
1439 2087 1578 2140 poss‘ess‘a
1600 2097 1669 2121 non
1694 2084 1809 2120 ess‘ent.
1863 2085 1976 2132 Spon-

1310 2136 1400 2171 sione
1432 2136 1534 2178 rasta,
1572 2135 1613 2170 C.
1647 2134 1829 2180 Aquillius
1859 2133 1977 2178 Judex

1307 2185 1407 2219 datus
1424 2184 1484 2226 est,
1511 2184 1604 2231 apud
1629 2195 1734 2230 quem
1753 2182 1876 2217 Cicero
1893 2194 1978 2217 con·

1308 2234 1429 2275 tendit,
1455 2233 1596 2281 Qintii
1626 2231 1716 2266 bona
1744 2243 1787 2266 ex
1817 2231 1932 2266 <dieto
1955 2242 1976 2266 a

1308 2282 1439 2318 Naevio
1458 2282 1595 2329 polsess‘a
1613 2292 1680 2315 non
1697 2280 1771 2315 ess‘e.

1358 2330 1462 2365 Vides
1482 2331 1586 2378 igitur
1604 2339 1718 2377 aperte
1734 2328 1874 2376 Qintii
1893 2339 1975 2363 cau-

1307 2378 1374 2414 sam
1406 2379 1470 2414 hoc
1498 2392 1587 2414 anno
1605 2392 1623 2413 a
1642 2379 1696 2413 M.
1717 2377 1842 2412 Tullio
1858 2376 1975 2412 defen-

1308 2429 1374 2463 sam
1392 2429 1455 2463 ess'c
1474 2429 1547 2476 post
1568 2429 1648 2464 ldus
1673 2426 1827 2462 Manias.
1880 2427 1974 2461 Nam

1307 2478 1404 2526 quod
1429 2478 1553 2514 Cicero
1579 2477 1638 2520 ait,
1677 2488 1748 2512 rem
1769 2474 1910 2524 jacuiffc
1939 2475 1977 2511 in
