<?xml version="1.0" encoding="UTF-8"?>
<!DOCTYPE html PUBLIC "-//W3C//DTD XHTML 1.0 Transitional//EN"
    "http://www.w3.org/TR/xhtml1/DTD/xhtml1-transitional.dtd">
<html xmlns="http://www.w3.org/1999/xhtml" xml:lang="en" lang="en">
 <head>
  <title>
</title>
<meta http-equiv="Content-Type" content="text/html;charset=utf-8" />
  <meta name='ocr-system' content='tesseract 3.04.00' />
  <meta name='ocr-capabilities' content='ocr_page ocr_carea ocr_par ocr_line ocrx_word'/>
</head>
<body>
  <div class='ocr_page' id='page_1' title='image "./operacumindicibu09ciceuoft_0407.png"; bbox 0 0 2241 2994; ppageno 0'>
   <div class='ocr_carea' id='block_1_1' title="bbox 579 260 1429 303">
    <p class='ocr_par' dir='ltr' id='par_1_1' title="bbox 579 260 1429 303">
     <span class='ocr_line' id='line_1_1' title="bbox 579 260 1429 303; baseline 0.002 -3"><span class='ocrx_word' id='word_1_1' title='bbox 579 260 1429 303; x_wconf 89' lang='lat' dir='ltr'>PHILOSOPHORUM.</span> 
     </span>
    </p>
   </div>
   <div class='ocr_carea' id='block_1_2' title="bbox 317 355 985 548">
    <p class='ocr_par' dir='ltr' id='par_1_2' title="bbox 319 355 984 447">
     <span class='ocr_line' id='line_1_2' title="bbox 319 355 984 398; baseline -0.002 -7"><span class='ocrx_word' id='word_1_2' title='bbox 319 356 412 398; x_wconf 84' lang='lat' dir='ltr'>item,</span> <span class='ocrx_word' id='word_1_3' title='bbox 438 366 598 391; x_wconf 86' lang='lat' dir='ltr'>ornatum</span> <span class='ocrx_word' id='word_1_4' title='bbox 631 356 717 390; x_wconf 82' lang='lat' dir='ltr'>&#39;illud</span> <span class='ocrx_word' id='word_1_5' title='bbox 743 355 856 398; x_wconf 85' lang='lat' dir='ltr'>suave,</span> <span class='ocrx_word' id='word_1_6' title='bbox 883 366 917 391; x_wconf 85' lang='lat' dir='ltr'>et</span> <span class='ocrx_word' id='word_1_7' title='bbox 935 355 984 390; x_wconf 85' lang='lat' dir='ltr'>af-</span> 
     </span>
     <span class='ocr_line' id='line_1_3' title="bbox 319 405 688 447; baseline 0 -8"><span class='ocrx_word' id='word_1_8' title='bbox 319 405 439 441; x_wconf 88' lang='lat' dir='ltr'>fluens.</span> <span class='ocrx_word' id='word_1_9' title='bbox 474 406 608 440; x_wconf 81' lang='lat' dir='ltr'><em>Orator.</em></span> <span class='ocrx_word' id='word_1_10' title='bbox 630 416 688 447; x_wconf 85' lang='lat'>24.</span> 
     </span>
    </p>

    <p class='ocr_par' dir='ltr' id='par_1_3' title="bbox 317 453 985 548">
     <span class='ocr_line' id='line_1_4' title="bbox 369 453 985 495; baseline -0.003 -7"><span class='ocrx_word' id='word_1_11' title='bbox 369 454 408 488; x_wconf 91' lang='lat' dir='ltr'>In</span> <span class='ocrx_word' id='word_1_12' title='bbox 426 453 553 495; x_wconf 87' lang='lat' dir='ltr'>verbis,</span> <span class='ocrx_word' id='word_1_13' title='bbox 571 453 800 488; x_wconf 85' lang='lat' dir='ltr'>verecundam</span> <span class='ocrx_word' id='word_1_14' title='bbox 819 454 985 488; x_wconf 81' lang='lat' dir='ltr'>transsati·</span> 
     </span>
     <span class='ocr_line' id='line_1_5' title="bbox 317 501 984 548; baseline -0.001 -12"><span class='ocrx_word' id='word_1_15' title='bbox 317 513 431 537; x_wconf 86' lang='lat' dir='ltr'>onem.</span> <span class='ocrx_word' id='word_1_16' title='bbox 462 502 562 548; x_wconf 81' lang='lat' dir='ltr'>Epist.</span> <span class='ocrx_word' id='word_1_17' title='bbox 582 501 694 537; x_wconf 67' lang='lat' dir='ltr'>famil.</span> <span class='ocrx_word' id='word_1_18' title='bbox 723 501 783 538; x_wconf 89' lang='lat' dir='ltr'>lib.</span> <span class='ocrx_word' id='word_1_19' title='bbox 803 501 904 536; x_wconf 85' lang='lat' dir='ltr'>XVI.</span> <span class='ocrx_word' id='word_1_20' title='bbox 932 513 984 547; x_wconf 82' lang='lat'>¹7.</span> 
     </span>
    </p>
   </div>
   <div class='ocr_carea' id='block_1_3' title="bbox 318 647 986 837">
    <p class='ocr_par' dir='ltr' id='par_1_4' title="bbox 318 647 986 837">
     <span class='ocr_line' id='line_1_6' title="bbox 447 647 852 684; baseline -0.002 -1"><span class='ocrx_word' id='word_1_21' title='bbox 447 649 483 684; x_wconf 89' lang='lat' dir='ltr'>A</span> <span class='ocrx_word' id='word_1_22' title='bbox 501 648 533 682; x_wconf 91' lang='lat' dir='ltr'>R</span> <span class='ocrx_word' id='word_1_23' title='bbox 549 649 577 683; x_wconf 91' lang='lat' dir='ltr'>C</span> <span class='ocrx_word' id='word_1_24' title='bbox 596 648 628 683; x_wconf 88' lang='lat' dir='ltr'>E</span> <span class='ocrx_word' id='word_1_25' title='bbox 643 649 666 683; x_wconf 91' lang='lat' dir='ltr'>S</span> <span class='ocrx_word' id='word_1_26' title='bbox 684 648 699 682; x_wconf 90' lang='lat' dir='ltr'>I</span> <span class='ocrx_word' id='word_1_27' title='bbox 720 647 752 683; x_wconf 87' lang='lat' dir='ltr'>L</span> <span class='ocrx_word' id='word_1_28' title='bbox 766 650 798 683; x_wconf 84' lang='lat' dir='ltr'><strong>A</strong></span> <span class='ocrx_word' id='word_1_29' title='bbox 819 648 852 682; x_wconf 89' lang='lat' dir='ltr'>S.</span> 
     </span>
     <span class='ocr_line' id='line_1_7' title="bbox 318 743 986 837; baseline -0.004 -57"><span class='ocrx_word' id='word_1_30' title='bbox 318 745 448 837; x_wconf 83' lang='lat' dir='ltr'>CU</span> <span class='ocrx_word' id='word_1_31' title='bbox 463 745 505 779; x_wconf 92' lang='lat' dir='ltr'><strong>M</strong></span> <span class='ocrx_word' id='word_1_32' title='bbox 523 743 596 791; x_wconf 91' lang='lat' dir='ltr'>jam</span> <span class='ocrx_word' id='word_1_33' title='bbox 613 743 903 791; x_wconf 80' lang='lat' dir='ltr'>Philosophorum</span> <span class='ocrx_word' id='word_1_34' title='bbox 921 743 986 778; x_wconf 88' lang='lat' dir='ltr'>dis-</span> 
     </span>
    </p>
   </div>
   <div class='ocr_carea' id='block_1_4' title="bbox 315 791 991 2549">
    <p class='ocr_par' dir='ltr' id='par_1_5' title="bbox 315 791 991 2549">
     <span class='ocr_line' id='line_1_8' title="bbox 430 791 984 841; baseline -0.004 -13"><span class='ocrx_word' id='word_1_35' title='bbox 430 793 570 840; x_wconf 75' lang='lat' dir='ltr'>ciplinae</span> <span class='ocrx_word' id='word_1_36' title='bbox 593 793 797 841; x_wconf 86' lang='lat' dir='ltr'>graviffimae</span> <span class='ocrx_word' id='word_1_37' title='bbox 821 791 984 828; x_wconf 60' lang='lat' dir='ltr'>constitis=</span> 
     </span>
     <span class='ocr_line' id='line_1_9' title="bbox 318 841 985 888; baseline -0.001 -12"><span class='ocrx_word' id='word_1_38' title='bbox 318 841 401 884; x_wconf 88' lang='lat' dir='ltr'>sent,</span> <span class='ocrx_word' id='word_1_39' title='bbox 430 851 505 876; x_wconf 89' lang='lat' dir='ltr'>tum</span> <span class='ocrx_word' id='word_1_40' title='bbox 522 852 664 877; x_wconf 88' lang='lat' dir='ltr'>exortus</span> <span class='ocrx_word' id='word_1_41' title='bbox 681 842 740 883; x_wconf 86' lang='lat' dir='ltr'>est,</span> <span class='ocrx_word' id='word_1_42' title='bbox 769 852 808 876; x_wconf 93' lang='lat' dir='ltr'>ut</span> <span class='ocrx_word' id='word_1_43' title='bbox 834 841 868 876; x_wconf 91' lang='lat' dir='ltr'>in</span> <span class='ocrx_word' id='word_1_44' title='bbox 895 841 985 888; x_wconf 86' lang='lat' dir='ltr'>opti-</span> 
     </span>
     <span class='ocr_line' id='line_1_10' title="bbox 319 889 985 938; baseline -0.002 -14"><span class='ocrx_word' id='word_1_45' title='bbox 319 902 375 924; x_wconf 90' lang='lat' dir='ltr'>ma</span> <span class='ocrx_word' id='word_1_46' title='bbox 394 891 590 938; x_wconf 89' lang='lat' dir='ltr'>Republica</span> <span class='ocrx_word' id='word_1_47' title='bbox 608 891 693 926; x_wconf 88' lang='lat' dir='ltr'>Tib.</span> <span class='ocrx_word' id='word_1_48' title='bbox 710 890 903 931; x_wconf 83' lang='lat' dir='ltr'>Gracchus,</span> <span class='ocrx_word' id='word_1_49' title='bbox 922 889 985 937; x_wconf 87' lang='lat' dir='ltr'>qui</span> 
     </span>
     <span class='ocr_line' id='line_1_11' title="bbox 316 939 985 987; baseline -0.003 -13"><span class='ocrx_word' id='word_1_50' title='bbox 316 940 428 974; x_wconf 87' lang='lat' dir='ltr'>otium</span> <span class='ocrx_word' id='word_1_51' title='bbox 461 940 699 987; x_wconf 77' lang='lat' dir='ltr'>perturbaret3</span> <span class='ocrx_word' id='word_1_52' title='bbox 727 939 772 974; x_wconf 88' lang='lat' dir='ltr'>fic</span> <span class='ocrx_word' id='word_1_53' title='bbox 803 939 985 979; x_wconf 84' lang='lat' dir='ltr'>Arcesilas,</span> 
     </span>
     <span class='ocr_line' id='line_1_12' title="bbox 317 987 984 1035; baseline 0 -13"><span class='ocrx_word' id='word_1_54' title='bbox 317 987 379 1034; x_wconf 88' lang='lat' dir='ltr'>qui</span> <span class='ocrx_word' id='word_1_55' title='bbox 406 988 491 1023; x_wconf 90' lang='lat' dir='ltr'>bene</span> <span class='ocrx_word' id='word_1_56' title='bbox 507 988 580 1035; x_wconf 88' lang='lat' dir='ltr'>jam</span> <span class='ocrx_word' id='word_1_57' title='bbox 597 989 818 1024; x_wconf 87' lang='lat' dir='ltr'>constitutam</span> <span class='ocrx_word' id='word_1_58' title='bbox 836 987 984 1035; x_wconf 89' lang='lat' dir='ltr'>philoso-</span> 
     </span>
     <span class='ocr_line' id='line_1_13' title="bbox 317 1037 985 1083; baseline 0 -12"><span class='ocrx_word' id='word_1_59' title='bbox 317 1037 435 1083; x_wconf 90' lang='lat' dir='ltr'>phiam</span> <span class='ocrx_word' id='word_1_60' title='bbox 452 1047 629 1079; x_wconf 87' lang='lat' dir='ltr'>everteret,</span> <span class='ocrx_word' id='word_1_61' title='bbox 654 1048 688 1072; x_wconf 86' lang='lat' dir='ltr'>et</span> <span class='ocrx_word' id='word_1_62' title='bbox 706 1037 740 1072; x_wconf 91' lang='lat' dir='ltr'>in</span> <span class='ocrx_word' id='word_1_63' title='bbox 761 1048 882 1072; x_wconf 89' lang='lat' dir='ltr'>eorum</span> <span class='ocrx_word' id='word_1_64' title='bbox 905 1047 985 1071; x_wconf 86' lang='lat' dir='ltr'>auc-</span> 
     </span>
     <span class='ocr_line' id='line_1_14' title="bbox 318 1085 986 1133; baseline 0 -13"><span class='ocrx_word' id='word_1_65' title='bbox 318 1086 456 1120; x_wconf 83' lang='lat' dir='ltr'>toritate</span> <span class='ocrx_word' id='word_1_66' title='bbox 481 1086 698 1129; x_wconf 75' lang='lat' dir='ltr'>delitesceret,</span> <span class='ocrx_word' id='word_1_67' title='bbox 725 1086 787 1133; x_wconf 88' lang='lat' dir='ltr'>qui</span> <span class='ocrx_word' id='word_1_68' title='bbox 817 1085 986 1132; x_wconf 81' lang='lat' dir='ltr'>negassent</span> 
     </span>
     <span class='ocr_line' id='line_1_15' title="bbox 317 1134 984 1182; baseline 0 -14"><span class='ocrx_word' id='word_1_69' title='bbox 317 1134 511 1182; x_wconf 86' lang='lat' dir='ltr'>quidquam</span> <span class='ocrx_word' id='word_1_70' title='bbox 531 1135 617 1177; x_wconf 82' lang='lat' dir='ltr'>sciri,</span> <span class='ocrx_word' id='word_1_71' title='bbox 644 1146 704 1170; x_wconf 89' lang='lat' dir='ltr'>aut</span> <span class='ocrx_word' id='word_1_72' title='bbox 729 1134 857 1182; x_wconf 80' lang='lat' dir='ltr'>percipi</span> <span class='ocrx_word' id='word_1_73' title='bbox 883 1135 984 1181; x_wconf 83' lang='lat' dir='ltr'>poffe.</span> 
     </span>
     <span class='ocr_line' id='line_1_16' title="bbox 318 1183 986 1226; baseline -0.001 -8"><span class='ocrx_word' id='word_1_74' title='bbox 318 1184 410 1218; x_wconf 87' lang='lat' dir='ltr'>Cum</span> <span class='ocrx_word' id='word_1_75' title='bbox 449 1183 540 1218; x_wconf 87' lang='lat' dir='ltr'>enim</span> <span class='ocrx_word' id='word_1_76' title='bbox 577 1184 798 1219; x_wconf 81' lang='lat' dir='ltr'>Polemonem</span> <span class='ocrx_word' id='word_1_77' title='bbox 831 1183 986 1226; x_wconf 74' lang='lat' dir='ltr'>audisset,</span> 
     </span>
     <span class='ocr_line' id='line_1_17' title="bbox 319 1231 984 1279; baseline 0 -13"><span class='ocrx_word' id='word_1_78' title='bbox 319 1233 490 1279; x_wconf 78' lang='lat' dir='ltr'>copiaque</span> <span class='ocrx_word' id='word_1_79' title='bbox 509 1245 633 1275; x_wconf 84' lang='lat' dir='ltr'>rerum,</span> <span class='ocrx_word' id='word_1_80' title='bbox 659 1243 692 1268; x_wconf 85' lang='lat' dir='ltr'>et</span> <span class='ocrx_word' id='word_1_81' title='bbox 715 1231 849 1267; x_wconf 84' lang='lat' dir='ltr'>dicendi</span> <span class='ocrx_word' id='word_1_82' title='bbox 870 1232 918 1274; x_wconf 90' lang='lat' dir='ltr'>vi,</span> <span class='ocrx_word' id='word_1_83' title='bbox 946 1243 984 1266; x_wconf 90' lang='lat' dir='ltr'>ac</span> 
     </span>
     <span class='ocr_line' id='line_1_18' title="bbox 319 1281 984 1329; baseline 0.002 -15"><span class='ocrx_word' id='word_1_84' title='bbox 319 1281 446 1327; x_wconf 83' lang='lat' dir='ltr'>ingenii</span> <span class='ocrx_word' id='word_1_85' title='bbox 463 1282 620 1316; x_wconf 82' lang='lat' dir='ltr'>acumine</span> <span class='ocrx_word' id='word_1_86' title='bbox 639 1281 828 1329; x_wconf 86' lang='lat' dir='ltr'>plurimum</span> <span class='ocrx_word' id='word_1_87' title='bbox 846 1281 984 1322; x_wconf 88' lang='lat' dir='ltr'>valeret,</span> 
     </span>
     <span class='ocr_line' id='line_1_19' title="bbox 319 1331 985 1377; baseline 0 -13"><span class='ocrx_word' id='word_1_88' title='bbox 319 1331 431 1364; x_wconf 90' lang='lat' dir='ltr'>multa</span> <span class='ocrx_word' id='word_1_89' title='bbox 453 1341 566 1377; x_wconf 87' lang='lat' dir='ltr'>aperte</span> <span class='ocrx_word' id='word_1_90' title='bbox 585 1331 830 1377; x_wconf 78' lang='lat' dir='ltr'>perspicueque</span> <span class='ocrx_word' id='word_1_91' title='bbox 853 1340 886 1364; x_wconf 90' lang='lat' dir='ltr'>et</span> <span class='ocrx_word' id='word_1_92' title='bbox 911 1342 985 1377; x_wconf 88' lang='lat' dir='ltr'>per-</span> 
     </span>
     <span class='ocr_line' id='line_1_20' title="bbox 317 1378 988 1427; baseline 0 -15"><span class='ocrx_word' id='word_1_93' title='bbox 317 1378 412 1413; x_wconf 89' lang='lat' dir='ltr'>versa</span> <span class='ocrx_word' id='word_1_94' title='bbox 429 1390 462 1413; x_wconf 93' lang='lat' dir='ltr'>et</span> <span class='ocrx_word' id='word_1_95' title='bbox 480 1379 561 1414; x_wconf 88' lang='lat' dir='ltr'>falsa</span> <span class='ocrx_word' id='word_1_96' title='bbox 579 1379 750 1427; x_wconf 79' lang='lat' dir='ltr'>persuasit,</span> <span class='ocrx_word' id='word_1_97' title='bbox 770 1391 807 1414; x_wconf 89' lang='lat' dir='ltr'>ac</span> <span class='ocrx_word' id='word_1_98' title='bbox 826 1391 867 1413; x_wconf 84' lang='lat' dir='ltr'>ex</span> <span class='ocrx_word' id='word_1_99' title='bbox 886 1378 988 1413; x_wconf 86' lang='lat' dir='ltr'>variis</span> 
     </span>
     <span class='ocr_line' id='line_1_21' title="bbox 318 1427 983 1475; baseline 0 -13"><span class='ocrx_word' id='word_1_100' title='bbox 318 1427 473 1462; x_wconf 88' lang='lat' dir='ltr'>Platonis</span> <span class='ocrx_word' id='word_1_101' title='bbox 491 1427 600 1471; x_wconf 89' lang='lat' dir='ltr'>libris,</span> <span class='ocrx_word' id='word_1_102' title='bbox 626 1427 904 1475; x_wconf 76' lang='lat' dir='ltr'>sermonibusqiie</span> <span class='ocrx_word' id='word_1_103' title='bbox 923 1428 983 1462; x_wconf 89' lang='lat' dir='ltr'>So-</span> 
     </span>
     <span class='ocr_line' id='line_1_22' title="bbox 317 1476 986 1523; baseline 0 -13"><span class='ocrx_word' id='word_1_104' title='bbox 317 1477 452 1512; x_wconf 87' lang='lat' dir='ltr'>craticis</span> <span class='ocrx_word' id='word_1_105' title='bbox 471 1477 536 1512; x_wconf 91' lang='lat' dir='ltr'>hoc</span> <span class='ocrx_word' id='word_1_106' title='bbox 553 1477 702 1512; x_wconf 84' lang='lat' dir='ltr'>maxime</span> <span class='ocrx_word' id='word_1_107' title='bbox 719 1477 874 1523; x_wconf 83' lang='lat' dir='ltr'>arripuit,</span> <span class='ocrx_word' id='word_1_108' title='bbox 902 1476 986 1511; x_wconf 90' lang='lat' dir='ltr'>nihil</span> 
     </span>
     <span class='ocr_line' id='line_1_23' title="bbox 315 1525 990 1573; baseline 0 -13"><span class='ocrx_word' id='word_1_109' title='bbox 315 1526 382 1560; x_wconf 83' lang='lat' dir='ltr'>effe</span> <span class='ocrx_word' id='word_1_110' title='bbox 409 1525 504 1569; x_wconf 82' lang='lat' dir='ltr'>certi,</span> <span class='ocrx_word' id='word_1_111' title='bbox 532 1526 629 1573; x_wconf 89' lang='lat' dir='ltr'>quod</span> <span class='ocrx_word' id='word_1_112' title='bbox 660 1536 719 1560; x_wconf 89' lang='lat' dir='ltr'>aut</span> <span class='ocrx_word' id='word_1_113' title='bbox 742 1526 903 1568; x_wconf 84' lang='lat' dir='ltr'>senfibus,</span> <span class='ocrx_word' id='word_1_114' title='bbox 930 1534 990 1560; x_wconf 90' lang='lat' dir='ltr'>aut</span> 
     </span>
     <span class='ocr_line' id='line_1_24' title="bbox 319 1574 988 1622; baseline 0 -14"><span class='ocrx_word' id='word_1_115' title='bbox 319 1574 434 1609; x_wconf 88' lang='lat' dir='ltr'>animo</span> <span class='ocrx_word' id='word_1_116' title='bbox 452 1575 581 1622; x_wconf 85' lang='lat' dir='ltr'>percipi</span> <span class='ocrx_word' id='word_1_117' title='bbox 600 1576 710 1622; x_wconf 84' lang='lat' dir='ltr'>possit.</span> <span class='ocrx_word' id='word_1_118' title='bbox 751 1575 848 1609; x_wconf 89' lang='lat' dir='ltr'>Hinc</span> <span class='ocrx_word' id='word_1_119' title='bbox 877 1586 988 1609; x_wconf 86' lang='lat' dir='ltr'>recen-</span> 
     </span>
     <span class='ocr_line' id='line_1_25' title="bbox 317 1623 985 1671; baseline 0 -13"><span class='ocrx_word' id='word_1_120' title='bbox 317 1623 386 1658; x_wconf 90' lang='lat' dir='ltr'>tior</span> <span class='ocrx_word' id='word_1_121' title='bbox 399 1624 589 1658; x_wconf 85' lang='lat' dir='ltr'>Academia</span> <span class='ocrx_word' id='word_1_122' title='bbox 601 1624 788 1665; x_wconf 85' lang='lat' dir='ltr'>emanavit;</span> <span class='ocrx_word' id='word_1_123' title='bbox 817 1623 916 1671; x_wconf 90' lang='lat' dir='ltr'>cujus</span> <span class='ocrx_word' id='word_1_124' title='bbox 935 1635 985 1658; x_wconf 87' lang='lat' dir='ltr'>ra-</span> 
     </span>
     <span class='ocr_line' id='line_1_26' title="bbox 318 1671 987 1720; baseline 0.001 -14"><span class='ocrx_word' id='word_1_125' title='bbox 318 1671 369 1706; x_wconf 90' lang='lat' dir='ltr'>tio</span> <span class='ocrx_word' id='word_1_126' title='bbox 394 1672 508 1719; x_wconf 90' lang='lat' dir='ltr'>primo</span> <span class='ocrx_word' id='word_1_127' title='bbox 536 1685 602 1707; x_wconf 94' lang='lat' dir='ltr'>non</span> <span class='ocrx_word' id='word_1_128' title='bbox 629 1673 817 1707; x_wconf 85' lang='lat' dir='ltr'>admodum</span> <span class='ocrx_word' id='word_1_129' title='bbox 841 1673 987 1720; x_wconf 90' lang='lat' dir='ltr'>probata</span> 
     </span>
     <span class='ocr_line' id='line_1_27' title="bbox 318 1720 986 1768; baseline 0.001 -13"><span class='ocrx_word' id='word_1_130' title='bbox 318 1720 376 1755; x_wconf 87' lang='lat' dir='ltr'>est.</span> <span class='ocrx_word' id='word_1_131' title='bbox 421 1721 475 1756; x_wconf 91' lang='lat' dir='ltr'>Sic</span> <span class='ocrx_word' id='word_1_132' title='bbox 495 1721 600 1768; x_wconf 86' lang='lat' dir='ltr'>igitur</span> <span class='ocrx_word' id='word_1_133' title='bbox 618 1721 774 1764; x_wconf 84' lang='lat' dir='ltr'>instituit,</span> <span class='ocrx_word' id='word_1_134' title='bbox 796 1734 898 1756; x_wconf 83' lang='lat' dir='ltr'>omne</span> <span class='ocrx_word' id='word_1_135' title='bbox 916 1722 986 1756; x_wconf 91' lang='lat' dir='ltr'>ani-</span> 
     </span>
     <span class='ocr_line' id='line_1_28' title="bbox 321 1768 987 1818; baseline 0.002 -15"><span class='ocrx_word' id='word_1_136' title='bbox 321 1771 367 1803; x_wconf 89' lang='lat' dir='ltr'>mi</span> <span class='ocrx_word' id='word_1_137' title='bbox 393 1769 569 1817; x_wconf 84' lang='lat' dir='ltr'>sensusque</span> <span class='ocrx_word' id='word_1_138' title='bbox 589 1768 765 1816; x_wconf 86' lang='lat' dir='ltr'>judicium</span> <span class='ocrx_word' id='word_1_139' title='bbox 794 1770 987 1818; x_wconf 87' lang='lat' dir='ltr'>aspernatus</span> 
     </span>
     <span class='ocr_line' id='line_1_29' title="bbox 321 1819 987 1867; baseline 0.002 -14"><span class='ocrx_word' id='word_1_140' title='bbox 321 1819 431 1863; x_wconf 88' lang='lat' dir='ltr'>(unde</span> <span class='ocrx_word' id='word_1_141' title='bbox 449 1819 506 1853; x_wconf 87' lang='lat' dir='ltr'>illa</span> <span class='ocrx_word' id='word_1_142' title='bbox 524 1819 702 1854; x_wconf 88' lang='lat' dir='ltr'>necessario</span> <span class='ocrx_word' id='word_1_143' title='bbox 722 1830 798 1854; x_wconf 89' lang='lat' dir='ltr'>nata</span> <span class='ocrx_word' id='word_1_144' title='bbox 819 1819 865 1854; x_wconf 87' lang='lat' dir='ltr'>est</span> <span class='ocrx_word' id='word_1_145' title='bbox 887 1825 987 1867; x_wconf 63' lang='grc' dir='ltr'>ὶπυχὶ,</span> 
     </span>
     <span class='ocr_line' id='line_1_30' title="bbox 321 1867 988 1910; baseline 0.001 -9"><span class='ocrx_word' id='word_1_146' title='bbox 321 1867 356 1901; x_wconf 91' lang='lat' dir='ltr'>id</span> <span class='ocrx_word' id='word_1_147' title='bbox 384 1867 444 1909; x_wconf 89' lang='lat' dir='ltr'>est,</span> <span class='ocrx_word' id='word_1_148' title='bbox 481 1867 671 1902; x_wconf 74' lang='lat' dir='ltr'>assensionis</span> <span class='ocrx_word' id='word_1_149' title='bbox 705 1868 872 1910; x_wconf 85' lang='lat' dir='ltr'>retentio)</span> <span class='ocrx_word' id='word_1_150' title='bbox 904 1880 988 1908; x_wconf 90' lang='lat' dir='ltr'>non,</span> 
     </span>
     <span class='ocr_line' id='line_1_31' title="bbox 321 1915 988 1963; baseline 0.001 -13"><span class='ocrx_word' id='word_1_151' title='bbox 321 1915 503 1963; x_wconf 15' lang='lat' dir='ltr'>quidvipse</span> <span class='ocrx_word' id='word_1_152' title='bbox 531 1916 676 1958; x_wconf 84' lang='lat' dir='ltr'>sentiret,</span> <span class='ocrx_word' id='word_1_153' title='bbox 703 1917 902 1956; x_wconf 71' lang='lat' dir='ltr'>ostendere,</span> <span class='ocrx_word' id='word_1_154' title='bbox 934 1916 988 1951; x_wconf 88' lang='lat' dir='ltr'>sed</span> 
     </span>
     <span class='ocr_line' id='line_1_32' title="bbox 321 1965 987 2012; baseline 0.002 -13"><span class='ocrx_word' id='word_1_155' title='bbox 321 1975 440 1999; x_wconf 83' lang='lat' dir='ltr'>contra</span> <span class='ocrx_word' id='word_1_156' title='bbox 458 1965 504 2006; x_wconf 85' lang='lat' dir='ltr'>id,</span> <span class='ocrx_word' id='word_1_157' title='bbox 532 1966 628 2012; x_wconf 90' lang='lat' dir='ltr'>quod</span> <span class='ocrx_word' id='word_1_158' title='bbox 649 1965 793 2012; x_wconf 83' lang='lat' dir='ltr'>quisque</span> <span class='ocrx_word' id='word_1_159' title='bbox 816 1965 845 2000; x_wconf 87' lang='lat' dir='ltr'>se</span> <span class='ocrx_word' id='word_1_160' title='bbox 870 1966 987 2000; x_wconf 88' lang='lat' dir='ltr'>sentire</span> 
     </span>
     <span class='ocr_line' id='line_1_33' title="bbox 321 2013 987 2061; baseline 0.002 -13"><span class='ocrx_word' id='word_1_161' title='bbox 321 2013 466 2056; x_wconf 70' lang='lat' dir='ltr'>dixisset,</span> <span class='ocrx_word' id='word_1_162' title='bbox 481 2014 663 2061; x_wconf 85' lang='lat' dir='ltr'>disputare.</span> <span class='ocrx_word' id='word_1_163' title='bbox 706 2015 827 2061; x_wconf 91' lang='lat' dir='ltr'>Itaque</span> <span class='ocrx_word' id='word_1_164' title='bbox 841 2014 987 2057; x_wconf 85' lang='lat' dir='ltr'>Zenoni,</span> 
     </span>
     <span class='ocr_line' id='line_1_34' title="bbox 322 2063 991 2109; baseline 0.003 -13"><span class='ocrx_word' id='word_1_165' title='bbox 322 2063 384 2109; x_wconf 92' lang='lat' dir='ltr'>qui</span> <span class='ocrx_word' id='word_1_166' title='bbox 418 2073 493 2097; x_wconf 87' lang='lat' dir='ltr'>tum</span> <span class='ocrx_word' id='word_1_167' title='bbox 526 2063 680 2105; x_wconf 82' lang='lat' dir='ltr'>florebat,</span> <span class='ocrx_word' id='word_1_168' title='bbox 715 2063 746 2098; x_wconf 92' lang='lat' dir='ltr'>se</span> <span class='ocrx_word' id='word_1_169' title='bbox 771 2064 991 2098; x_wconf 84' lang='lat' dir='ltr'>vehementer</span> 
     </span>
     <span class='ocr_line' id='line_1_35' title="bbox 321 2110 989 2159; baseline 0.001 -14"><span class='ocrx_word' id='word_1_170' title='bbox 321 2111 496 2158; x_wconf 85' lang='lat' dir='ltr'>opposuit,</span> <span class='ocrx_word' id='word_1_171' title='bbox 509 2110 649 2159; x_wconf 87' lang='lat' dir='ltr'>ejusque</span> <span class='ocrx_word' id='word_1_172' title='bbox 666 2112 880 2148; x_wconf 83' lang='lat' dir='ltr'>definitiones</span> <span class='ocrx_word' id='word_1_173' title='bbox 898 2113 989 2147; x_wconf 87' lang='lat' dir='ltr'>labe-</span> 
     </span>
     <span class='ocr_line' id='line_1_36' title="bbox 322 2158 988 2203; baseline 0.003 -9"><span class='ocrx_word' id='word_1_174' title='bbox 322 2158 447 2195; x_wconf 52' lang='lat' dir='ltr'>factare</span> <span class='ocrx_word' id='word_1_175' title='bbox 460 2171 602 2195; x_wconf 89' lang='lat' dir='ltr'>conatus</span> <span class='ocrx_word' id='word_1_176' title='bbox 615 2161 674 2203; x_wconf 90' lang='lat' dir='ltr'>est,</span> <span class='ocrx_word' id='word_1_177' title='bbox 689 2172 723 2196; x_wconf 87' lang='lat' dir='ltr'>et</span> <span class='ocrx_word' id='word_1_178' title='bbox 735 2163 763 2196; x_wconf 92' lang='lat' dir='ltr'>ei</span> <span class='ocrx_word' id='word_1_179' title='bbox 783 2162 988 2203; x_wconf 65' lang='lat' dir='ltr'>obtretfmre,</span> 
     </span>
     <span class='ocr_line' id='line_1_37' title="bbox 321 2209 988 2256; baseline 0.003 -13"><span class='ocrx_word' id='word_1_180' title='bbox 321 2209 405 2244; x_wconf 92' lang='lat' dir='ltr'>nihil</span> <span class='ocrx_word' id='word_1_181' title='bbox 423 2209 505 2244; x_wconf 90' lang='lat' dir='ltr'>novi</span> <span class='ocrx_word' id='word_1_182' title='bbox 525 2210 714 2256; x_wconf 74' lang='lat' dir='ltr'>reperienti,</span> <span class='ocrx_word' id='word_1_183' title='bbox 729 2210 782 2245; x_wconf 79' lang='lat' dir='ltr'>sed</span> <span class='ocrx_word' id='word_1_184' title='bbox 794 2210 988 2245; x_wconf 86' lang='lat' dir='ltr'>emendanti</span> 
     </span>
     <span class='ocr_line' id='line_1_38' title="bbox 321 2257 986 2305; baseline 0.003 -13"><span class='ocrx_word' id='word_1_185' title='bbox 321 2257 507 2305; x_wconf 88' lang='lat' dir='ltr'>superiores</span> <span class='ocrx_word' id='word_1_186' title='bbox 525 2258 763 2294; x_wconf 86' lang='lat' dir='ltr'>immutatione</span> <span class='ocrx_word' id='word_1_187' title='bbox 779 2260 986 2303; x_wconf 61' lang='lat' dir='ltr'>verborumjz</span> 
     </span>
     <span class='ocr_line' id='line_1_39' title="bbox 322 2305 988 2356; baseline 0.005 -16"><span class='ocrx_word' id='word_1_188' title='bbox 322 2307 418 2354; x_wconf 88' lang='lat' dir='ltr'>quod</span> <span class='ocrx_word' id='word_1_189' title='bbox 437 2305 548 2341; x_wconf 79' lang='lat' dir='ltr'>fecisse</span> <span class='ocrx_word' id='word_1_190' title='bbox 561 2307 688 2342; x_wconf 90' lang='lat' dir='ltr'>dicitur</span> <span class='ocrx_word' id='word_1_191' title='bbox 706 2320 775 2343; x_wconf 92' lang='lat' dir='ltr'>non</span> <span class='ocrx_word' id='word_1_192' title='bbox 790 2308 988 2356; x_wconf 81' lang='lat' dir='ltr'>pertinacia,</span> 
     </span>
     <span class='ocr_line' id='line_1_40' title="bbox 322 2355 990 2400; baseline 0.004 -11"><span class='ocrx_word' id='word_1_193' title='bbox 322 2366 383 2390; x_wconf 86' lang='lat' dir='ltr'>aut</span> <span class='ocrx_word' id='word_1_194' title='bbox 412 2355 524 2390; x_wconf 85' lang='lat' dir='ltr'>studio</span> <span class='ocrx_word' id='word_1_195' title='bbox 558 2355 731 2400; x_wconf 88' lang='lat' dir='ltr'>vincendi,</span> <span class='ocrx_word' id='word_1_196' title='bbox 779 2358 834 2392; x_wconf 90' lang='lat' dir='ltr'>sed</span> <span class='ocrx_word' id='word_1_197' title='bbox 872 2369 990 2392; x_wconf 87' lang='lat' dir='ltr'>earum</span> 
     </span>
     <span class='ocr_line' id='line_1_41' title="bbox 323 2404 988 2452; baseline 0.002 -13"><span class='ocrx_word' id='word_1_198' title='bbox 323 2417 436 2439; x_wconf 86' lang='lat' dir='ltr'>rerum</span> <span class='ocrx_word' id='word_1_199' title='bbox 455 2404 673 2447; x_wconf 87' lang='lat' dir='ltr'>obscuritate,</span> <span class='ocrx_word' id='word_1_200' title='bbox 699 2417 781 2452; x_wconf 87' lang='lat' dir='ltr'>quae</span> <span class='ocrx_word' id='word_1_201' title='bbox 800 2406 842 2440; x_wconf 90' lang='lat' dir='ltr'>ad</span> <span class='ocrx_word' id='word_1_202' title='bbox 860 2405 988 2441; x_wconf 88' lang='lat' dir='ltr'>confes-</span> 
     </span>
     <span class='ocr_line' id='line_1_42' title="bbox 323 2453 988 2500; baseline 0.002 -12"><span class='ocrx_word' id='word_1_203' title='bbox 323 2454 448 2488; x_wconf 91' lang='lat' dir='ltr'>sionem</span> <span class='ocrx_word' id='word_1_204' title='bbox 465 2453 686 2500; x_wconf 85' lang='lat' dir='ltr'>ignorationis</span> <span class='ocrx_word' id='word_1_205' title='bbox 700 2455 912 2489; x_wconf 82' lang='lat' dir='ltr'>adduxerant</span> <span class='ocrx_word' id='word_1_206' title='bbox 926 2455 988 2490; x_wconf 91' lang='lat' dir='ltr'>So-</span> 
     </span>
     <span class='ocr_line' id='line_1_43' title="bbox 322 2501 989 2549; baseline 0.001 -12"><span class='ocrx_word' id='word_1_207' title='bbox 322 2513 461 2546; x_wconf 81' lang='lat' dir='ltr'>cratem,</span> <span class='ocrx_word' id='word_1_208' title='bbox 487 2501 605 2549; x_wconf 80' lang='lat' dir='ltr'>etjam</span> <span class='ocrx_word' id='word_1_209' title='bbox 623 2512 699 2538; x_wconf 92' lang='lat' dir='ltr'>ante</span> <span class='ocrx_word' id='word_1_210' title='bbox 713 2504 900 2547; x_wconf 86' lang='lat' dir='ltr'>Socratem,</span> <span class='ocrx_word' id='word_1_211' title='bbox 918 2504 989 2540; x_wconf 93' lang='lat' dir='ltr'>De-</span> 
     </span>
    </p>
   </div>
   <div class='ocr_carea' id='block_1_5' title="bbox 1624 278 1700 318">
    <p class='ocr_par' dir='ltr' id='par_1_6' title="bbox 1624 278 1700 318">
     <span class='ocr_line' id='line_1_44' title="bbox 1624 278 1700 318; baseline -0.026 0"><span class='ocrx_word' id='word_1_212' title='bbox 1624 278 1700 318; x_wconf 89' lang='grc'>399</span> 
     </span>
    </p>
   </div>
   <div class='ocr_carea' id='block_1_6' title="bbox 1025 357 1705 1722">
    <p class='ocr_par' dir='ltr' id='par_1_7' title="bbox 1025 357 1705 1722">
     <span class='ocr_line' id='line_1_45' title="bbox 1037 357 1701 408; baseline 0.008 -17"><span class='ocrx_word' id='word_1_213' title='bbox 1037 357 1235 399; x_wconf 88' lang='lat' dir='ltr'>mocritum,</span> <span class='ocrx_word' id='word_1_214' title='bbox 1275 358 1532 406; x_wconf 79' lang='lat' dir='ltr'>Anaxagoram,</span> <span class='ocrx_word' id='word_1_215' title='bbox 1573 360 1701 408; x_wconf 86' lang='lat' dir='ltr'>Empe-</span> 
     </span>
     <span class='ocr_line' id='line_1_46' title="bbox 1035 406 1701 456; baseline 0.008 -17"><span class='ocrx_word' id='word_1_216' title='bbox 1035 406 1183 446; x_wconf 84' lang='lat' dir='ltr'>doclem,</span> <span class='ocrx_word' id='word_1_217' title='bbox 1212 418 1329 441; x_wconf 90' lang='lat' dir='ltr'>omnes</span> <span class='ocrx_word' id='word_1_218' title='bbox 1358 419 1442 454; x_wconf 88' lang='lat' dir='ltr'>pene</span> <span class='ocrx_word' id='word_1_219' title='bbox 1473 419 1612 451; x_wconf 87' lang='lat' dir='ltr'>veteres,</span> <span class='ocrx_word' id='word_1_220' title='bbox 1639 410 1701 456; x_wconf 90' lang='lat' dir='ltr'>qui</span> 
     </span>
     <span class='ocr_line' id='line_1_47' title="bbox 1037 453 1702 504; baseline 0.006 -16"><span class='ocrx_word' id='word_1_221' title='bbox 1037 453 1120 488; x_wconf 87' lang='lat' dir='ltr'>nihil</span> <span class='ocrx_word' id='word_1_222' title='bbox 1139 455 1309 500; x_wconf 83' lang='lat' dir='ltr'>cognosci,</span> <span class='ocrx_word' id='word_1_223' title='bbox 1337 456 1419 491; x_wconf 84' lang='lat' dir='ltr'>nihil</span> <span class='ocrx_word' id='word_1_224' title='bbox 1447 457 1589 504; x_wconf 91' lang='lat' dir='ltr'>percipi,</span> <span class='ocrx_word' id='word_1_225' title='bbox 1617 458 1702 492; x_wconf 90' lang='lat' dir='ltr'>nihil</span> 
     </span>
     <span class='ocr_line' id='line_1_48' title="bbox 1036 501 1704 552; baseline 0.009 -16"><span class='ocrx_word' id='word_1_226' title='bbox 1036 501 1109 536; x_wconf 70' lang='lat' dir='ltr'>sciri</span> <span class='ocrx_word' id='word_1_227' title='bbox 1129 503 1220 548; x_wconf 77' lang='lat' dir='ltr'>posse</span> <span class='ocrx_word' id='word_1_228' title='bbox 1233 502 1414 545; x_wconf 66' lang='lat' dir='ltr'>dixerunt,</span> <span class='ocrx_word' id='word_1_229' title='bbox 1442 507 1604 552; x_wconf 84' lang='lat' dir='ltr'>angustos</span> <span class='ocrx_word' id='word_1_230' title='bbox 1630 506 1704 541; x_wconf 87' lang='lat' dir='ltr'>sen-</span> 
     </span>
     <span class='ocr_line' id='line_1_49' title="bbox 1036 550 1702 593; baseline 0.012 -10"><span class='ocrx_word' id='word_1_231' title='bbox 1036 550 1103 591; x_wconf 90' lang='lat' dir='ltr'>sus,</span> <span class='ocrx_word' id='word_1_232' title='bbox 1123 550 1314 585; x_wconf 86' lang='lat' dir='ltr'>imbecillos</span> <span class='ocrx_word' id='word_1_233' title='bbox 1328 552 1470 593; x_wconf 85' lang='lat' dir='ltr'>animos,</span> <span class='ocrx_word' id='word_1_234' title='bbox 1492 555 1607 589; x_wconf 87' lang='lat' dir='ltr'>brevia</span> <span class='ocrx_word' id='word_1_235' title='bbox 1625 567 1702 590; x_wconf 91' lang='lat' dir='ltr'>cur-</span> 
     </span>
     <span class='ocr_line' id='line_1_50' title="bbox 1035 598 1702 646; baseline 0.009 -14"><span class='ocrx_word' id='word_1_236' title='bbox 1035 599 1143 633; x_wconf 86' lang='lat' dir='ltr'>ricula</span> <span class='ocrx_word' id='word_1_237' title='bbox 1162 598 1263 640; x_wconf 67' lang='lat' dir='ltr'>vitae,</span> <span class='ocrx_word' id='word_1_238' title='bbox 1282 600 1505 646; x_wconf 88' lang='lat' dir='ltr'>opinionibus</span> <span class='ocrx_word' id='word_1_239' title='bbox 1522 613 1555 637; x_wconf 91' lang='lat' dir='ltr'>et</span> <span class='ocrx_word' id='word_1_240' title='bbox 1570 603 1702 638; x_wconf 83' lang='lat' dir='ltr'>institu-</span> 
     </span>
     <span class='ocr_line' id='line_1_51' title="bbox 1035 647 1701 689; baseline 0.009 -8"><span class='ocrx_word' id='word_1_241' title='bbox 1035 648 1078 682; x_wconf 87' lang='lat' dir='ltr'>tis</span> <span class='ocrx_word' id='word_1_242' title='bbox 1095 647 1211 682; x_wconf 89' lang='lat' dir='ltr'>omnia</span> <span class='ocrx_word' id='word_1_243' title='bbox 1234 648 1359 689; x_wconf 69' lang='lat' dir='ltr'>teneri,</span> <span class='ocrx_word' id='word_1_244' title='bbox 1392 649 1477 684; x_wconf 88' lang='lat' dir='ltr'>nihil</span> <span class='ocrx_word' id='word_1_245' title='bbox 1496 652 1627 686; x_wconf 84' lang='lat' dir='ltr'>veritati</span> <span class='ocrx_word' id='word_1_246' title='bbox 1653 665 1701 687; x_wconf 88' lang='lat' dir='ltr'>re-</span> 
     </span>
     <span class='ocr_line' id='line_1_52' title="bbox 1036 697 1702 744; baseline 0.008 -14"><span class='ocrx_word' id='word_1_247' title='bbox 1036 697 1169 744; x_wconf 87' lang='lat' dir='ltr'>linqui;</span> <span class='ocrx_word' id='word_1_248' title='bbox 1205 697 1365 744; x_wconf 77' lang='lat' dir='ltr'>deinceps</span> <span class='ocrx_word' id='word_1_249' title='bbox 1401 700 1518 733; x_wconf 76' lang='lat' dir='ltr'>omnia</span> <span class='ocrx_word' id='word_1_250' title='bbox 1556 701 1702 735; x_wconf 84' lang='lat' dir='ltr'>tenebris</span> 
     </span>
     <span class='ocr_line' id='line_1_53' title="bbox 1035 744 1702 784; baseline 0.007 -5"><span class='ocrx_word' id='word_1_251' title='bbox 1035 744 1242 780; x_wconf 88' lang='lat' dir='ltr'>circumfusa</span> <span class='ocrx_word' id='word_1_252' title='bbox 1257 745 1320 780; x_wconf 80' lang='lat' dir='ltr'>effe</span> <span class='ocrx_word' id='word_1_253' title='bbox 1340 746 1510 783; x_wconf 87' lang='lat' dir='ltr'>dixerunt.</span> <span class='ocrx_word' id='word_1_254' title='bbox 1555 748 1638 783; x_wconf 88' lang='lat' dir='ltr'>Hoc</span> <span class='ocrx_word' id='word_1_255' title='bbox 1658 750 1702 784; x_wconf 78' lang='lat' dir='ltr'>sic</span> 
     </span>
     <span class='ocr_line' id='line_1_54' title="bbox 1037 794 1700 841; baseline 0.008 -13"><span class='ocrx_word' id='word_1_256' title='bbox 1037 794 1180 841; x_wconf 81' lang='lat' dir='ltr'>intelligi</span> <span class='ocrx_word' id='word_1_257' title='bbox 1194 794 1278 828; x_wconf 89' lang='lat' dir='ltr'>dicit</span> <span class='ocrx_word' id='word_1_258' title='bbox 1295 795 1418 830; x_wconf 87' lang='lat' dir='ltr'>Cicero</span> <span class='ocrx_word' id='word_1_259' title='bbox 1437 796 1469 830; x_wconf 92' lang='lat' dir='ltr'>in</span> <span class='ocrx_word' id='word_1_260' title='bbox 1483 797 1626 832; x_wconf 87' lang='lat' dir='ltr'><em>Lucullo.</em></span> <span class='ocrx_word' id='word_1_261' title='bbox 1645 811 1700 841; x_wconf 86' lang='lat'>24.</span> 
     </span>
     <span class='ocr_line' id='line_1_55' title="bbox 1036 844 1702 892; baseline 0.006 -14"><span class='ocrx_word' id='word_1_262' title='bbox 1036 844 1152 878; x_wconf 82' lang='lat' dir='ltr'>Nemo</span> <span class='ocrx_word' id='word_1_263' title='bbox 1188 855 1342 890; x_wconf 83' lang='lat' dir='ltr'>unquam</span> <span class='ocrx_word' id='word_1_264' title='bbox 1380 844 1590 892; x_wconf 86' lang='lat' dir='ltr'>superiorum</span> <span class='ocrx_word' id='word_1_265' title='bbox 1634 859 1702 882; x_wconf 89' lang='lat' dir='ltr'>non</span> 
     </span>
     <span class='ocr_line' id='line_1_56' title="bbox 1036 892 1704 938; baseline 0.007 -12"><span class='ocrx_word' id='word_1_266' title='bbox 1036 892 1140 926; x_wconf 89' lang='lat' dir='ltr'>modo</span> <span class='ocrx_word' id='word_1_267' title='bbox 1163 892 1377 938; x_wconf 80' lang='lat' dir='ltr'>expresserat,</span> <span class='ocrx_word' id='word_1_268' title='bbox 1416 894 1471 928; x_wconf 76' lang='lat' dir='ltr'>led</span> <span class='ocrx_word' id='word_1_269' title='bbox 1502 907 1542 929; x_wconf 87' lang='lat' dir='ltr'>ne</span> <span class='ocrx_word' id='word_1_270' title='bbox 1571 895 1704 931; x_wconf 86' lang='lat' dir='ltr'>dixerat</span> 
     </span>
     <span class='ocr_line' id='line_1_57' title="bbox 1036 940 1702 992; baseline 0.009 -18"><span class='ocrx_word' id='word_1_271' title='bbox 1036 940 1191 987; x_wconf 85' lang='lat' dir='ltr'>quidem,</span> <span class='ocrx_word' id='word_1_272' title='bbox 1219 941 1311 987; x_wconf 82' lang='lat' dir='ltr'>poffe</span> <span class='ocrx_word' id='word_1_273' title='bbox 1328 941 1501 977; x_wconf 88' lang='lat' dir='ltr'>hominem</span> <span class='ocrx_word' id='word_1_274' title='bbox 1525 944 1608 979; x_wconf 89' lang='lat' dir='ltr'>nihil</span> <span class='ocrx_word' id='word_1_275' title='bbox 1627 945 1702 992; x_wconf 87' lang='lat' dir='ltr'>opi-</span> 
     </span>
     <span class='ocr_line' id='line_1_58' title="bbox 1036 988 1702 1037; baseline 0.009 -14"><span class='ocrx_word' id='word_1_276' title='bbox 1036 989 1125 1024; x_wconf 90' lang='lat' dir='ltr'>nari:</span> <span class='ocrx_word' id='word_1_277' title='bbox 1154 1001 1215 1023; x_wconf 92' lang='lat' dir='ltr'>nec</span> <span class='ocrx_word' id='word_1_278' title='bbox 1233 988 1342 1024; x_wconf 85' lang='lat' dir='ltr'>solum</span> <span class='ocrx_word' id='word_1_279' title='bbox 1366 992 1470 1037; x_wconf 83' lang='lat' dir='ltr'>posse,</span> <span class='ocrx_word' id='word_1_280' title='bbox 1497 992 1550 1027; x_wconf 91' lang='lat' dir='ltr'>sed</span> <span class='ocrx_word' id='word_1_281' title='bbox 1578 994 1623 1028; x_wconf 85' lang='lat' dir='ltr'>ita</span> <span class='ocrx_word' id='word_1_282' title='bbox 1647 1007 1702 1029; x_wconf 88' lang='lat' dir='ltr'>ne-</span> 
     </span>
     <span class='ocr_line' id='line_1_59' title="bbox 1035 1038 1703 1086; baseline 0.009 -14"><span class='ocrx_word' id='word_1_283' title='bbox 1035 1038 1119 1073; x_wconf 82' lang='lat' dir='ltr'>cesse</span> <span class='ocrx_word' id='word_1_284' title='bbox 1143 1039 1207 1072; x_wconf 84' lang='lat' dir='ltr'>esse</span> <span class='ocrx_word' id='word_1_285' title='bbox 1229 1038 1379 1086; x_wconf 87' lang='lat' dir='ltr'>sapienti.</span> <span class='ocrx_word' id='word_1_286' title='bbox 1424 1041 1504 1075; x_wconf 84' lang='lat' dir='ltr'>Visa</span> <span class='ocrx_word' id='word_1_287' title='bbox 1526 1042 1573 1076; x_wconf 86' lang='lat' dir='ltr'>est</span> <span class='ocrx_word' id='word_1_288' title='bbox 1595 1044 1703 1078; x_wconf 89' lang='lat' dir='ltr'>Arce-</span> 
     </span>
     <span class='ocr_line' id='line_1_60' title="bbox 1037 1087 1702 1131; baseline 0.008 -9"><span class='ocrx_word' id='word_1_289' title='bbox 1037 1087 1106 1122; x_wconf 82' lang='lat' dir='ltr'>silae</span> <span class='ocrx_word' id='word_1_290' title='bbox 1120 1098 1200 1121; x_wconf 90' lang='lat' dir='ltr'>cum</span> <span class='ocrx_word' id='word_1_291' title='bbox 1215 1099 1295 1121; x_wconf 90' lang='lat' dir='ltr'>vera</span> <span class='ocrx_word' id='word_1_292' title='bbox 1307 1088 1479 1131; x_wconf 86' lang='lat' dir='ltr'>sententia,</span> <span class='ocrx_word' id='word_1_293' title='bbox 1493 1100 1567 1125; x_wconf 90' lang='lat' dir='ltr'>tum</span> <span class='ocrx_word' id='word_1_294' title='bbox 1585 1091 1702 1127; x_wconf 88' lang='lat' dir='ltr'>hones-</span> 
     </span>
     <span class='ocr_line' id='line_1_61' title="bbox 1037 1136 1703 1186; baseline 0.011 -17"><span class='ocrx_word' id='word_1_295' title='bbox 1037 1145 1070 1170; x_wconf 90' lang='lat' dir='ltr'>ta</span> <span class='ocrx_word' id='word_1_296' title='bbox 1093 1145 1127 1170; x_wconf 89' lang='lat' dir='ltr'>et</span> <span class='ocrx_word' id='word_1_297' title='bbox 1148 1136 1253 1182; x_wconf 82' lang='lat' dir='ltr'>digna</span> <span class='ocrx_word' id='word_1_298' title='bbox 1275 1136 1441 1183; x_wconf 86' lang='lat' dir='ltr'>sapiente:</span> <span class='ocrx_word' id='word_1_299' title='bbox 1471 1140 1631 1186; x_wconf 83' lang='lat' dir='ltr'>quaesivit</span> <span class='ocrx_word' id='word_1_300' title='bbox 1661 1142 1703 1177; x_wconf 91' lang='lat' dir='ltr'>de</span> 
     </span>
     <span class='ocr_line' id='line_1_62' title="bbox 1037 1185 1702 1233; baseline 0.009 -15"><span class='ocrx_word' id='word_1_301' title='bbox 1037 1186 1177 1219; x_wconf 92' lang='lat' dir='ltr'>Zenone</span> <span class='ocrx_word' id='word_1_302' title='bbox 1187 1185 1426 1233; x_wconf 82' lang='lat' dir='ltr'>fortaffe,quid</span> <span class='ocrx_word' id='word_1_303' title='bbox 1439 1186 1598 1223; x_wconf 88' lang='lat' dir='ltr'>futurum</span> <span class='ocrx_word' id='word_1_304' title='bbox 1612 1190 1702 1233; x_wconf 80' lang='lat' dir='ltr'>esset,</span> 
     </span>
     <span class='ocr_line' id='line_1_63' title="bbox 1036 1233 1704 1285; baseline 0.007 -16"><span class='ocrx_word' id='word_1_305' title='bbox 1036 1234 1060 1269; x_wconf 88' lang='lat' dir='ltr'><strong>fi</strong></span> <span class='ocrx_word' id='word_1_306' title='bbox 1088 1245 1147 1268; x_wconf 90' lang='lat' dir='ltr'>nec</span> <span class='ocrx_word' id='word_1_307' title='bbox 1177 1233 1349 1281; x_wconf 85' lang='lat' dir='ltr'>percipere</span> <span class='ocrx_word' id='word_1_308' title='bbox 1375 1236 1568 1283; x_wconf 85' lang='lat' dir='ltr'>quidquam</span> <span class='ocrx_word' id='word_1_309' title='bbox 1596 1239 1704 1285; x_wconf 81' lang='lat' dir='ltr'>poffet</span> 
     </span>
     <span class='ocr_line' id='line_1_64' title="bbox 1037 1282 1702 1332; baseline 0.011 -16"><span class='ocrx_word' id='word_1_310' title='bbox 1037 1282 1178 1329; x_wconf 86' lang='lat' dir='ltr'>sapiens,</span> <span class='ocrx_word' id='word_1_311' title='bbox 1207 1295 1266 1316; x_wconf 89' lang='lat' dir='ltr'>nec</span> <span class='ocrx_word' id='word_1_312' title='bbox 1289 1284 1421 1330; x_wconf 85' lang='lat' dir='ltr'>opinari</span> <span class='ocrx_word' id='word_1_313' title='bbox 1440 1285 1595 1332; x_wconf 82' lang='lat' dir='ltr'>sapientis</span> <span class='ocrx_word' id='word_1_314' title='bbox 1612 1289 1702 1324; x_wconf 80' lang='lat' dir='ltr'>esset.</span> 
     </span>
     <span class='ocr_line' id='line_1_65' title="bbox 1037 1331 1701 1382; baseline 0.009 -16"><span class='ocrx_word' id='word_1_315' title='bbox 1037 1332 1110 1373; x_wconf 89' lang='lat' dir='ltr'>Ille,</span> <span class='ocrx_word' id='word_1_316' title='bbox 1161 1331 1274 1372; x_wconf 84' lang='lat' dir='ltr'>credo,</span> <span class='ocrx_word' id='word_1_317' title='bbox 1330 1332 1413 1367; x_wconf 88' lang='lat' dir='ltr'>nihil</span> <span class='ocrx_word' id='word_1_318' title='bbox 1455 1335 1701 1382; x_wconf 87' lang='lat' dir='ltr'>opinaturum;</span> 
     </span>
     <span class='ocr_line' id='line_1_66' title="bbox 1037 1379 1702 1432; baseline 0.012 -19"><span class='ocrx_word' id='word_1_319' title='bbox 1037 1379 1202 1426; x_wconf 87' lang='lat' dir='ltr'>quoniam</span> <span class='ocrx_word' id='word_1_320' title='bbox 1220 1381 1299 1414; x_wconf 87' lang='lat' dir='ltr'>esset</span> <span class='ocrx_word' id='word_1_321' title='bbox 1317 1382 1412 1427; x_wconf 91' lang='lat' dir='ltr'>quod</span> <span class='ocrx_word' id='word_1_322' title='bbox 1433 1384 1562 1430; x_wconf 86' lang='lat' dir='ltr'>percipi</span> <span class='ocrx_word' id='word_1_323' title='bbox 1581 1387 1702 1432; x_wconf 75' lang='lat' dir='ltr'>posset.</span> 
     </span>
     <span class='ocr_line' id='line_1_67' title="bbox 1036 1428 1703 1477; baseline 0.013 -16"><span class='ocrx_word' id='word_1_324' title='bbox 1036 1428 1137 1476; x_wconf 83' lang='lat' dir='ltr'>Qid</span> <span class='ocrx_word' id='word_1_325' title='bbox 1161 1441 1244 1475; x_wconf 83' lang='lat' dir='ltr'>ergo</span> <span class='ocrx_word' id='word_1_326' title='bbox 1272 1430 1352 1464; x_wconf 76' lang='lat' dir='ltr'>esset</span> <span class='ocrx_word' id='word_1_327' title='bbox 1378 1430 1439 1466; x_wconf 86' lang='lat' dir='ltr'>id?</span> <span class='ocrx_word' id='word_1_328' title='bbox 1471 1433 1606 1477; x_wconf 85' lang='lat' dir='ltr'>Visum,</span> <span class='ocrx_word' id='word_1_329' title='bbox 1632 1447 1703 1470; x_wconf 86' lang='lat' dir='ltr'>cre·</span> 
     </span>
     <span class='ocr_line' id='line_1_68' title="bbox 1037 1478 1702 1526; baseline 0.011 -14"><span class='ocrx_word' id='word_1_330' title='bbox 1037 1479 1093 1513; x_wconf 91' lang='lat' dir='ltr'>do.</span> <span class='ocrx_word' id='word_1_331' title='bbox 1139 1479 1255 1523; x_wconf 84' lang='lat' dir='ltr'>Quale</span> <span class='ocrx_word' id='word_1_332' title='bbox 1270 1478 1375 1525; x_wconf 82' lang='lat' dir='ltr'>igitur</span> <span class='ocrx_word' id='word_1_333' title='bbox 1388 1481 1517 1526; x_wconf 82' lang='lat' dir='ltr'>visum?</span> <span class='ocrx_word' id='word_1_334' title='bbox 1544 1483 1642 1518; x_wconf 91' lang='lat' dir='ltr'>Tum</span> <span class='ocrx_word' id='word_1_335' title='bbox 1664 1483 1702 1518; x_wconf 94' lang='lat' dir='ltr'>il-</span> 
     </span>
     <span class='ocr_line' id='line_1_69' title="bbox 1040 1527 1702 1578; baseline 0.009 -17"><span class='ocrx_word' id='word_1_336' title='bbox 1040 1527 1113 1561; x_wconf 90' lang='lat' dir='ltr'>lum</span> <span class='ocrx_word' id='word_1_337' title='bbox 1133 1527 1179 1561; x_wconf 90' lang='lat' dir='ltr'>ita</span> <span class='ocrx_word' id='word_1_338' title='bbox 1196 1527 1395 1571; x_wconf 78' lang='lat' dir='ltr'>definivisse,</span> <span class='ocrx_word' id='word_1_339' title='bbox 1413 1541 1448 1564; x_wconf 85' lang='lat' dir='ltr'>ex</span> <span class='ocrx_word' id='word_1_340' title='bbox 1465 1542 1510 1573; x_wconf 84' lang='lat' dir='ltr'>eo,</span> <span class='ocrx_word' id='word_1_341' title='bbox 1529 1531 1610 1578; x_wconf 85' lang='lat' dir='ltr'>quod</span> <span class='ocrx_word' id='word_1_342' title='bbox 1623 1531 1702 1578; x_wconf 73' lang='lat' dir='ltr'>effi’t,</span> 
     </span>
     <span class='ocr_line' id='line_1_70' title="bbox 1025 1575 1705 1627; baseline 0.01 -18"><span class='ocrx_word' id='word_1_343' title='bbox 1025 1577 1110 1619; x_wconf 67' lang='lat' dir='ltr'>ficut</span> <span class='ocrx_word' id='word_1_344' title='bbox 1127 1575 1207 1622; x_wconf 67' lang='lat' dir='ltr'>estet,</span> <span class='ocrx_word' id='word_1_345' title='bbox 1233 1576 1418 1623; x_wconf 76' lang='lat' dir='ltr'>impreffiam,</span> <span class='ocrx_word' id='word_1_346' title='bbox 1445 1588 1473 1613; x_wconf 85' lang='lat' dir='ltr'>et</span> <span class='ocrx_word' id='word_1_347' title='bbox 1482 1581 1651 1627; x_wconf 79' lang='lat' dir='ltr'>fignatum‚</span> <span class='ocrx_word' id='word_1_348' title='bbox 1675 1591 1705 1616; x_wconf 83' lang='lat' dir='ltr'>et</span> 
     </span>
     <span class='ocr_line' id='line_1_71' title="bbox 1036 1624 1702 1673; baseline 0.009 -14"><span class='ocrx_word' id='word_1_349' title='bbox 1036 1624 1176 1669; x_wconf 66' lang='lat' dir='ltr'>effic‘Yum.</span> <span class='ocrx_word' id='word_1_350' title='bbox 1217 1625 1297 1660; x_wconf 87' lang='lat' dir='ltr'>l&#39;ost</span> <span class='ocrx_word' id='word_1_351' title='bbox 1316 1627 1528 1672; x_wconf 88' lang='lat' dir='ltr'>requisitum,</span> <span class='ocrx_word' id='word_1_352' title='bbox 1544 1629 1702 1673; x_wconf 85' lang='lat' dir='ltr'>etiamne,</span> 
     </span>
     <span class='ocr_line' id='line_1_72' title="bbox 1038 1673 1704 1722; baseline 0.009 -14"><span class='ocrx_word' id='word_1_353' title='bbox 1038 1675 1061 1709; x_wconf 93' lang='lat' dir='ltr'>si</span> <span class='ocrx_word' id='word_1_354' title='bbox 1103 1673 1268 1720; x_wconf 89' lang='lat' dir='ltr'>ejusmodi</span> <span class='ocrx_word' id='word_1_355' title='bbox 1310 1674 1390 1709; x_wconf 83' lang='lat' dir='ltr'>effet</span> <span class='ocrx_word' id='word_1_356' title='bbox 1425 1677 1533 1712; x_wconf 87' lang='lat' dir='ltr'>visum</span> <span class='ocrx_word' id='word_1_357' title='bbox 1570 1691 1704 1722; x_wconf 84' lang='lat' dir='ltr'>verum,</span> 
     </span>
    </p>
   </div>
   <div class='ocr_carea' id='block_1_7' title="bbox 1037 1722 1706 2554">
    <p class='ocr_par' dir='ltr' id='par_1_8' title="bbox 1037 1722 1706 2554">
     <span class='ocr_line' id='line_1_73' title="bbox 1037 1722 1704 1770; baseline 0.01 -14"><span class='ocrx_word' id='word_1_358' title='bbox 1037 1723 1140 1770; x_wconf 87' lang='lat' dir='ltr'>quale</span> <span class='ocrx_word' id='word_1_359' title='bbox 1162 1724 1217 1756; x_wconf 91' lang='lat' dir='ltr'>vel</span> <span class='ocrx_word' id='word_1_360' title='bbox 1244 1722 1377 1757; x_wconf 84' lang='lat' dir='ltr'>falsum.</span> <span class='ocrx_word' id='word_1_361' title='bbox 1422 1725 1495 1760; x_wconf 79' lang='lat' dir='ltr'>Hic</span> <span class='ocrx_word' id='word_1_362' title='bbox 1526 1727 1704 1762; x_wconf 87' lang='lat' dir='ltr'>Zenonem</span> 
     </span>
     <span class='ocr_line' id='line_1_74' title="bbox 1037 1771 1703 1819; baseline 0.011 -14"><span class='ocrx_word' id='word_1_363' title='bbox 1037 1771 1156 1806; x_wconf 81' lang='lat' dir='ltr'>vidisse</span> <span class='ocrx_word' id='word_1_364' title='bbox 1178 1782 1289 1814; x_wconf 88' lang='lat' dir='ltr'>acute,</span> <span class='ocrx_word' id='word_1_365' title='bbox 1317 1773 1452 1808; x_wconf 89' lang='lat' dir='ltr'>nullum</span> <span class='ocrx_word' id='word_1_366' title='bbox 1487 1776 1550 1810; x_wconf 81' lang='lat' dir='ltr'>esse</span> <span class='ocrx_word' id='word_1_367' title='bbox 1581 1776 1703 1819; x_wconf 89' lang='lat' dir='ltr'>visum,</span> 
     </span>
     <span class='ocr_line' id='line_1_75' title="bbox 1038 1820 1705 1869; baseline 0.012 -16"><span class='ocrx_word' id='word_1_368' title='bbox 1038 1820 1133 1867; x_wconf 90' lang='lat' dir='ltr'>quod</span> <span class='ocrx_word' id='word_1_369' title='bbox 1153 1820 1282 1869; x_wconf 81' lang='lat' dir='ltr'>percipi</span> <span class='ocrx_word' id='word_1_370' title='bbox 1301 1821 1420 1868; x_wconf 74' lang='lat' dir='ltr'>posset,</span> <span class='ocrx_word' id='word_1_371' title='bbox 1449 1823 1471 1857; x_wconf 84' lang='lat' dir='ltr'>si</span> <span class='ocrx_word' id='word_1_372' title='bbox 1492 1824 1523 1858; x_wconf 83' lang='lat' dir='ltr'>id</span> <span class='ocrx_word' id='word_1_373' title='bbox 1543 1825 1609 1859; x_wconf 90' lang='lat' dir='ltr'>tale</span> <span class='ocrx_word' id='word_1_374' title='bbox 1625 1826 1705 1861; x_wconf 82' lang='lat' dir='ltr'>effet</span> 
     </span>
     <span class='ocr_line' id='line_1_76' title="bbox 1039 1870 1704 1919; baseline 0.009 -16"><span class='ocrx_word' id='word_1_375' title='bbox 1039 1870 1082 1903; x_wconf 92' lang='lat' dir='ltr'>ab</span> <span class='ocrx_word' id='word_1_376' title='bbox 1107 1881 1160 1910; x_wconf 90' lang='lat' dir='ltr'>eo,</span> <span class='ocrx_word' id='word_1_377' title='bbox 1191 1870 1289 1916; x_wconf 90' lang='lat' dir='ltr'>quod</span> <span class='ocrx_word' id='word_1_378' title='bbox 1315 1870 1372 1912; x_wconf 89' lang='lat' dir='ltr'>est,</span> <span class='ocrx_word' id='word_1_379' title='bbox 1401 1882 1439 1906; x_wconf 92' lang='lat' dir='ltr'>ut</span> <span class='ocrx_word' id='word_1_380' title='bbox 1465 1871 1630 1919; x_wconf 84' lang='lat' dir='ltr'>ejusmodi</span> <span class='ocrx_word' id='word_1_381' title='bbox 1660 1875 1704 1910; x_wconf 91' lang='lat' dir='ltr'>ab</span> 
     </span>
     <span class='ocr_line' id='line_1_77' title="bbox 1038 1918 1706 1967; baseline 0.01 -15"><span class='ocrx_word' id='word_1_382' title='bbox 1038 1929 1091 1960; x_wconf 91' lang='lat' dir='ltr'>eo,</span> <span class='ocrx_word' id='word_1_383' title='bbox 1106 1918 1202 1964; x_wconf 88' lang='lat' dir='ltr'>quod</span> <span class='ocrx_word' id='word_1_384' title='bbox 1219 1930 1286 1953; x_wconf 88' lang='lat' dir='ltr'>non</span> <span class='ocrx_word' id='word_1_385' title='bbox 1299 1919 1358 1960; x_wconf 87' lang='lat' dir='ltr'>est,</span> <span class='ocrx_word' id='word_1_386' title='bbox 1374 1921 1480 1967; x_wconf 80' lang='lat' dir='ltr'>posset</span> <span class='ocrx_word' id='word_1_387' title='bbox 1494 1923 1568 1957; x_wconf 79' lang='lat' dir='ltr'>effe.</span> <span class='ocrx_word' id='word_1_388' title='bbox 1599 1924 1706 1958; x_wconf 64' lang='lat' dir='ltr'>Recte</span> 
     </span>
     <span class='ocr_line' id='line_1_78' title="bbox 1037 1967 1704 2016; baseline 0.01 -15"><span class='ocrx_word' id='word_1_389' title='bbox 1037 1967 1201 2001; x_wconf 84' lang='lat' dir='ltr'>consensit</span> <span class='ocrx_word' id='word_1_390' title='bbox 1234 1968 1425 2016; x_wconf 77' lang='lat' dir='ltr'>Arcesilas:</span> <span class='ocrx_word' id='word_1_391' title='bbox 1463 1971 1505 2005; x_wconf 86' lang='lat' dir='ltr'>ad</span> <span class='ocrx_word' id='word_1_392' title='bbox 1535 1972 1704 2008; x_wconf 90' lang='lat' dir='ltr'>definitio-</span> 
     </span>
     <span class='ocr_line' id='line_1_79' title="bbox 1038 2016 1703 2065; baseline 0.011 -16"><span class='ocrx_word' id='word_1_393' title='bbox 1038 2027 1115 2050; x_wconf 87' lang='lat' dir='ltr'>nem</span> <span class='ocrx_word' id='word_1_394' title='bbox 1135 2016 1313 2052; x_wconf 79' lang='lat' dir='ltr'>additum:</span> <span class='ocrx_word' id='word_1_395' title='bbox 1345 2030 1457 2065; x_wconf 87' lang='lat' dir='ltr'>neque</span> <span class='ocrx_word' id='word_1_396' title='bbox 1473 2019 1563 2055; x_wconf 91' lang='lat' dir='ltr'>enim</span> <span class='ocrx_word' id='word_1_397' title='bbox 1581 2020 1703 2056; x_wconf 87' lang='lat' dir='ltr'>falsum</span> 
     </span>
     <span class='ocr_line' id='line_1_80' title="bbox 1040 2064 1703 2113; baseline 0.012 -15"><span class='ocrx_word' id='word_1_398' title='bbox 1040 2064 1169 2112; x_wconf 87' lang='lat' dir='ltr'>percipi</span> <span class='ocrx_word' id='word_1_399' title='bbox 1189 2066 1291 2111; x_wconf 78' lang='lat' dir='ltr'>posse,</span> <span class='ocrx_word' id='word_1_400' title='bbox 1320 2078 1430 2113; x_wconf 89' lang='lat' dir='ltr'>neque</span> <span class='ocrx_word' id='word_1_401' title='bbox 1447 2081 1581 2112; x_wconf 86' lang='lat' dir='ltr'>verum,</span> <span class='ocrx_word' id='word_1_402' title='bbox 1609 2070 1631 2104; x_wconf 92' lang='lat' dir='ltr'>si</span> <span class='ocrx_word' id='word_1_403' title='bbox 1657 2070 1703 2105; x_wconf 89' lang='lat' dir='ltr'>es-</span> 
     </span>
     <span class='ocr_line' id='line_1_81' title="bbox 1040 2113 1700 2163; baseline 0.011 -16"><span class='ocrx_word' id='word_1_404' title='bbox 1040 2113 1086 2148; x_wconf 91' lang='lat' dir='ltr'>set</span> <span class='ocrx_word' id='word_1_405' title='bbox 1111 2114 1177 2148; x_wconf 81' lang='lat' dir='ltr'>tale</span> <span class='ocrx_word' id='word_1_406' title='bbox 1201 2126 1335 2157; x_wconf 88' lang='lat' dir='ltr'>verum,</span> <span class='ocrx_word' id='word_1_407' title='bbox 1362 2118 1464 2163; x_wconf 89' lang='lat' dir='ltr'>quale</span> <span class='ocrx_word' id='word_1_408' title='bbox 1488 2118 1543 2152; x_wconf 87' lang='lat' dir='ltr'>vel</span> <span class='ocrx_word' id='word_1_409' title='bbox 1566 2118 1700 2154; x_wconf 81' lang='lat' dir='ltr'>salsum.</span> 
     </span>
     <span class='ocr_line' id='line_1_82' title="bbox 1038 2162 1703 2214; baseline 0.009 -18"><span class='ocrx_word' id='word_1_410' title='bbox 1038 2162 1203 2197; x_wconf 89' lang='lat' dir='ltr'>Incubuit</span> <span class='ocrx_word' id='word_1_411' title='bbox 1229 2174 1342 2198; x_wconf 86' lang='lat' dir='ltr'>autem</span> <span class='ocrx_word' id='word_1_412' title='bbox 1370 2165 1404 2199; x_wconf 89' lang='lat' dir='ltr'>in</span> <span class='ocrx_word' id='word_1_413' title='bbox 1429 2178 1484 2201; x_wconf 87' lang='lat' dir='ltr'>eas</span> <span class='ocrx_word' id='word_1_414' title='bbox 1503 2166 1703 2214; x_wconf 88' lang='lat' dir='ltr'>disputatio-</span> 
     </span>
     <span class='ocr_line' id='line_1_83' title="bbox 1039 2212 1704 2254; baseline 0.008 -8"><span class='ocrx_word' id='word_1_415' title='bbox 1039 2223 1109 2252; x_wconf 85' lang='lat' dir='ltr'>nes,</span> <span class='ocrx_word' id='word_1_416' title='bbox 1136 2223 1175 2246; x_wconf 92' lang='lat' dir='ltr'>ut</span> <span class='ocrx_word' id='word_1_417' title='bbox 1201 2212 1350 2254; x_wconf 90' lang='lat' dir='ltr'>doceret,</span> <span class='ocrx_word' id='word_1_418' title='bbox 1378 2215 1513 2249; x_wconf 90' lang='lat' dir='ltr'>nullum</span> <span class='ocrx_word' id='word_1_419' title='bbox 1545 2216 1612 2250; x_wconf 90' lang='lat' dir='ltr'>tale</span> <span class='ocrx_word' id='word_1_420' title='bbox 1640 2217 1704 2251; x_wconf 79' lang='lat' dir='ltr'>effe</span> 
     </span>
     <span class='ocr_line' id='line_1_84' title="bbox 1039 2259 1702 2310; baseline 0.009 -16"><span class='ocrx_word' id='word_1_421' title='bbox 1039 2259 1151 2295; x_wconf 90' lang='lat' dir='ltr'>visum</span> <span class='ocrx_word' id='word_1_422' title='bbox 1165 2273 1184 2295; x_wconf 90' lang='lat' dir='ltr'>a</span> <span class='ocrx_word' id='word_1_423' title='bbox 1201 2273 1294 2302; x_wconf 90' lang='lat' dir='ltr'>vero,</span> <span class='ocrx_word' id='word_1_424' title='bbox 1322 2271 1361 2296; x_wconf 86' lang='lat' dir='ltr'>ut</span> <span class='ocrx_word' id='word_1_425' title='bbox 1377 2274 1444 2297; x_wconf 92' lang='lat' dir='ltr'>non</span> <span class='ocrx_word' id='word_1_426' title='bbox 1463 2262 1611 2310; x_wconf 89' lang='lat' dir='ltr'>ejusdem</span> <span class='ocrx_word' id='word_1_427' title='bbox 1629 2277 1702 2300; x_wconf 88' lang='lat' dir='ltr'>ino-</span> 
     </span>
     <span class='ocr_line' id='line_1_85' title="bbox 1039 2308 1704 2357; baseline 0.008 -14"><span class='ocrx_word' id='word_1_428' title='bbox 1039 2309 1074 2343; x_wconf 89' lang='lat' dir='ltr'>di</span> <span class='ocrx_word' id='word_1_429' title='bbox 1088 2312 1190 2344; x_wconf 86' lang='lat' dir='ltr'>etiam</span> <span class='ocrx_word' id='word_1_430' title='bbox 1204 2321 1223 2343; x_wconf 90' lang='lat' dir='ltr'>a</span> <span class='ocrx_word' id='word_1_431' title='bbox 1240 2308 1324 2345; x_wconf 90' lang='lat' dir='ltr'>falso</span> <span class='ocrx_word' id='word_1_432' title='bbox 1342 2312 1442 2357; x_wconf 87' lang='lat' dir='ltr'>possit</span> <span class='ocrx_word' id='word_1_433' title='bbox 1458 2313 1532 2347; x_wconf 79' lang='lat' dir='ltr'>esse.</span> <span class='ocrx_word' id='word_1_434' title='bbox 1578 2314 1608 2348; x_wconf 89' lang='lat' dir='ltr'>Is</span> <span class='ocrx_word' id='word_1_435' title='bbox 1622 2326 1704 2348; x_wconf 90' lang='lat' dir='ltr'>cum</span> 
     </span>
     <span class='ocr_line' id='line_1_86' title="bbox 1039 2359 1703 2406; baseline 0.008 -14"><span class='ocrx_word' id='word_1_436' title='bbox 1039 2360 1169 2393; x_wconf 90' lang='lat' dir='ltr'>arderet</span> <span class='ocrx_word' id='word_1_437' title='bbox 1183 2360 1345 2406; x_wconf 86' lang='lat' dir='ltr'>podagrae</span> <span class='ocrx_word' id='word_1_438' title='bbox 1359 2359 1551 2403; x_wconf 85' lang='lat' dir='ltr'>doloribus,</span> <span class='ocrx_word' id='word_1_439' title='bbox 1577 2362 1703 2397; x_wconf 91' lang='lat' dir='ltr'>visitas-</span> 
     </span>
     <span class='ocr_line' id='line_1_87' title="bbox 1040 2406 1704 2459; baseline 0.008 -18"><span class='ocrx_word' id='word_1_440' title='bbox 1040 2406 1156 2454; x_wconf 87' lang='lat' dir='ltr'>setque</span> <span class='ocrx_word' id='word_1_441' title='bbox 1184 2407 1357 2442; x_wconf 89' lang='lat' dir='ltr'>hominem</span> <span class='ocrx_word' id='word_1_442' title='bbox 1389 2409 1591 2453; x_wconf 88' lang='lat' dir='ltr'>Carneades,</span> <span class='ocrx_word' id='word_1_443' title='bbox 1617 2411 1704 2459; x_wconf 87' lang='lat' dir='ltr'>Epi-</span> 
     </span>
     <span class='ocr_line' id='line_1_88' title="bbox 1039 2455 1702 2503; baseline 0.008 -13"><span class='ocrx_word' id='word_1_444' title='bbox 1039 2456 1113 2490; x_wconf 91' lang='lat' dir='ltr'>curi</span> <span class='ocrx_word' id='word_1_445' title='bbox 1131 2455 1380 2503; x_wconf 85' lang='lat' dir='ltr'>perfamiliaris,</span> <span class='ocrx_word' id='word_1_446' title='bbox 1406 2467 1440 2492; x_wconf 92' lang='lat' dir='ltr'>et</span> <span class='ocrx_word' id='word_1_447' title='bbox 1466 2459 1567 2493; x_wconf 89' lang='lat' dir='ltr'>tristis</span> <span class='ocrx_word' id='word_1_448' title='bbox 1584 2460 1702 2503; x_wconf 85' lang='lat' dir='ltr'>exiret,</span> 
     </span>
     <span class='ocr_line' id='line_1_89' title="bbox 1039 2504 1703 2554; baseline 0.009 -15"><span class='ocrx_word' id='word_1_449' title='bbox 1039 2504 1149 2539; x_wconf 87' lang='lat' dir='ltr'>Mane</span> <span class='ocrx_word' id='word_1_450' title='bbox 1186 2505 1318 2553; x_wconf 80' lang='lat' dir='ltr'>quaeso,</span> <span class='ocrx_word' id='word_1_451' title='bbox 1361 2505 1486 2554; x_wconf 85' lang='lat' dir='ltr'>inquit,</span> <span class='ocrx_word' id='word_1_452' title='bbox 1529 2508 1703 2545; x_wconf 86' lang='lat' dir='ltr'>Carneade</span> 
     </span>
    </p>
   </div>
  </div>
 </body>
</html>
