2241 2994
514 236 595 278 344

512 324 540 340 “
557 319 675 354 currit.
727 318 840 367 Qsod
867 318 930 353 ubi
962 318 1086 354 Cicero
1111 317 1182 353 ani-

829 222 896 263 M.
955 223 1010 263 T.
1069 220 1601 262 CICERONIS

1232 329 1306 358 cem,
1341 324 1434 363 caput
1455 317 1620 362 praecisum
1646 315 1686 361 est
1698 329 1709 351 .·
1739 325 1793 350 nec
1817 314 1904 361 s'atis

512 371 540 389 “
559 367 754 409 madvertit,
800 367 911 402 servos
944 367 1101 403 lecticam
1135 366 1183 402 ibi
1224 365 1346 411 stolidae
1369 366 1544 401 crudelitati
1574 365 1706 400 militum
1727 364 1811 410 fuit,
1836 376 1903 399 ma-

514 420 539 437 “
557 417 727 462 deponere
737 415 870 463 jusfit.”

564 467 661 507 Satis,
687 465 803 512 inquit
818 463 958 507 Livius,
983 464 1106 508 constat,
1114 463 1184 510 ser-

512 525 570 549 vos
578 514 714 558 fortiter
726 513 922 561 fideliterque
948 521 1084 559 paratos
1095 511 1186 558 fuiffe

512 561 558 597 ad
575 562 804 597 dimicandum:
833 563 930 607 ipsum
960 561 1069 606 deponi
1097 561 1184 594 tetti-

512 623 592 652 cam,
619 619 649 646 et
666 613 779 658 quietos
796 613 881 657 pati,
906 610 986 658 quod
991 611 1062 655 sors
1080 611 1186 656 iniqua

513 668 646 707 cogeret,
673 659 797 706 juffiffe.
849 659 1037 706 Appianus
1071 657 1187 692 scribit

514 709 646 743 multos
662 707 850 743 discurrisse
866 717 1072 754 quaercntes,
1101 717 1184 740 num

515 757 646 792 alicubi
665 757 788 792 Cicero
802 756 894 790 visus
911 755 1013 790 esset:
1033 765 1187 801 cumque

515 806 574 840 alii
613 804 850 840 benevolentia
890 813 925 838 et
958 803 1186 838 misericordia

515 854 663 902 permoti
681 865 761 888 eum
780 853 814 887 in
841 852 912 887 alto
933 852 998 886 esse
1015 851 1185 893 dixissent,

515 903 675 938 clientem
715 901 832 937 Clodii
868 900 1022 936 acerrimi
1055 900 1186 935 inimici

516 951 690 987 Ciceronis
709 950 849 997 Popilio
877 949 1015 984 Laenati
1046 949 1188 984 tribuno

515 999 670 1036 militum
688 999 846 1034 indicasse
864 998 967 1040 viarn,
982 1009 1053 1045 qua
1070 997 1190 1032 lectica

514 1049 779 1096 deportabatur,
812 1059 854 1082 eo
884 1046 983 1082 illum
1017 1046 1185 1093 irrupisse,

515 1108 552 1133 et
577 1109 659 1132 cum
683 1097 794 1131 servos
824 1096 926 1142 longe
947 1096 1063 1142 plures
1080 1106 1187 1141 quam

517 1146 587 1194 ipse
620 1146 733 1181 secum
767 1144 916 1179 habebat
949 1144 992 1178 ad
1020 1143 1188 1178 dimican-

516 1195 603 1230 dum
633 1203 770 1242 paratos
800 1192 945 1234 vidisset,
979 1192 1101 1227 callide
1129 1203 1188 1227 ex-

517 1244 685 1285 clamasse,
711 1242 860 1283 Tribuni,
901 1243 955 1288 qui
987 1243 1021 1275 in
1053 1249 1188 1276 extremo

517 1295 640 1340 agmine
647 1292 738 1337 sunt,
754 1290 974 1338 ingrediantur
986 1304 997 1325 :
1030 1300 1105 1325 turn
1123 1290 1188 1325 ser-

517 1353 582 1377 vos
600 1340 763 1388 majorem
785 1339 1045 1375 multitudinem
1062 1351 1188 1387 expec-

517 1400 627 1426 tantes
645 1389 840 1437 perterritos
857 1386 966 1423 fuisse.

568 1439 687 1480 Cicero,
712 1438 759 1472 ait
777 1436 943 1472 Aufidius
962 1437 1078 1472 Bassus
1096 1436 1191 1484 apud

518 1488 670 1528 Senecam,
703 1487 830 1533 paulum
856 1494 971 1520 remoto
996 1485 1078 1528 velo,
1106 1485 1190 1532 post-

516 1549 609 1584 quam
626 1543 766 1571 armatos
781 1534 880 1577 vidit,
909 1534 987 1581 Ego
1010 1546 1091 1570 vero
1109 1546 1191 1569 con-

520 1585 611 1628 sisto,
636 1587 683 1620 ait
698 1598 709 1618 .·
751 1584 874 1618 accede
902 1593 1070 1625 veterane,
1095 1593 1141 1625 et,
1167 1583 1192 1618 si

521 1634 588 1670 hoc
606 1634 722 1669 saltem
753 1642 850 1680 potes
882 1632 970 1667 reste
991 1631 1114 1674 facere,
1142 1632 1192 1667 in-

520 1683 598 1718 cide
647 1681 827 1717 cervicem.
877 1681 1038 1716 Trementi
1086 1680 1195 1717 deinde

518 1731 746 1778 dubit-antique,
771 1729 872 1777 Qid
890 1729 914 1764 s1
933 1729 974 1764 ad
993 1741 1059 1771 me,
1082 1732 1192 1777 inquit,

521 1779 675 1829 primum
692 1779 862 1814 venissetis
877 1778 891 1813 ?

570 1829 752 1864 Butridius
768 1827 880 1876 Niger
900 1826 994 1875 apud
1018 1826 1191 1863 eundem:

521 1878 655 1924 Elapsus
684 1878 812 1912 interim
847 1876 952 1911 altera
980 1883 1080 1923 parte
1107 1876 1194 1911 villae

523 1927 633 1962 Cicero
666 1925 773 1962 leltica
801 1935 860 1972 per
896 1936 992 1972 agros
1014 1925 1192 1972 serebatur.

521 1977 582 2011 Sed
596 1983 633 2011 ut
648 1975 732 2010 vidit
749 1977 1001 2023 appropinquare
1016 1982 1119 2009 notum
1127 1973 1194 2018 fibi

521 2025 652 2060 militem
670 2023 831 2070 Popilium
854 2025 985 2064 nomine,
1009 2035 1119 2058 memor
1143 2022 1194 2057 de-

513 2073 639 2120 sensttn·
670 2085 692 2107 a
712 2074 761 2118 se,
799 2071 915 2107 Iaetiore
943 2071 1034 2106 vultu
1064 2071 1193 2117 aspexit.

523 2124 570 2158 At
586 2121 651 2164 ille,
677 2121 848 2156 vietoribus
868 2121 997 2166 idipsum
1022 2122 1193 2166 imputatu-

522 2184 578 2207 rus
606 2179 737 2216 occupat
757 2169 903 2215 facinus,
939 2177 1089 2217 caputque
1114 2169 1194 2203 deci-

512 2221 600 2264 sum,
626 2220 712 2254 nihil
724 2222 757 2253 in
773 2219 881 2254 ultimo
888 2218 957 2261 fine
973 2220 1052 2253 vita
1069 2218 1193 2264 sacien-

521 2273 576 2312 ιι),
602 2268 684 2316 quod
708 2268 899 2303 alterutram
916 2271 950 2302 in
963 2276 1091 2313 partem
1104 2267 1195 2313 prgffet

522 2320 639 2359 notari,
680 2319 816 2353 Antonio
846 2324 971 2362 portat,
1014 2316 1127 2351 oblitus
1162 2315 1197 2363 se

521 2367 617 2414 pardo
633 2375 707 2402 ante
722 2366 873 2413 desenfiam
889 2366 932 2401 ab
946 2365 1010 2401 illo.

574 2416 783 2457 Prominenti,
824 2415 937 2463 inquit
979 2413 1117 2455 Livius,
1160 2425 1197 2448 ex

521 2463 644 2509 latua,
665 2465 875 2513 pra-bentiquoe
909 2467 1064 2502 inmotam
1093 2465 1197 2500 cervi·

1234 426 1290 449 nus
1305 427 1428 462 quoque,
1446 414 1593 461 scripfiffl
1612 413 1734 462 aliquid
1747 415 1781 447 in
1800 414 1902 448 Anto-

1234 466 1317 498 nium
1333 464 1564 508 exprobrantes,
1584 463 1802 507 praeciderunt.

1284 511 1514 547 Plutarchus:
1544 515 1568 531 “
1588 512 1710 546 Cicero
1733 519 1903 553 mentum,

1235 563 1260 580 ‘⁶
1280 560 1326 595 ita
1356 570 1396 594 ut
1428 559 1659 602 consueverat,
1697 570 1839 606 tangens
1870 559 1904 593 in

1236 613 1260 628 “
1278 607 1532 655 percussoribus
1561 609 1683 642 oculos
1713 607 1906 642 constanter

1236 660 1262 676 “
1280 656 1368 698 fixit,
1392 655 1557 703 squaloris
1576 656 1710 702 plenuS,
1727 666 1761 690 et
1778 655 1907 702 capillo

1237 709 1261 725 “
1279 705 1421 739 demisso
1438 705 1616 752 macieque
1631 705 1679 740 ob
1706 703 1906 740 sollicitudi-

1236 757 1261 773 “
1280 765 1338 788 nes
1355 752 1533 788 confectus
1550 771 1559 795 ;
1586 753 1695 800 usque
1710 764 1752 788 eo
1769 762 1809 788 ut
1826 752 1905 800 plu-

1234 805 1260 822 “
1279 801 1370 844 rimi,
1397 802 1576 837 Herennio
1601 814 1682 837 eum
1710 801 1905 849 jugulante,

1235 854 1260 870 “
1278 851 1393 898 capita
1407 851 1636 886 obnuberent.
1687 849 1832 886 Occisus
1857 849 1907 885 est

1237 904 1261 919 “
1280 899 1439 946 praebens
1471 899 1639 934 cervicem
1680 909 1777 934 extra
1814 898 1907 933 lecti.

1239 951 1264 968 “
1285 960 1374 990 cam,
1416 960 1498 983 cum
1533 959 1662 983 annum
1698 946 1772 994 jam
1816 959 1906 983 txiv

1239 1000 1264 1016 “
1282 1006 1407 1043 ageret.
1459 996 1625 1031 Praecidit
1649 996 1698 1031 illi
1718 995 1813 1042 juffu
1833 998 1909 1031 An-

1236 1049 1261 1065 “
1281 1044 1365 1080 tonii
1399 1055 1507 1091 caput
1539 1055 1573 1080 et
1602 1057 1738 1086 manus,
1776 1043 1909 1092 quibus

1237 1098 1261 1114 “
1280 1093 1494 1141 Philippicas
1511 1093 1720 1142 scripserat.”

1287 1144 1389 1183 Vixit,
1415 1143 1462 1178 ait
1478 1142 1619 1185 Livius,
1645 1151 1708 1178 tres
1722 1149 1752 1178 et
1761 1142 1908 1189 sexagin-

1238 1198 1274 1226 ta
1290 1202 1385 1226 annos
1399 1204 1410 1225 :
1437 1199 1486 1234 ut,
1502 1191 1538 1235 fi
1551 1193 1605 1226 vis
1621 1189 1778 1238 obfuiffet,
1796 1203 1833 1226 ne
1847 1193 1908 1226 im·

1237 1247 1364 1275 matura
1397 1240 1518 1288 quidem
1551 1253 1632 1276 mors
1664 1241 1769 1276 videri
1807 1239 1907 1286 poffit.

1237 1288 1431 1324 Eusebius:
1460 1289 1568 1324 Cicero
1597 1292 1630 1325 in
1658 1291 1827 1324 Formiano
1847 1290 1910 1333 suo

1238 1337 1280 1372 ab
1296 1338 1453 1373 Herennio
1469 1346 1499 1373 et
1515 1338 1640 1385 Popilio
1656 1338 1804 1374 occiditur
1823 1349 1910 1373 ικιν

1238 1389 1345 1422 aetatis
1354 1388 1423 1433 sue
1437 1398 1530 1422 anno.

1292 1435 1503 1482 Appianus:
1533 1440 1556 1456 “
1575 1435 1700 1471 Occiso
1729 1435 1910 1478 Cicerone,

1241 1489 1266 1504 “
1285 1484 1429 1531 quidam
1445 1485 1557 1532 equis,
1584 1484 1642 1519 alii
1659 1484 1805 1531 navigiis
1823 1484 1912 1519 inci·

1243 1537 1268 1553 “
1287 1533 1365 1568 tatis
1393 1534 1625 1581 properabant
1643 1533 1802 1568 Antonio
1819 1533 1913 1569 hunc

1243 1587 1267 1602 “
1287 1582 1448 1617 nuntium
1472 1581 1633 1630 perferre,
1656 1583 1758 1629 eique
1785 1581 1818 1617 in
1835 1580 1915 1617 foro

1243 1635 1270 1651 “
1289 1630 1413 1666 sedenti
1432 1631 1560 1667 Laenas
1586 1641 1691 1679 caput
1713 1641 1747 1666 et
1771 1642 1914 1666 manum

1246 1684 1270 1700 “
1287 1679 1422 1715 eminus
1440 1680 1597 1715 ostendit.
1626 1681 1713 1727 Qio
1732 1679 1788 1715 ille
1806 1680 1915 1715 maxi·

1244 1732 1269 1749 “
1288 1739 1342 1763 me
1372 1729 1522 1771 laetatus,
1549 1729 1730 1763 tribunum
1761 1728 1914 1763 militum

1244 1782 1268 1798 “
1287 1778 1479 1819 coronavit,
1505 1788 1539 1812 et
1558 1777 1640 1812 H-S
1666 1777 1777 1812 decies
1800 1787 1913 1812 cente-

1244 1830 1269 1847 “
1288 1837 1332 1861 na
1359 1826 1469 1862 millia
1492 1826 1522 1861 ei
1554 1838 1618 1873 pro
1644 1826 1797 1861 maximo
1823 1838 1912 1873 prae-

1244 1879 1268 1895 “
1289 1874 1360 1910 mio
1377 1875 1485 1918 dedit,
1506 1875 1603 1922 quod
1622 1874 1794 1910 summurn
1811 1885 1845 1910 et
1864 1875 1912 1909 in-

1243 1927 1268 1945 “
1286 1923 1509 1960 sensissimum
1531 1923 1631 1960 suum
1660 1923 1837 1959 inimicum
1856 1935 1914 1959 oc-

1243 1977 1268 1994 “
1286 1972 1452 2009 cidisset.”

1296 2022 1504 2058 Plutarchus
1523 2036 1531 2057 ε
1576 2025 1601 2042 “
1627 2022 1720 2057 Cum
1763 2021 1917 2056 membra

1246 2075 1271 2091 “
1287 2071 1464 2107 Ciceronis
1483 2072 1634 2106 Romam
1653 2071 1782 2118 perlata
1798 2071 1916 2112 essent,

1245 2124 1270 2139 ‘⁸
1289 2121 1480 2161 Antonius,
1507 2121 1567 2167 qui
1595 2130 1670 2154 tum
1694 2117 1782 2154 forte
1807 2120 1916 2154 comi-

1246 2173 1270 2189 “
1289 2169 1336 2204 tia
1353 2169 1512 2209 habebat,
1534 2169 1572 2203 iis
1591 2168 1668 2203 visis
1685 2169 1913 2203 exclamavit:

1245 2223 1271 2238 ‘⁸
1290 2217 1577 2266 proscriptionem
1625 2216 1697 2263 jam
1745 2218 1916 2264 peractam

1246 2272 1269 2287 ‘⁸
1290 2266 1376 2302 esse:
1404 2277 1509 2315 caput
1528 2277 1642 2301 autem
1659 2276 1691 2301 et
1711 2278 1833 2301 manus
1853 2279 1917 2315 pro

1246 2321 1270 2336 ‘⁴
1291 2315 1423 2351 Rostris
1442 2315 1523 2364 poni
1549 2314 1657 2362 juslit,
1683 2314 1916 2362 spectaculum

1247 2370 1271 2385 ‘⁴
1292 2365 1500 2400 horrendum
1521 2364 1701 2406 Romanis,
1719 2364 1780 2417 qui
1801 2363 1829 2398 se
1847 2376 1916 2399 non

1247 2419 1272 2434 “
1290 2414 1467 2449 Ciceronis
1485 2414 1638 2453 vultum,
1661 2412 1714 2448 sed
1734 2413 1916 2459 imaginem

1248 2469 1273 2484 ‘⁸
1291 2463 1396 2499 animi
1413 2462 1695 2506 Antonii,videre
1710 2462 1919 2511 putabant.”
