2335 3009
732 221 839 268 AD
917 230 1320 273 BRUTUM.
1668 242 1725 291 91>

334 328 372 367 in
401 329 557 383 Caestzris
576 327 840 382 ‘interfici‘orez
870 330 1002 381 quanti
1031 329 1174 382 cestimet
1211 332 1266 386 (si
1279 333 1337 384 stt
1370 335 1568 374 commercio
1601 335 1720 388 locm)

325 393 434 447 pff,
461 394 558 433 nobis
575 394 794 440 auctoribus,
823 404 981 440 tantum,
1012 405 1187 449 quantum
1205 399 1365 451 profeffto
1378 402 1529 452 poterit,
1560 402 1723 454 quoniam

333 460 474 504 vivere,
504 469 540 498 et
560 460 732 512 pecunias
760 459 902 505 habere,
932 472 967 499 et
986 461 1059 500 dici
1073 463 1281 516 consulares,
1311 465 1470 503 volumus
1489 467 1508 504 .?
1541 469 1722 506 Caeterztm

333 525 564 578 nequicquam
575 526 731 579 perierit
749 526 806 565 ille
819 542 833 565 .·
863 527 963 582 cujus
981 527 1135 566 interitu
1154 528 1242 581 quid
1250 530 1516 582 gavisisumus,
1527 534 1569 583 st
1585 543 1722 571 mortuo

333 591 440 630 nihilo
467 592 779 644 minusst’rvituri
800 606 940 631 eramus
957 593 978 631 ?
1007 594 1124 632 Nulla
1151 607 1243 633 cura
1269 595 1498 635 adhibeatur.
1545 597 1615 635 Sed
1638 599 1726 636 mihi

326 657 436 709 prius
463 657 578 696 omnia
605 657 657 697 dii
680 657 820 711 deaeque
847 659 1059 711 eripuerint,
1091 673 1198 713 quam
1225 660 1318 699 illud
1327 661 1519 713 judicium,
1562 676 1628 715 quo
1656 677 1724 701 non

333 721 428 760 modo
455 722 578 761 heredi
607 722 693 774 ejus,
734 737 834 776 quem
861 723 981 768 occidi,
1017 738 1086 763 non
1121 724 1348 778 conceff’rim,
1390 726 1484 780 quod
1507 727 1544 765 in
1573 727 1630 766 illo
1658 742 1725 767 non

335 787 417 832 tuli,
433 787 506 841 fi’d
528 802 572 826 ne
593 789 704 840 patri
728 788 864 842 quidem
885 803 969 834 meo,
983 789 1028 840 si
1042 789 1254 844 reviviscat,
1285 800 1342 836 ut,
1364 792 1530 845 patiente
1548 805 1613 837 me,
1640 794 1726 846 plus

334 852 468 906 legibus
484 868 529 892 ac
533 853 670 906 senatu
682 854 798 907 pqffi't.
840 856 908 893 An
935 855 999 894 hoc
1017 854 1089 893 tibi
1106 855 1315 909 persucfitm
1333 856 1392 909 cst,
1408 858 1499 910 sore
1517 867 1661 896 caeteros
1680 858 1726 897 ab

335 918 525 964 eo'liberos,
555 933 622 972 quo
649 919 766 958 invito
793 919 890 959 nobis
909 919 946 958 in
965 919 1031 972 ista
1048 920 1202 960 civitate
1219 922 1312 960 locus
1329 924 1461 974 nonsit
1478 924 1500 962 ,2
1529 924 1608 974 Qui
1615 931 1727 976 porro

336 983 384 1028 id,
415 984 511 1037 quod
525 984 635 1037 petis,
650 984 746 1037 fieri
761 984 887 1038 potest,
919 996 961 1024 ut
984 985 1149 1039 impetres
1166 986 1186 1024 ,ἕ
1215 987 1337 1040 Rogas
1355 987 1446 1026 enim
1468 988 1558 1026 velit
1577 1001 1638 1027 nos
1643 990 1727 1042 fizl-

336 1064 401 1088 vos
417 1049 490 1102 effe.
538 1050 705 1089 Videntur
728 1065 812 1104 ergo
831 1051 903 1090 tibi
901 1052 1064 1103 salutem
1081 1053 1280 1105 accepturi,
1310 1066 1389 1092 cum
1410 1053 1528 1092 vitam
1547 1054 1726 1107 acceperi-

336 1128 413 1154 mus
425 1115 447 1154 ,Ρ
475 1128 594 1169 quam,
609 1115 654 1166 st
660 1116 769 1168 prius
787 1115 999 1155 dimittimus
1016 1116 1227 1169 dignitatem
1246 1126 1281 1156 et
1299 1117 1512 1163 llbertatem,
1534 1118 1726 1172 quipoffic-

333 1193 412 1219 mus
431 1180 588 1233 acctpere
603 1179 624 1218 ,ἕ
653 1182 719 1219 An
750 1190 807 1225 tu,
836 1181 960 1220 Romae
988 1180 1169 1227 habitare,
1199 1181 1240 1220 id
1256 1190 1371 1235 putas
1400 1182 1603 1222 incolumem
1631 1183 1691 1236 ff
1708 1185 1728 1222 ,ἒ

335 1247 423 1291 Res,
452 1259 521 1284 non
539 1245 646 1289 Iocus,
673 1253 813 1297 oportet
824 1245 975 1298 praestet
992 1245 1078 1296 istuc
1097 1246 1212 1284 mihi:
1242 1257 1352 1299 neque
1369 1247 1549 1286 incolumis
1552 1249 1626 1300 fui
1642 1252 1729 1288 Coe-

319 1311 416 1362 strre
433 1309 535 1355 vivo,
556 1309 624 1360 ngst
632 1309 859 1362 posteaquam
877 1307 969 1347 illud
986 1309 1142 1363 conscivi
1143 1309 1299 1361 facinus
1314 1328 1326 1355 ς
1357 1325 1466 1363 neque
1485 1313 1630 1364 ufqfflm
1649 1312 1735 1351 exul

336 1375 398 1428 ff
409 1374 557 1429 poffltn,
577 1375 674 1421 dunt,
690 1376 854 1428 servire,
876 1383 912 1414 et
924 1375 1015 1428 pati
1030 1375 1271 1420 contumelias,
1295 1376 1398 1429 pejus
1416 1375 1516 1415 odero
1535 1377 1636 1416 malis
1655 1391 1730 1415 om-

337 1441 439 1481 nibus
457 1441 550 1480 aliis.
594 1443 727 1481 Nonne
755 1441 819 1480 hoc
847 1440 894 1494 est
911 1441 949 1479 in
969 1440 1099 1495 easdem
1118 1441 1284 1481 tenebras
1307 1441 1460 1495 recidgffi
1475 1442 1496 1481 ἓ
1525 1443 1572 1481 ab
1591 1457 1640 1489 eo,
1672 1445 1736 1497 qui

337 1509 490 1563 tyranni
504 1522 626 1547 nomen
644 1507 775 1560 ascivit
777 1507 867 1559 fibi,
900 1507 1004 1563 (cum
1024 1507 1062 1546 in
1083 1507 1224 1547 Graecis
1243 1507 1456 1547 civitatibus
1475 1507 1582 1547 liberi
1599 1519 1732 1562 tyran-

337 1587 476 1618 norum,
495 1572 657 1627 opprffs
673 1572 756 1618 illis,
778 1572 891 1616 eodem
897 1571 1074 1626 supplicio
1091 1570 1327 1625 afficiantur)
1337 1573 1497 1627 petitur,
1514 1582 1556 1613 ut
1574 1574 1731 1614 vindices

337 1648 447 1693 atque
465 1637 673 1694 os‘preffires
691 1638 937 1678 dominationis
941 1638 1053 1692 salvi
1050 1639 1134 1690 fint
1151 1639 1172 1678 .?
1191 1641 1303 1679 Hanc
1322 1653 1384 1692 ego
1402 1639 1591 1679 civitatem
1610 1640 1735 1680 vzdere

338 1704 460 1750 velim,
480 1713 547 1743 aut
560 1713 688 1758 putem
707 1705 815 1744 ullam
829 1723 841 1750 ς
873 1718 954 1758 quae
970 1719 1014 1743 ne
1034 1705 1214 1744 traditam
1233 1704 1371 1758 quidem
1389 1714 1498 1757 atque
1516 1705 1733 1744 inculcatam

338 1769 543 1809 libertatem
567 1770 723 1824 rectpere
735 1769 838 1823 poſjit
852 1787 864 1815 ς
889 1770 1038 1823 plusque
1053 1770 1179 1808 timeat
1198 1769 1236 1808 in
1247 1779 1360 1823 puero
1380 1782 1502 1809 nomen
1506 1769 1654 1822 sublati
1668 1785 1731 1809 re-

335 1836 408 1890 gis,
429 1850 534 1889 quam
553 1835 800 1888 confidatstbi,
821 1849 900 1875 cum
918 1835 1017 1874 illum
1037 1835 1161 1888 tpsum‚
1182 1835 1248 1888 qui
1261 1834 1435 1874 maximas
1454 1844 1531 1889 opes
1549 1835 1731 1881 habuerit,

332 1911 531 1956 paucorum
550 1902 695 1941 virtute
698 1901 890 1954 sublatum
908 1900 1031 1940 videat
1049 1900 1070 1939 ,ἒ
1099 1902 1167 1940 Me
1185 1913 1275 1939 vero
1285 1899 1431 1953 posthac
1449 1914 1493 1939 ne
1510 1901 1730 1940 commenda-

339 1969 438 2007 veris
455 1968 598 2021 Caesc'zri
611 1975 673 2006 tuo
681 1985 694 2012 ς
715 1982 758 2006 ne
777 1976 812 2006 te
831 1966 967 2020 quidem
985 1967 1160 2020 tjtvstmhst
1171 1981 1224 2005 me
1242 1965 1375 2005 audies.
1408 1965 1520 2006 Valde
1536 1981 1620 2006 care
1638 1967 1732 2020 cesti-

340 2047 415 2072 mas
435 2042 489 2072 tot
507 2048 630 2079 annos,
662 2043 746 2086 quot
763 2032 830 2085 isla
848 2042 940 2072 aetas
959 2032 1102 2086 recipit,
1117 2032 1163 2082 st
1183 2040 1339 2086 propter
1367 2046 1444 2071 eam
1467 2033 1607 2085 causam
1619 2041 1734 2085 puero

342 2099 399 2152 isti
408 2099 684 2153 supplicaturus
704 2114 751 2139 es.
798 2099 956 2146 Deinde,
985 2098 1079 2153 quod
1097 2098 1339 2151 pulcherrime
1355 2097 1492 2150 ficssi,
1523 2113 1567 2137 ac
1570 2098 1677 2150 jacis
1696 2099 1734 2136 in

342 2164 516 2210 Antonio,
547 2164 629 2204 vide
661 2178 703 2203 ne
729 2172 970 2203 convertatur
1001 2178 1027 2202 a
1056 2161 1158 2202 laude
1186 2162 1335 2202 maximi
1350 2162 1464 2202 animi
1477 2162 1530 2201 ad
1543 2162 1736 2215 opinionem

328 2228 553 2281 formidinis.
599 2232 701 2270 Nam
712 2230 756 2283 st
773 2230 952 2269 Octavius
970 2228 1039 2268 tibi
1047 2229 1184 2283 placet,
1215 2243 1238 2267 a
1257 2242 1322 2282 quo
1341 2228 1382 2267 de
1403 2228 1520 2280 nostra
1524 2227 1652 2280 salute
1663 2236 1733 2281 pe-

343 2293 486 2333 tendum
490 2296 576 2345 stt;
607 2310 674 2335 non
705 2295 879 2334 dominum
895 2293 1047 2348 fizgff,
1063 2294 1137 2348 sed
1158 2294 1357 2333 amiciorem
1376 2293 1551 2332 dominum
1571 2292 1733 2346 quaestffl,

343 2360 532 2400 ⁴videberis.
577 2363 689 2413 Qem
708 2362 802 2415 quod
820 2362 947 2401 laudas
967 2361 1008 2400 ob
1026 2376 1082 2407 ea,
1113 2375 1193 2414 quce
1211 2359 1445 2412 adhucfi’cit,
1469 2359 1580 2412 plane
1592 2359 1704 2413 probo
1721 2375 1734 2398 :

328 2429 425 2480 sunt
445 2428 535 2466 enim
552 2427 746 2473 laudanda,
762 2429 804 2479 st
820 2429 914 2468 modo
936 2438 1064 2468 contra
1083 2428 1236 2466 alienam
1249 2425 1465 2480 potentiam,
1487 2441 1554 2465 non
1568 2435 1639 2478 pro
1643 2427 1734 2477 sua,

331 2494 490 2548 suscepit
509 2509 566 2533 eas
587 2495 750 2533 ausones.
784 2496 875 2533 Cum
895 2509 982 2534 vero
991 2493 1150 2546 judicas,
1182 2502 1326 2533 tantum
1345 2492 1401 2530 illi
1416 2506 1484 2532 non
1503 2492 1599 2532 modo
1619 2492 1735 2537 licere,

1330 2559 1379 2597 M
1411 2571 1433 2598 2
