2335 3009
539 206 592 261 56
868 202 1560 245 EPISTOLARUM

537 305 584 344 ad
606 318 675 344 nos
698 304 840 344 Cicero
862 313 953 343 tuus
973 303 1021 342 ad
1041 317 1211 350 coenam,
1241 317 1336 343 cum
1365 303 1587 357 Pomponia
1616 303 1719 344 foras
1739 314 1927 347 coenaret.

537 372 661 411 Dedit
692 370 795 410 mihi
820 369 1025 424 epistolam
1044 370 1252 423 legendam
1272 379 1397 417 tuam,
1428 384 1548 423 quam
1567 371 1686 425 paulo
1707 381 1795 411 ante
1815 385 1929 412 acce·

536 445 659 490 perat,
690 434 977 489 Aristophaneo
996 435 1132 481 modo,
1162 435 1274 474 valde
1295 435 1519 475 mehercule
1539 446 1578 475 et
1605 436 1758 476 suavem
1779 446 1818 476 et
1837 451 1928 491 gra-

535 516 640 548 vem,
658 515 736 556 qua
756 501 842 540 sum
862 500 1077 541 admodum
1093 501 1319 540 delcetatus.
1353 502 1477 540 Dedit
1496 502 1615 540 etiam
1635 503 1796 542 alteram
1816 504 1930 544 illam

534 568 654 615 mihi,
683 582 762 622 qua
786 568 904 621 jubes
935 582 1028 607 eum
1060 566 1163 606 mihi
1194 567 1266 606 esse
1297 567 1476 613 affixum,
1509 577 1696 621 tanquam
1724 570 1927 622 magistro.

535 635 670 687 Qam
689 634 808 672 illum
827 633 997 687 epistolae
1018 633 1095 672 illae
1117 633 1386 671 delectarunt?
1408 646 1528 686 quam
1549 635 1642 672 me?
1665 633 1784 673 Nihil
1804 648 1929 687 puero

534 699 607 739 illo
627 699 794 745 suavius,
826 698 930 737 nihil
962 698 1080 737 nostri
1107 698 1317 737 amantius.
1364 698 1464 737 Haec
1485 699 1588 737 inter
1607 712 1762 738 coenam
1782 700 1930 739 Tironi

534 764 675 804 dictavi
691 783 704 811 5
737 778 786 803 ne
806 765 946 803 mirere
966 764 1040 802 alia
1060 777 1179 802 manu
1200 763 1287 802 effe.
1334 764 1482 802 Annali
1502 764 1624 803 literae
1646 774 1720 804 tuae
1742 775 1929 818 pergratae

533 829 711 876 fuciunt,
742 829 849 882 quod
869 839 908 869 et
928 843 1080 868 curares
1100 829 1148 868 de
1168 828 1205 867 se
1225 828 1450 882 diligenter,
1472 839 1510 868 et
1532 839 1663 869 tamen
1683 831 1848 870 confilio
1866 831 1928 871 se-

533 896 729 935 veriffimo
742 897 913 949 juvares.
946 895 992 934 P.
1012 895 1198 933 Servilius
1219 904 1342 948 pater,
1360 907 1407 934 ex
1427 895 1568 941 literis,
1586 909 1681 949 quas
1701 896 1774 935 fibi
1793 910 1815 935 a
1835 897 1927 937 Cae-

534 961 613 1000 sare
644 961 772 1000 missas
803 961 877 999 effe
908 960 1078 1006 dicebat,
1110 960 1303 1013 fignificat
1323 961 1433 999 valde
1454 970 1492 999 te
1511 961 1582 1000 fibi
1603 971 1759 1014 gratum
1779 961 1930 1009 fecisse,

533 1027 642 1080 quod
662 1027 710 1066 de
729 1027 795 1065 sua
813 1026 1016 1066 voluntate
1035 1039 1125 1079 erga
1147 1026 1337 1065 Caesarem
1368 1025 1644 1065 humaniffime
1675 1027 1928 1080 diligentissi-

531 1106 677 1145 meque
706 1093 865 1131 locutus
885 1090 999 1142 effes.
1046 1093 1154 1130 Cum
1183 1093 1357 1130 Romam
1385 1105 1435 1130 ex
1461 1093 1647 1145 Arpinati
1673 1093 1931 1140 revertiffem,

532 1158 684 1197 dietum
699 1157 802 1196 mihi
822 1157 890 1203 est,
908 1157 1214 1210 Hippodamum
1233 1157 1281 1195 ad
1302 1166 1340 1195 te
1359 1156 1584 1211 profectum
1598 1157 1686 1197 effe.
1718 1159 1816 1198 Non
1834 1159 1930 1213 pos-

532 1223 619 1263 sum
638 1223 806 1262 scribere
823 1237 889 1262 me
908 1223 1098 1262 miratum
1117 1222 1205 1269 esse,
1235 1222 1355 1261 illum
1384 1231 1465 1261 tam
1489 1222 1761 1263 inhumaniter
1779 1223 1931 1274 fecifl‘e,

533 1299 578 1329 ut
608 1289 688 1329 fine
716 1289 815 1328 meis
844 1289 969 1327 literis
1001 1289 1049 1327 ad
1081 1297 1119 1327 te
1148 1287 1486 1341 proficisceretur:
1518 1289 1620 1328 illud
1648 1290 1791 1336 scribo,
1822 1291 1931 1332 mihi

533 1354 744 1401 molestum
764 1353 892 1393 fuiffe.
923 1354 1014 1405 Jam
1034 1353 1142 1392 enim
1163 1353 1232 1392 diu
1253 1354 1529 1406 cogitaveram,
1551 1368 1600 1395 ex
1619 1369 1666 1394 eo
1686 1355 1794 1408 quod
1816 1366 1859 1395 tu
1879 1357 1929 1396 ad

533 1434 597 1459 me
617 1420 834 1473 scripseras,
865 1428 924 1465 ut,
956 1419 983 1458 fi
1003 1419 1102 1473 quid
1121 1419 1226 1465 esset,
1258 1419 1365 1473 quod
1386 1419 1432 1458 ad
1455 1430 1492 1459 te
1512 1420 1743 1474 diligentius
1764 1421 1930 1475 perferri

533 1486 693 1532 vellem,
723 1485 786 1524 illi
817 1484 976 1524 darem:
1009 1485 1117 1538 quod
1147 1484 1372 1524 mehercule
1392 1485 1499 1524 hisce
1519 1486 1659 1532 literis,
1690 1501 1786 1540 quas
1807 1489 1935 1542 vulgo·

533 1552 579 1590 ad
600 1561 638 1590 te
657 1552 792 1598 mitto,
823 1550 926 1590 nihil
959 1550 1040 1590 fere
1059 1550 1202 1596 scribo,
1233 1551 1341 1604 quod
1363 1551 1388 1590 fi
1410 1552 1451 1590 in
1472 1551 1640 1605 alicujus
1661 1566 1800 1592 manus
1822 1554 1929 1592 inci-

532 1618 648 1664 derit,
677 1616 836 1656 moleste
856 1615 1063 1655 ferendum
1084 1617 1144 1656 fit.
1177 1617 1365 1656 Minucio
1385 1631 1463 1662 me,
1485 1626 1523 1655 et
1546 1617 1690 1664 Salvio,
1711 1628 1750 1656 et
1771 1619 1930 1658 Labeo-

533 1684 592 1730 ni,
622 1683 875 1722 reservabam.
922 1682 1058 1722 Labeo
1086 1692 1152 1722 aut
1174 1683 1279 1721 tarde
1300 1683 1583 1736 proficiscetur,
1615 1693 1682 1722 aut
1702 1683 1768 1722 hic
1789 1699 1930 1724 mane-

533 1750 606 1789 bit.
653 1749 934 1802 Hippodamus
964 1762 1014 1787 ne
1034 1762 1141 1787 nunc
1163 1748 1341 1802 quidem,
1372 1750 1471 1802 quid
1492 1749 1627 1795 velim,
1658 1751 1824 1803 rogavit.
1869 1753 1924 1791 T.

533 1816 711 1856 Pinarius
732 1814 919 1854 amabiles
940 1814 988 1853 ad
1008 1828 1072 1854 me
1091 1814 1139 1854 de
1161 1824 1198 1853 te
1218 1815 1349 1854 literas
1371 1816 1514 1860 mittit,
1536 1815 1571 1853 se
1593 1816 1764 1855 maxime
1784 1817 1931 1863 literis,

532 1882 794 1927 sermonibus,
824 1881 948 1920 coenis
981 1881 1150 1934 denique
1182 1881 1277 1927 tuis,
1308 1881 1504 1920 delectari.
1552 1882 1590 1920 Is
1622 1881 1746 1921 homo
1777 1883 1928 1936 semper

533 1962 596 1987 me
628 1947 863 1992 delectavit5
894 1945 1092 2000 fraterque
1120 1948 1204 2000 ejus
1227 1961 1387 1986 mecum
1407 1947 1459 1986 est
1480 1947 1686 1987 multum:
1717 1962 1851 2002 quare,
1884 1959 1929 1988 ut

532 2013 748 2059 instituisti,
779 2012 1040 2066 complectere
1060 2013 1361 2052 adolescentem.

589 2081 686 2119 Vll.
719 2079 841 2132 Qod
862 2079 1010 2118 multos
1031 2079 1112 2118 dics
1133 2079 1338 2132 epistolam
1359 2081 1400 2118 in
1421 2080 1604 2119 manibus
1625 2079 1748 2118 habui
1769 2090 1932 2134 propter

532 2147 888 2186 commorationem
909 2146 1219 2191 tabellariorum,
1242 2147 1329 2185 ideo
1350 2147 1476 2186 multa
1495 2147 1672 2199 conjecta
1691 2146 1795 2191 sunt,
1818 2147 1928 2186 aliud

532 2213 608 2251 alio
630 2222 823 2265 tempore,
844 2211 952 2250 velut
973 2211 1064 2251 hoc.
1098 2213 1151 2250 T.
1176 2213 1343 2251 Anicius
1366 2211 1467 2250 mihi
1491 2212 1584 2265 saepe
1600 2213 1682 2264 jam
1705 2212 1822 2257 dixit,
1851 2213 1930 2252 sese

534 2279 623 2324 tibi,
662 2278 932 2317 suburbanum
969 2277 994 2316 fi
1029 2278 1137 2331 quod
1173 2277 1391 2323 inveniss‘et,
1431 2292 1508 2316 non
1544 2278 1819 2317 dubitaturum
1854 2279 1932 2318 effe

533 2358 675 2383 emere.
712 2345 758 2382 In
779 2346 861 2397 ejus
884 2344 1060 2382 sermone
1079 2358 1153 2396 ego
1175 2355 1388 2397 utrumque
1412 2344 1514 2382 solco
1535 2344 1731 2389 admirari,
1762 2355 1801 2383 et
1823 2355 1860 2384 te
1880 2345 1931 2384 de

534 2411 757 2449 suburbano
777 2410 958 2455 emendo,
991 2424 1083 2448 cum
1115 2410 1161 2448 ad
1193 2411 1308 2449 illum
1341 2411 1500 2455 scribas,
1532 2425 1608 2449 nou
1640 2411 1759 2449 modo
1789 2411 1835 2449 ad
1863 2424 1928 2449 mc

532 2491 610 2517 non
634 2476 813 2523 scribere,
847 2477 908 2515 scd
929 2477 1049 2516 etiam
1069 2476 1183 2515 aliam
1207 2477 1247 2516 in
1270 2477 1500 2516 sententiam
1522 2477 1716 2523 1'cribcre3
1747 2486 1802 2524 et,
1831 2491 1927 2516 cum
