2335 3009
631 236 726 274 AD
785 236 854 287 Q
901 235 1265 276 FRATREM
1333 240 1465 281 LIB.
1516 244 1572 282 11.
1749 261 1797 299 35

406 336 494 381 effe,
525 343 569 373 ut
588 335 770 373 omnium
791 334 1292 386 gratiffimijudicaremur.
1339 339 1447 378 Nam
1479 341 1521 379 in
1551 341 1797 383 defendendo

405 400 559 439 moroso
587 399 751 438 homine
783 400 1086 438 cumulatifi'nne
1118 402 1393 449 satisfecimus,
1425 416 1463 444 et
1497 407 1556 458 (id
1589 409 1695 460 quod
1727 410 1795 447 ille

404 466 576 504 maxime
597 465 798 518 cupiebat)
823 466 1046 511 Vatinium,
1078 480 1099 503 a
1123 481 1204 519 quo
1233 469 1362 520 palam
1383 473 1698 523 oppugnabatur,
1730 488 1791 512 ar-

405 530 552 568 bitratu
586 530 715 568 nostro
750 530 1014 575 concidimus,
1046 531 1120 569 diis
1155 531 1464 586 hominibusque
1495 537 1790 588 plaudentibus.

404 595 638 646 Qinetiam
670 596 814 633 Paulus
847 596 974 634 noster
1004 609 1098 634 cum
1128 597 1232 635 testis
1259 599 1471 651 produstus
1504 601 1594 640 effet
1624 603 1664 640 in
1695 604 1790 642 Sex-

402 662 521 707 tium,
552 661 802 700 confirmavit
832 662 867 700 se
898 676 1042 700 nomen
1065 663 1216 701 Vatinii
1244 664 1482 711 delaturum,
1513 667 1539 704 fi
1561 667 1699 706 Macer
1719 670 1791 707 Li-

401 727 530 765 cinius
553 728 828 773 cunstaretur3
860 737 898 765 et
920 728 1058 765 Macer
1077 741 1097 765 a
1118 728 1240 766 Sextii
1262 729 1453 769 subselliis
1475 731 1655 778 surrexit,
1685 747 1729 771 ac
1756 735 1792 772 se

401 791 464 830 illi
485 805 563 829 non
585 790 815 830 defuturum
843 792 1066 830 affirmavit.
1111 793 1221 844 Qid
1253 795 1425 847 quaeris?
1457 794 1580 834 homo
1610 798 1789 849 petulans

398 866 440 895 et
470 856 608 902 audax,
641 858 824 896 Vatinius
857 858 967 896 valde
999 858 1247 910 perturbatus
1280 859 1585 914 debilitatusque
1608 862 1788 903 disceffit.

400 923 578 975 Qintus
600 932 706 968 tuus,
735 937 832 976 puer
851 924 1042 976 optimus,
1065 924 1243 963 eruditur
1262 927 1430 978 egregie.
1463 927 1556 965 Hoc
1577 942 1684 966 nunc
1705 943 1788 967 ma-

399 989 460 1041 gis
481 988 763 1034 animadverto,
786 990 893 1042 quod
915 990 1119 1042 Tyrannio
1140 991 1254 1029 docet
1275 992 1376 1044 apud
1398 1005 1475 1031 me.
1509 994 1665 1032 Domus
1688 996 1787 1033 utri-

401 1055 522 1106 usque
544 1054 717 1092 nostrum
738 1055 953 1093 aedificatur
973 1055 1137 1094 strenue.
1184 1057 1444 1110 Redemptori
1475 1068 1544 1097 tuo
1575 1059 1790 1098 dimidium

400 1120 577 1172 pecuniae
597 1121 743 1158 curavi.
791 1121 910 1172 Spero
939 1134 1009 1158 nos
1040 1131 1129 1159 ante
1157 1121 1332 1161 hiemem
1361 1124 1661 1163 contubernales
1687 1125 1788 1166 fore.

400 1185 463 1223 De
479 1184 605 1223 nostra
621 1185 772 1230 Tullia,
791 1186 849 1223 tui
870 1184 1096 1224 mehercule
1116 1188 1387 1233 amantiffima,
1405 1189 1514 1240 spero
1535 1203 1627 1227 cum
1646 1191 1787 1229 Craffi-

400 1250 496 1303 pede
517 1264 588 1288 nos
609 1250 830 1289 confecisse.
864 1251 961 1289 Dies
982 1260 1092 1289 erant
1112 1252 1204 1296 duo,
1223 1254 1292 1304 qui
1313 1253 1397 1306 post
1417 1255 1577 1293 Latinas
1594 1254 1789 1295 habentur

398 1315 566 1368 religiofi
583 1334 596 1361 5
628 1325 828 1362 caeterum,
860 1316 931 1369 qui
950 1315 1178 1354 confectum
1197 1327 1278 1355 erat
1298 1319 1446 1364 Latiar,
1476 1329 1556 1358 erat
1575 1321 1768 1361 exiturus.

713 1517 980 1557 MARcus
1028 1519 1096 1570 Q
1130 1518 1384 1558 FRATR1
1431 1520 1470 1558 S.

399 1647 451 1684 V.
475 1645 553 1719 D
568 1647 601 1684 E
618 1646 700 1684 DE
716 1646 859 1684 RAM
888 1645 936 1683 ad
957 1655 993 1684 te
1014 1646 1144 1684 literas
1165 1656 1290 1692 antea,
1313 1647 1458 1699 quibus
1479 1658 1558 1687 erat
1579 1648 1784 1703 scriptum,

581 1711 760 1750 Tulliam
782 1710 952 1749 nostram
974 1711 1186 1763 Craffipedi
1207 1712 1310 1764 prid.
1335 1713 1444 1752 Non.
1469 1714 1600 1766 April.
1624 1716 1695 1754 effe
1716 1716 1784 1754 de-

396 1777 612 1829 sponsatam
631 1795 642 1822 3
675 1786 890 1829 caeteraque
911 1776 957 1814 de
978 1789 1017 1813 re
1037 1776 1198 1829 publica
1217 1777 1444 1830 privataque
1473 1779 1783 1832 perscripseram.

395 1843 531 1882 Postea
560 1843 650 1881 sunt
678 1841 762 1881 haec
791 1844 887 1880 aaa.
920 1843 1031 1881 Non.
1055 1843 1186 1895 April.
1210 1842 1568 1883 senatus-consulto
1594 1845 1785 1899 Pompeio

394 1909 563 1961 pecunia
582 1908 736 1946 decreta
755 1907 796 1944 in
819 1920 901 1945 rem
921 1906 1220 1945 frumentariam
1241 1907 1287 1945 ad
1317 1909 1410 1946 H-S
1435 1921 1564 1948 cccc.
1611 1910 1684 1948 Sed
1715 1924 1784 1949 eo-

394 1974 486 2013 dem
506 1974 569 2012 die
589 1972 842 2011 vehementer
861 1974 991 2010 aetum
1012 1972 1059 2010 de
1079 1986 1170 2025 agro
1193 1973 1410 2026 Campano,
1441 1974 1613 2013 clamore
1634 1975 1786 2015 senatus

395 2053 518 2092 prope
546 2037 796 2077 concionali:
828 2038 1018 2076 acriorem
1049 2038 1202 2076 causam
1233 2039 1366 2091 inopia
1395 2040 1571 2092 pecuniae
1600 2039 1784 2087 faciebat,

394 2114 435 2143 et
454 2118 616 2143 annonae
637 2104 788 2142 caritas.
835 2103 930 2142 Non
959 2105 1272 2156 praetermittam,
1305 2118 1352 2142 ne
1373 2105 1474 2144 illud
1495 2106 1685 2157 quidem3
1717 2107 1782 2146 M.

396 2170 564 2209 Furium
603 2170 809 2214 Flaccum,
853 2170 1030 2222 equitem
1065 2170 1310 2215 Romanum,
1354 2169 1559 2209 hominem
1598 2185 1784 2223 nequam,

397 2235 616 2287 Capitolini
647 2244 686 2273 et
718 2234 977 2273 Mercuriales
1012 2235 1059 2272 de
1093 2235 1265 2289 collegio
1297 2237 1510 2288 ejecerunt,
1541 2236 1784 2289 praesentem,

395 2299 442 2337 ad
461 2301 578 2353 pedes
599 2300 904 2354 uniuscujusque
919 2302 1133 2354 jacentem.

1395 2498 1483 2536 E2
