2241 2994
529 203 604 258 318
839 203 904 241 M.
964 201 1611 242 T.CICERONIS

575 301 616 336 In
642 298 749 335 castra
774 298 950 336 Ciceronis
968 297 1011 335 ad
1033 297 1194 334 Iconium

525 359 602 384 ante
628 349 720 384 diem
747 360 808 383 iii.
834 347 979 382 Kalend.
999 347 1192 394 septembr.

524 409 693 434 venerunt
716 396 818 444 legati
848 395 933 431 miffi
951 395 996 431 ab
1013 395 1193 431 Antiocho

525 447 778 493 Commageno,
831 445 924 492 iique
977 444 1194 486 nuntiarunt,

524 496 734 531 Parthorum
777 506 919 541 magnas
961 493 1078 541 copias
1120 494 1193 528 Eu-

525 544 681 592 phratem
700 543 838 579 transire
854 542 1007 590 coepiss‘e,
1023 552 1062 577 ut
1079 541 1196 577 scribit

523 595 606 640 eptst·
631 605 660 628 1.
687 601 719 628 et
738 605 770 638 3.
796 592 849 627 lib.
867 591 1094 627 XV.-Famil.

575 642 691 678 Pridie
708 641 853 678 Kalend.
875 640 1050 687 Septemb.
1072 639 1197 674 Cicero

525 691 633 727 castra
671 691 714 726 ab
750 689 868 726 Iconio
898 689 1022 730 movit,
1065 688 1198 734 iterque

525 753 587 788 per
615 740 874 787 Cappadociam
899 738 933 772 in
957 737 1117 772 Ciliciam
1145 735 1196 771 fa·

524 789 630 832 ciens,
648 789 682 824 in
701 786 926 835 Cappadocia
941 796 1106 828 extrema,
1127 797 1196 821 non

526 838 628 885 longe
663 849 682 872 a
715 838 850 876 Tauro,
888 835 982 882 apud
1023 835 1196 882 oppidum

525 886 698 933 Cybistra,
737 885 843 920 castra
875 884 1002 932 posuit,
1040 883 1122 930 epist.

524 936 578 970 lib.
598 935 661 971 Ill.
687 945 722 970 et
743 934 827 980 epist.
858 945 889 968 2.
917 944 951 967 et
975 945 1009 976 4.
1035 933 1089 968 lib.
1109 932 1193 968 XV.

524 986 615 1021 Fam.
653 993 687 1019 et
715 984 796 1029 epist.
830 985 883 1018 18.
909 982 964 1016 lib.
986 982 1028 1016 V.
1055 981 1101 1017 ad
1122 984 1194 1017 Au.

525 1033 581 1069 Ibi
599 1045 681 1068 curn
707 1033 779 1068 dies
808 1031 966 1079 quinque
994 1030 1075 1065 esset
1100 1042 1196 1065 com-

525 1092 693 1122 moratus,
744 1093 857 1128 regem
911 1079 1197 1120 Ariobarzanem,

523 1129 625 1178 cujus
644 1130 784 1165 salutem
804 1141 822 1163 a
839 1128 954 1164 senatu
975 1127 1197 1162 commenda-

526 1189 597 1214 tam
626 1179 786 1219 habebat,
815 1177 1040 1225 praesentibus
1068 1176 1196 1212 insidiis

525 1227 697 1270 liberavit,
723 1237 763 1262 ut
786 1226 902 1262 scribit
918 1225 962 1260 ad
976 1226 1137 1267 Catonem,
1163 1234 1198 1260 et

523 1276 660 1325 copiose
675 1275 821 1324 exponit
837 1274 1092 1322 magistratibus
1109 1274 1195 1320 epist.

526 1337 561 1362 2.
599 1333 630 1360 et
660 1340 694 1369 4.
731 1326 788 1361 lib.
819 1324 901 1360 XV.
942 1323 1060 1359 Famil.
1112 1323 1197 1358 Iride

524 1373 706 1410 confestim
725 1373 788 1409 iter
806 1373 840 1408 in
861 1372 1021 1408 Ciliciam
1037 1371 1120 1408 fecit
1137 1383 1198 1420 per

526 1423 638 1459 Tauri
666 1423 776 1471 pylas,
801 1432 837 1457 et
864 1421 1012 1457 Tarsum
1041 1421 1136 1456 venit
1165 1432 1195 1458 a.

525 1473 560 1512 d.
583 1485 645 1508 iii.
666 1474 762 1508 Non.
781 1471 926 1506 octobr.
953 1471 1034 1516 epist.
1056 1482 1113 1506 20.
1140 1470 1195 1506 lib.

527 1523 571 1558 V.
589 1521 635 1557 ad
649 1522 721 1557 Ait.
748 1521 843 1556 Nori.
863 1519 1010 1555 Octobr.
1029 1519 1062 1554 in
1081 1519 1196 1554 senatu

525 1571 677 1606 recitata:
729 1569 807 1605 sunt
855 1568 1032 1614 Ciceronis
1075 1568 1197 1611 literae,

525 1631 613 1667 quas
631 1618 772 1666 publice
799 1618 842 1652 de
862 1616 1024 1652 Parthico
1040 1618 1197 1652 tumultu

525 1668 672 1710 miserat,
698 1667 782 1714 epist.
807 1679 836 1702 1.
863 1666 919 1701 lib.
937 1667 1019 1701 XV.
1046 1667 1139 1701 Fam.
1162 1677 1198 1701 et

523 1717 608 1765 epist.
627 1717 685 1752 ult.
712 1716 767 1752 lib.
787 1716 830 1751 V.
855 1715 902 1749 ad
915 1716 989 1750 Au.
1006 1715 1199 1763 eodemque

525 1768 582 1802 die
614 1766 738 1801 Cicero
768 1763 877 1800 Tarso
910 1765 1091 1799 Amanum
1122 1776 1196 1798 ver-

526 1816 581 1851 sus
599 1813 776 1863 profectus
803 1813 864 1856 est,
891 1814 973 1860 eptst.
1001 1815 1033 1848 8.
1062 1813 1116 1848 lib.
1137 1813 1198 1848 111.

526 1866 617 1901 Fam.
644 1864 704 1911 qui
733 1875 831 1899 mons
860 1872 932 1898 erat
958 1862 1107 1897 hostium
1126 1862 1198 1910 ple-

527 1926 592 1950 nus
610 1912 906 1961 sempiternorum.

576 1962 652 1998 Hic
676 1973 707 1997 a.
729 1961 765 1997 d.
791 1973 851 1996 ιιι.
881 1960 932 1996 Id.
951 1960 1081 1996 octob.
1103 1971 1199 2007 mag-

527 2023 613 2047 num
653 2021 837 2047 numerum
877 2009 1027 2045 hostium
1063 2009 1199 2052 cecidit,

525 2059 664 2097 castella
692 2059 916 2094 munitissima
943 2057 1048 2105 cepit,
1085 2057 1199 2093 incen-

525 2109 592 2153 dit,
628 2109 885 2156 imperatorque
913 2106 1106 2155 appellatus
1137 2107 1198 2148 est,

523 2160 610 2206 epist.
641 2169 698 2194 20.
726 2158 778 2195 lib.
796 2156 843 2191 V.
867 2155 912 2192 ad
937 2157 1009 2191 Au.
1037 2159 1084 2202 epi
1112 2182 1120 2190 .
1143 2167 1198 2191 10.

527 2207 584 2244 ub.
616 2206 662 2243 ΙΙ.
691 2216 726 2242 et
750 2219 784 2251 4.
809 2205 865 2241 lib.
884 2205 968 2242 XV.
995 2205 1087 2240 Fam.
1121 2205 1200 2240 vide

526 2267 672 2306 quoque
709 2253 1008 2291 Commentarium
1044 2254 1199 2289 nostrum

525 2308 562 2346 in
578 2306 799 2354 D'garianam.
850 2302 922 2339 His
941 2303 1042 2338 rebus
1065 2302 1112 2338 ita
1127 2302 1199 2387 ἵξ-

528 2354 586 2398 tis,
611 2353 719 2390 castra
737 2353 772 2390 in
789 2351 964 2389 radicibus
980 2351 1109 2388 Amani
1185 2374 1199 2380 -

526 2403 619 2447 buit,
644 2415 684 2439 ea
715 2401 784 2451 ipsa
805 2413 888 2451 quae
909 2412 1030 2438 contra
1051 2401 1201 2438 Darium

525 2452 695 2491 habuerat
727 2452 823 2501 apud
850 2451 958 2489 nrum
989 2450 1201 2495 Alexander,

1244 307 1284 333 ut
1301 297 1349 334 est
1366 297 1451 333 locis
1462 310 1537 345 Jarn
1554 297 1677 333 citatis.
1729 297 1814 332 Inde
1831 296 1914 332 Pin-

1243 347 1410 382 deniffum
1443 347 1615 394 oppidum
1649 346 1914 382 muniriffimum

1243 395 1588 437 Eleutherocilicum,
1638 396 1699 430 diu
1749 395 1914 430 omnibus

1245 445 1411 480 machinis
1434 455 1692 493 oppugnatum,
1718 443 1864 492 septimo
1879 453 1916 479 et

1244 494 1532 541 quinquagesimo
1549 494 1604 528 die
1620 493 1724 542 cepit,
1751 494 1915 529 Saturna-

1245 542 1338 576 libus
1367 554 1478 583 mane,
1517 543 1600 588 epist.
1633 555 1690 578 20.
1725 541 1781 577 lib.
1801 542 1846 578 V.
1872 540 1918 576 ad

1245 591 1316 625 An.
1353 600 1388 625 et
1420 593 1502 635 epist.
1538 604 1573 633 4.
1608 591 1662 625 lib.
1696 591 1779 626 XV.
1821 592 1915 627 Fam.

1247 639 1441 675 Pindenisso
1465 650 1570 686 capto
1596 639 1786 674 exercitum
1812 639 1846 674 in
1865 639 1915 674 hi-

1248 688 1351 723 berna
1395 688 1535 730 dimisit,
1585 688 1692 736 iisque
1736 687 1918 736 Qintum

1246 735 1386 821 {mrem
1417 737 1620 786 praeposuit,
1658 737 1738 784 epist.
1779 750 1815 780 4.
1859 736 1915 772 lib.

1295 835 1463 870 Extremo
1492 835 1558 871 hoc
1595 846 1686 870 anno
1719 834 1843 870 Cicero
1872 834 1917 870 ad

1160 883 1194 919 6.
1245 884 1434 919 Curionem
1465 884 1556 919 misit
1583 884 1669 930 epist.
1707 895 1740 928 7.
1777 883 1831 918 lib.
1868 884 1916 920 11.

1245 933 1349 981 Fan».-
1366 933 1400 967 in
1428 945 1499 981 qua
1517 933 1566 968 illi
1592 933 1636 967 de
1660 932 1839 968 tribunatu
1865 932 1917 980 pl.

1246 982 1452 1028 gratulatur,
1490 993 1598 1029 quem
1631 993 1661 1016 a.
1701 981 1736 1016 d.
1775 993 1826 1017 iv,
1862 980 1915 1018 ld.

1247 1030 1416 1066 Decemb.
1436 1029 1523 1065 iniit.

1246 1181 1358 1220 Anno
1377 1178 1488 1221 Urbis
1506 1192 1601 1234 703.
1649 1178 1829 1218 Ciceronis
1849 1191 1917 1234 57.

1389 1249 1582 1289 Consules
1612 1249 1778 1288 fuerunt

1306 1311 1356 1349 L.
1388 1312 1617 1350 ΑιΜιιιυε
1651 1311 1857 1357 PAULus,

1248 1371 1296 1410 C.
1320 1372 1566 1411 CLAumus
1601 1372 1918 1411 MARCELLus.

1298 1469 1356 1504 Ad
1386 1469 1447 1506 hos
1473 1469 1628 1505 consules
1643 1479 1762 1504 extant
1779 1468 1921 1504 Cicero-

1247 1518 1298 1553 nis
1318 1519 1448 1554 literae:
1481 1519 1611 1566 quibus
1630 1518 1726 1566 petit.
1754 1527 1794 1552 ut
1811 1529 1920 1565 quam

1248 1567 1626 1602 honorificentissimum
1657 1568 1691 1601 S.
1719 1567 1762 1601 C.
1799 1567 1842 1601 de
1869 1577 1921 1601 re·

1249 1616 1314 1651 bus
1344 1628 1363 1650 a
1393 1616 1423 1651 se
1450 1616 1550 1663 gestis
1569 1615 1766 1651 faciendum
1786 1625 1920 1657 curent,

1247 1666 1330 1711 epist.
1366 1677 1420 1701 io.
1458 1675 1492 1700 et
1525 1677 1576 1710 ¹3·
1604 1665 1659 1700 lib.
1689 1665 1771 1700 XV.
1799 1664 1919 1700 Famil.

1249 1714 1310 1749 hac
1327 1715 1372 1749 de
1391 1726 1424 1749 re
1450 1713 1580 1762 scripsit
1607 1714 1709 1749 etiam
1741 1713 1784 1748 ad
1813 1713 1920 1748 Cato-

1247 1775 1325 1798 nem
1359 1764 1439 1809 epist.
1474 1777 1507 1806 4.
1544 1762 1674 1809 q'usdem
1702 1762 1801 1802 libri·.
1843 1772 1919 1797 tum

1248 1812 1406 1847 Ciceroni
1432 1824 1496 1860 pro
1525 1824 1560 1847 re
1578 1812 1663 1846 bene
1679 1811 1771 1859 gesta
1788 1811 1919 1859 suppli-

1248 1861 1397 1896 cationes
1432 1861 1510 1896 sunt
1542 1861 1700 1902 ‹lecretae,
1736 1860 1822 1906 epist.
1864 1871 1918 1895 ιι.

1248 1910 1302 1945 lib.
1318 1910 1417 1946 Vin.
1438 1910 1550 1946 Famil.
1568 1920 1602 1945 et
1618 1910 1699 1956 epist.
1721 1922 1751 1945 1.
1769 1909 1823 1944 lib.
1838 1909 1919 1944 v11.

1248 1960 1294 1994 ad
1308 1960 1380 1994 Aet.
1412 1971 1476 2006 pro
1504 1959 1635 2006 quibus
1662 1958 1835 1994 Marcello
1851 1957 1918 1993 cos.

1248 2008 1374 2056 gratias
1392 2008 1465 2056 agit
1480 2009 1563 2055 epist.
1586 2020 1640 2043 11.
1663 2007 1718 2043 lib.
1738 2009 1821 2044 XV.
1849 2007 1919 2042 Fa-

1247 2057 1306 2093 mil

1298 2105 1414 2142 Nonis
1437 2106 1516 2152 Jan.
1546 2105 1670 2142 Cicero
1700 2104 1811 2140 Tarso
1839 2116 1921 2153 pro-

1248 2154 1359 2191 festus
1389 2153 1458 2190 fuit
1488 2155 1521 2190 in
1540 2155 1675 2197 Asiam,
1700 2164 1742 2190 ut
1771 2154 1818 2189 ibi
1846 2154 1921 2190 sua-

1248 2216 1326 2240 rum
1343 2204 1545 2240 dioecefium
1565 2203 1765 2239 horninibus
1789 2201 1851 2251 jus
1864 2203 1919 2240 di-

1248 2263 1349 2297 ceret,
1387 2254 1470 2300 epist.
1502 2254 1560 2288 ult.
1600 2254 1654 2289 lib.
1687 2253 1733 2289 V.
1770 2253 1816 2287 ad
1845 2254 1920 2289 An.

1248 2315 1355 2352 quam
1385 2303 1474 2339 ldib.
1506 2302 1608 2338 Febr.
1647 2302 1678 2338 se
1706 2301 1832 2337 dedisse
1859 2301 1918 2338 ait.

1249 2353 1338 2399 Quo
1354 2361 1423 2388 tem
1475 2364 1508 2388 ιτ
1537 2351 1662 2388 Cicero
1686 2351 1859 2393 Ciliciam,
1884 2360 1920 2387 et

1251 2401 1306 2437 M.
1339 2401 1428 2437 Bibu
1445 2413 1486 2437 us
1515 2401 1649 2448 Syriam
1679 2400 1919 2442 obtinuerunt,

1248 2450 1372 2488 eodem
1399 2460 1554 2503 tempore
1583 2449 1831 2500 QThermus
1854 2459 1921 2498 pm
