2335 3009
571 244 668 282 AD
728 240 1242 282 HERENNIUM
1299 241 1433 281 LIB.

380 338 492 374 fontes
511 339 691 380 maximos,
718 338 853 386 penitus
871 337 1048 373 abscondi-

381 397 448 429 tos,
475 387 636 434 aperuisse
653 387 756 429 dicat,
782 396 816 422 et
834 387 911 429 hoe,
938 386 1048 421 sitiens

381 447 487 482 quam
523 435 682 477 maxime,
721 437 897 482 loquatur,
938 447 1049 481 neque

379 483 503 518 habeat
521 484 582 530 qui
611 484 700 518 sitim
728 484 828 525 sedet,
855 496 924 518 non
943 483 1048 518 ridea-

380 541 438 566 tur
454 533 466 567 ?
494 532 550 566 isti
580 544 661 567 cum
679 545 746 567 non
766 532 871 567 modo
888 531 1046 566 dominos

381 579 411 614 se
429 579 592 623 fontium,
620 581 673 615 sed
692 580 722 615 le
741 581 828 628 ipsos
845 581 969 620 fontes,
984 581 1048 614 effe

379 629 508 669 dicant,
533 640 568 664 et
596 630 753 664 omnium
777 629 885 676 rigare
903 629 1048 663 debeant

380 677 526 724 ingenia,
567 690 634 713 non
666 688 791 725 putant
820 678 893 713 fore
921 677 1047 712 ridicu-

380 726 467 768 lum,
495 725 531 768 si,
557 738 639 761 cum
658 727 691 761 id
711 726 938 774 polliceantur
961 726 1047 768 aliis,

380 773 528 808 arescant
562 775 623 822 ipsi
658 775 814 810 siccitate.
868 775 996 810 Chares
1030 786 1050 808 a

379 822 538 870 Lysippo
567 825 692 858 statuas
733 823 844 858 facere
878 835 945 858 non
986 823 1048 858 isto

380 873 487 907 modo
513 872 646 912 didicit,
675 883 712 907 ut
740 873 918 920 Lysippus
943 882 1050 919 caput

379 920 568 955 ostenderet
587 921 760 968 Myronis,
775 921 913 955 brachia
931 921 1048 955 Praxi·

381 970 469 1012 telis,
496 970 616 1016 peftus
635 970 825 1016 Polycleti:
854 969 907 1004 sed
933 969 1050 1004 omnia

381 1029 497 1052 coram
526 1018 726 1065 magistrum
754 1018 934 1053 facientem
957 1018 1049 1052 vide-

384 1066 454 1108 bat,
507 1077 710 1101 caeterorum
749 1079 853 1114 opera
895 1067 951 1101 vel
993 1066 1051 1101 sua

382 1115 500 1162 sponte
518 1116 724 1150 considerare
742 1125 884 1162 poterat.

433 1164 513 1198 VlI.
543 1164 598 1198 isti
615 1164 773 1207 credunt,
799 1176 869 1207 eos,
895 1164 956 1210 qui
975 1163 1050 1198 haec

383 1211 488 1246 velint
515 1212 651 1254 discere,
687 1213 752 1246 alia
780 1212 907 1247 ratione
936 1211 1050 1246 doceri

382 1261 475 1307 posse
517 1261 745 1296 commodius.
798 1261 968 1295 Praeterea
1010 1272 1051 1295 ne

382 1309 520 1355 possunt
537 1308 679 1355 quidem
696 1321 745 1350 ea,
769 1321 857 1355 quaer
870 1309 1052 1343 sumuntur

382 1358 426 1391 ab
444 1357 516 1391 aliis
534 1359 702 1404 exempla,
730 1367 799 1392 tam
826 1358 890 1392 esse
914 1368 1050 1391 accom-

381 1405 520 1440 modata
538 1406 579 1440 ad
607 1416 725 1448 artem,
752 1417 858 1453 quam
885 1405 1049 1453 propria3

382 1465 561 1501 propterea
579 1455 675 1502 quod
703 1455 737 1489 in
762 1455 909 1489 dicendo
932 1454 1052 1489 leviter

382 1502 616 1550 unulquisque
635 1504 732 1538 locus
753 1504 959 1550 plerumque
977 1513 1050 1537 tan-

381 1563 488 1599 gitur,
514 1563 554 1586 ne
573 1563 624 1586 ars
642 1562 812 1599 appareat.
865 1552 904 1586 In
928 1551 1049 1598 praeci-

381 1600 507 1647 piendo
533 1601 681 1647 expreffe
705 1601 896 1648 conscripta
926 1612 1051 1654 ponere

381 1658 518 1696 oportet
543 1650 711 1702 exempla,
740 1659 779 1683 ut
810 1662 842 1683 m
874 1650 953 1683 artis
979 1647 1049 1683 for-

382 1709 473 1732 mam
492 1709 673 1732 convemre
691 1699 840 1743 possint:
868 1707 902 1732 et
921 1697 1023 1745 post
1016 1710 1048 1732 m

381 1746 538 1788 dicendo,
567 1759 608 1780 ne
633 1748 734 1793 poffit
761 1759 813 1781 ars
841 1746 988 1781 eminere
1015 1755 1050 1780 et

382 1796 425 1829 ab
455 1795 618 1830 omnibus
634 1795 755 1837 videri,
785 1794 949 1829 facultate
974 1806 1048 1829 ora-

382 1843 465 1878 toris
495 1843 700 1879 occultatur.
754 1843 851 1890 Ergo
877 1843 980 1878 etiam
1013 1852 1052 1877 ut

383 1892 492 1938 magis
512 1904 563 1927 ars
581 1891 819 1938 cognoscatur,
847 1891 912 1926 suis
937 1903 1050 1926 exem-

382 1941 449 1988 plis
468 1941 590 1976 melius
607 1941 654 1974 est
674 1941 734 1976 uti.
781 1940 958 1976 Postremo
976 1940 1051 1974 haec

383 2001 526 2036 quoque
551 2001 601 2024 res
633 2001 694 2024 nos
719 1989 820 2024 duxit
838 1989 879 2023 ad
897 1989 982 2023 hanc
1002 2000 1052 2023 ra-

381 2037 522 2081 tionem,
549 2038 645 2085 quod
663 2038 803 2073 nomina
820 2049 932 2072 rerum
951 2037 1051 2072 Grae-

383 2098 434 2129 ca,
465 2098 546 2133 quae
575 2097 821 2128 convertimus,
857 2098 895 2120 ea
923 2095 1052 2120 remota

383 2135 459 2169 sunt
477 2147 496 2168 a
512 2135 767 2177 consuetudine,
793 2147 874 2181 quae
892 2134 982 2169 enim
1001 2146 1051 2169 res

384 2184 476 2230 apud
495 2183 623 2218 nostros
642 2196 708 2218 non
726 2194 834 2225 erant,
859 2195 976 2218 earum
1001 2195 1048 2217 re-

385 2244 460 2266 rum
479 2232 617 2266 nomina
634 2244 703 2266 non
721 2242 878 2280 poterant
894 2232 958 2266 effe
984 2231 1048 2266 usi

384 2290 464 2315 tata.
515 2279 611 2326 Ergo
638 2280 710 2314 haec
741 2280 907 2328 asperiora
938 2281 1050 2328 primo

383 2329 565 2363 videantur
599 2329 723 2363 necesse
756 2329 816 2370 est,
855 2330 959 2376 idque
993 2329 1051 2363 fiet

384 2378 442 2418 rei,
471 2388 538 2410 non
569 2376 691 2418 nostra,
717 2377 928 2412 difficultate.
982 2378 1048 2412 Re-

385 2426 521 2472 liquum
556 2424 730 2471 scripturae
765 2427 984 2460 consumetur
1019 2425 1051 2460 in

382 2473 559 2521 exemplis.
612 2473 706 2508 Haec
723 2474 830 2509 aliena
846 2474 870 2509 si
893 2473 1051 2522 posuiffe-

1485 242 1558 282 IV.
1691 257 1784 297 197.

1099 349 1189 379 mus,
1216 335 1348 372 factum
1366 338 1456 381 esset,
1486 347 1535 379 ut,
1555 339 1650 386 quod
1669 350 1765 374 com-

1099 386 1235 421 modius
1253 387 1331 421 esset
1362 386 1394 421 in
1427 387 1491 422 lioc
1510 387 1611 429 libro,
1640 388 1673 422 id
1693 387 1766 421 nos-

1099 444 1190 468 trum
1211 446 1278 469 non
1300 435 1403 476 effer,
1431 436 1527 482 quod
1559 436 1704 482 asperius
1732 446 1767 471 ct

1099 482 1311 524 inusitatum,
1340 483 1372 517 id
1392 483 1529 530 proprie
1555 484 1653 518 nobis
1672 485 1766 518 attri-

1099 532 1271 567 bueretur.
1322 531 1419 578 Ergo
1446 532 1531 566 hanc
1556 544 1698 579 quoque
1717 533 1768 567 in-

1097 563 1396 615 commoditaterrf'
1406 578 1572 626 fugimus.
1625 581 1694 614 His
1725 581 1768 616 de

1098 628 1229 671 causis,
1285 640 1364 662 cum
1407 629 1487 663 artis
1534 628 1767 663 inventionem

1098 677 1304 711 Graecorum
1323 677 1570 724 probassemus,
1592 679 1768 724 exemplo-

1099 738 1176 760 rum
1211 726 1377 760 rationem
1404 725 1507 760 secuti
1539 737 1607 760 non
1637 725 1767 760 sumus.

1098 774 1206 808 Nunc
1225 784 1360 822 tempus
1378 774 1541 821 postulat,
1569 783 1608 808 ut
1638 774 1679 808 ad
1697 775 1768 809 clo-

1099 822 1246 857 cutionis
1264 832 1438 870 praecepta
1455 822 1671 857 transeamus.
1711 823 1768 856 Bi-

1099 871 1223 918 pertita
1239 872 1302 906 erit
1319 871 1424 918 igitur
1441 871 1541 906 nobis
1563 871 1768 906 elocutionis

1098 920 1297 966 praeceptio.
1329 920 1486 954 Primum
1506 920 1672 961 dicemus,
1690 920 1768 966 qui-

1100 969 1166 1003 bus
1209 969 1244 1002 in
1278 969 1460 1015 generibus
1495 967 1623 1015 semper
1656 968 1768 1003 omnis

1099 1017 1246 1052 oratoria
1263 1016 1414 1052 elocutio
1431 1017 1552 1051 debeat
1572 1017 1646 1052 esse.
1698 1018 1768 1052 De-

1101 1066 1179 1100 inde
1195 1066 1425 1109 ostendemus,
1450 1077 1536 1113 quas
1564 1078 1614 1101 res
1639 1065 1770 1113 semper

1100 1115 1222 1149 habere
1240 1115 1372 1149 debeat.

1149 1163 1250 1198 v111.
1289 1164 1378 1197 Sunt
1406 1162 1511 1209 igitur
1541 1163 1604 1197 tria
1633 1175 1768 1210 genera,

1100 1223 1182 1258 quae
1212 1223 1273 1246 nos
1308 1211 1434 1258 figuras
1468 1212 1694 1259 appellamus,
1734 1213 1769 1246 in

1100 1260 1230 1306 quibus
1260 1260 1372 1295 omnis
1407 1260 1517 1295 oratio
1545 1273 1613 1294 non
1649 1260 1769 1295 vitiosa

1101 1308 1338 1349 consumitur3
1366 1320 1471 1343 unam
1506 1320 1659 1354 gravem,
1687 1309 1768 1344 alte—

1100 1368 1172 1391 ram
1198 1356 1416 1398 mediocrem,
1443 1359 1576 1390 tertiam
1605 1367 1767 1392 extenua-

1099 1414 1182 1446 tam,
1208 1416 1386 1439 vocamus.
1439 1405 1564 1439 Gravis
1593 1405 1652 1447 est,
1687 1417 1768 1452 quae

1099 1453 1230 1488 constat
1247 1465 1288 1488 ex
1306 1454 1493 1488 verborum
1508 1453 1667 1500 gravium
1687 1454 1768 1488 laevi

1099 1511 1133 1537 et
1166 1511 1286 1537 ornata
1315 1502 1575 1537 construffione.
1629 1502 1768 1538 Medio-

1099 1550 1164 1585 cris
1179 1550 1239 1594 est,
1265 1563 1347 1598 quae
1366 1550 1496 1585 constat
1513 1562 1554 1585 ex
1573 1551 1768 1593 humiliore,

1100 1611 1211 1646 neque
1229 1609 1341 1634 tamen
1371 1611 1411 1634 ex
1438 1599 1554 1634 infima
1579 1609 1613 1634 et
1630 1601 1769 1646 pervul-

1099 1649 1266 1695 gatiffima
1282 1648 1468 1682 verborum
1488 1648 1663 1694 dignitate.
1702 1651 1768 1684 At-

1101 1707 1238 1732 tenuata
1254 1697 1313 1738 est,
1341 1708 1422 1743 quae
1441 1697 1579 1731 demissa
1596 1697 1643 1731 est
1662 1697 1770 1744 usque

1100 1746 1141 1780 ad
1159 1745 1403 1780 usitatiffimam
1417 1744 1495 1792 puri
1513 1744 1673 1780 sermonis
1687 1758 1768 1782 con-

1099 1793 1324 1828 suetudinem.
1377 1794 1416 1828 In
1442 1793 1538 1840 gravi
1558 1794 1669 1840 figura
1686 1806 1768 1830 con-

1101 1842 1252 1877 sumetur
1280 1841 1402 1883 oratio,
1440 1843 1463 1876 si
1493 1853 1574 1888 quae
1603 1842 1769 1890 cujusque

1102 1891 1147 1925 rei
1165 1900 1328 1945 poterunt
1355 1890 1562 1924 ornatissima
1586 1893 1691 1925 verba
1720 1904 1768 1926 re-

1101 1939 1216 1986 periri,
1243 1939 1311 1974 sive
1328 1939 1479 1986 propria,
1507 1939 1576 1973 sive
1600 1940 1770 1984 transsata,

1102 1988 1172 2023 five
1205 1997 1377 2030 extranea,
1411 1988 1453 2022 ad
1487 1999 1770 2036 unamquamque

1102 2048 1174 2071 rem
1214 2036 1597 2071 accommodabuntur:
1643 2047 1699 2081 et,
1743 2039 1769 2073 fi

1101 2097 1221 2132 graves
1239 2084 1424 2127 sententiae,
1451 2097 1533 2131 quae
1561 2086 1595 2120 in
1620 2087 1768 2134 amplifi-

1102 2135 1234 2168 catione
1250 2143 1283 2168 et
1312 2133 1605 2168 commiseratione
1622 2135 1767 2169 tractan-

1101 2191 1170 2225 tur,
1195 2182 1387 2229 eligentur:
1415 2194 1460 2224 et,
1491 2184 1514 2217 si
1532 2183 1768 2218 exornationes

1100 2231 1351 2273 sententiarum,
1379 2241 1437 2265 aut
1460 2231 1658 2272 verborum,
1685 2244 1767 2277 quae

1100 2280 1302 2327 gravitatem
1336 2279 1524 2320 habebunt,
1563 2279 1604 2312 de
1638 2280 1767 2325 quibus

1101 2328 1178 2375 post
1204 2328 1370 2367 dicemus,
1406 2328 1673 2362 adhioebuntur.
1726 2329 1768 2363 In

1100 2378 1165 2411 hoc
1200 2388 1320 2422 genere
1354 2376 1476 2422 figurae
1510 2375 1574 2410 erit
1610 2376 1674 2411 hoc
1708 2389 1766 2411 ex-

1101 2426 1280 2472 emplum:
1324 2424 1413 2460 Nam
1446 2425 1512 2470 quis
1545 2424 1585 2468 est
1618 2425 1766 2468 vestrum,

1101 2475 1243 2520 Judices,
1269 2476 1323 2520 qui
1340 2473 1426 2519 satis
1454 2473 1594 2508 idoneam
1616 2474 1703 2520 pqffit
1733 2477 1767 2510 in
