2335 3009
985 234 1191 292 [29]

628 507 1551 558 EPISTOLARUM

451 714 641 773 AD
754 709 1724 794 QFRATREM

873 931 1296 971 LIBERII.

706 1132 976 1170 MAReus
1023 1131 1380 1183 QFRATkr
1424 1132 1465 1170 S.

395 1261 428 1299 1.
570 1258 964 1302 PISTOLAM‚
1002 1270 1121 1309 quam
1156 1257 1298 1309 legisti,
1329 1271 1444 1296 mane
1478 1258 1685 1298 dederam:
1719 1259 1783 1298 sed

585 1322 682 1361 fecit
710 1322 937 1361 humaniter
966 1322 1165 1365 Licinius,
1196 1321 1304 1374 quod
1324 1321 1371 1359 ad
1391 1334 1470 1366 me,
1501 1323 1613 1361 miffo
1635 1324 1783 1369 senatu,

391 1389 540 1443 vesperi
558 1389 682 1434 venit,
713 1397 757 1426 ut
778 1387 804 1426 fi
825 1386 922 1439 quid
941 1386 1032 1425 effet
1052 1388 1197 1432 actum,
1228 1386 1276 1424 ad
1304 1396 1342 1424 te
1374 1386 1419 1438 (fi
1445 1386 1547 1425 mihi
1566 1388 1781 1440 videretur)

391 1455 687 1509 perscriberem.
721 1454 882 1491 Senatus
914 1451 994 1490 fuit
1024 1450 1285 1504 frequentior,
1316 1465 1434 1504 quam
1455 1453 1691 1505 putabamus
1712 1453 1785 1493 effe
1835 1493 1838 1497 ,

391 1521 496 1574 poffe
517 1519 647 1559 mense
668 1518 885 1558 Decembri
906 1517 978 1556 sub
997 1517 1079 1556 dies
1099 1516 1231 1556 festos.
1272 1517 1504 1556 Consulares
1525 1531 1595 1557 nos
1616 1518 1784 1566 fuimus,

391 1595 431 1625 et
457 1587 536 1625 duo
567 1585 744 1624 consules
775 1584 979 1636 designati,
1010 1583 1055 1622 P.
1080 1583 1282 1628 Servilius,
1313 1583 1378 1621 M.
1403 1584 1626 1630 Lucullus;
1659 1585 1783 1637 Lepi-

392 1651 480 1697 dus,
512 1651 734 1696 Volcatius,
771 1649 952 1694 Glabrio,
983 1657 1181 1701 praetores.
1228 1650 1324 1686 Sane
1356 1648 1585 1701 frequentes
1615 1648 1782 1696 fuimus,

392 1717 557 1756 omnino
577 1716 624 1754 ad
644 1716 850 1754 ducentos.
895 1715 1129 1752 Commorat
1152 1715 1464 1767 expectationem
1485 1716 1639 1767 Lupus.
1686 1716 1785 1767 Egit

392 1782 546 1821 causam
566 1782 649 1834 agri
670 1781 864 1833 Campani
893 1779 980 1818 sane
1009 1789 1214 1818 accurate:
1247 1779 1402 1818 auditus
1427 1780 1481 1817 est
1501 1793 1645 1833 magno
1665 1780 1783 1818 filen-

391 1848 477 1886 tio:
510 1848 714 1886 materiam
747 1847 803 1884 rei
838 1859 917 1884 non
950 1845 1134 1897 ignoras:
1173 1844 1276 1883 nihil
1308 1859 1356 1883 ex
1390 1845 1528 1883 nostris
1563 1846 1783 1884 actionibus

391 1912 652 1966 praetermifit.
699 1912 878 1949 Fuerunt
911 1910 1095 1948 nonnulli
1115 1910 1241 1948 aculei
1261 1911 1303 1947 in
1325 1911 1374 1949 C.
1400 1911 1605 1956 Caesarem,
1637 1920 1782 1949 contu-

391 1978 519 2017 meliae
558 1979 600 2016 in
639 1977 836 2022 Gellium,
879 1976 1207 2029 expostulationes
1247 1989 1340 2014 cum
1379 1976 1535 2015 absente
1573 1977 1781 2029 Pompeio.

394 2044 517 2082 Causa
537 2044 618 2082 sero
638 2052 828 2096 perorata,
859 2042 1066 2081 sententias
1088 2042 1124 2080 se
1145 2051 1374 2094 rogaturum
1396 2043 1566 2094 negavit,
1598 2056 1646 2080 ne
1675 2043 1787 2095 quod.

393 2119 491 2147 onus
524 2109 731 2147 fimultatis
767 2108 881 2146 nobis
914 2107 1162 2160 imponeret:
1195 2120 1243 2145 ex
1277 2107 1522 2160 superiorum
1557 2117 1784 2160 temporum

392 2175 597 2220 conviciis,
635 2184 674 2213 et
708 2188 756 2213 ex
790 2173 969 2227 praesenti
1003 2173 1171 2218 filentio,
1212 2173 1310 2226 quid
1343 2173 1495 2212 senatus
1530 2173 1702 2218 sentiret,
1745 2174 1783 2212 se

393 2239 613 2292 intelligere
645 2240 760 2278 dixit.
807 2240 915 2278 Milo
947 2240 1069 2292 coepit
1100 2239 1313 2277 dimittere.
1360 2241 1470 2277 Tum
1503 2239 1779 2285 Marcellinus,

393 2304 510 2349 Noli,
541 2305 686 2357 inquit,
717 2319 765 2343 ex
795 2306 1063 2344 taciturnitate
1090 2304 1230 2350 nostra,
1264 2306 1391 2357 Lupe,
1423 2305 1520 2357 quid
1550 2314 1616 2342 aut
1638 2305 1779 2357 probe-

393 2382 482 2407 mus
504 2368 579 2407 hoc
601 2379 790 2423 tempore,
822 2380 888 2410 aut
917 2372 1204 2424 improbemus,
1231 2370 1422 2422 judicare.
1470 2371 1572 2422 Ego,
1604 2371 1710 2423 quod
1734 2372 1781 2409 ad

393 2447 457 2472 me
491 2435 646 2479 attinet,
688 2436 872 2489 idemque
907 2437 1074 2475 arbitror
1108 2445 1281 2480 caeteros,
1326 2436 1476 2474 idcirco
1510 2445 1632 2481 taceo,
1675 2436 1782 2487 quod

392 2512 477 2539 non
505 2499 699 2546 existimo,
731 2514 826 2541 cum
847 2502 1057 2554 Pompeius
1079 2501 1190 2548 abfit,
1221 2501 1373 2541 causam
1394 2501 1476 2554 agri
1507 2502 1700 2555 Campani
1719 2503 1786 2552 agi
