2335 3009
661 226 754 264 AD
814 225 882 276 Q
930 224 1294 262 FRATREM
1353 226 1569 265 LIB.1.
1789 237 1811 278 9

421 323 501 362 huc
521 323 652 362 omnia
674 322 747 360 effe
768 321 966 360 referenda
987 321 1049 366 iis,
1068 321 1135 373 qui
1159 320 1327 373 praesunt
1348 321 1453 367 aliis;
1480 332 1521 360 ut
1544 324 1586 367 ii,
1605 324 1674 376 qui
1695 333 1809 361 erunt

420 403 556 428 eorum
577 389 617 426 in
640 388 821 441 imperio,
845 388 917 426 sint
938 400 1057 439 quam
1079 386 1306 424 beatiffimi:
1330 387 1436 439 quod
1459 389 1533 426 tibi
1554 389 1625 427 effe
1645 398 1682 427 et
1703 389 1807 426 anti-

420 454 664 507 quissimum,
681 464 719 492 et
741 454 788 492 ab
809 454 925 491 initio
947 452 1072 497 fuiffe,
1097 461 1140 490 ut
1161 452 1335 504 primum
1360 453 1489 491 Asiam
1510 455 1687 506 attigisti,
1710 468 1807 493 con-

420 519 541 557 stante
562 519 666 557 fama
686 529 802 572 atque
822 520 1004 557 omnium
1027 518 1202 556 sermone
1222 518 1462 556 celebratum
1483 519 1550 557 est.
1591 520 1658 558 Est
1678 529 1810 559 autem

421 599 500 624 nori
523 586 641 624 modo
660 587 759 638 ejus,
777 587 847 638 qui
868 585 980 623 sociis
1002 593 1040 622 et
1060 584 1229 629 civibus,
1249 583 1310 622 sed
1330 585 1448 622 etiam
1469 586 1567 637 ejus,
1586 586 1655 638 qui
1677 586 1807 631 servis,

420 653 489 705 qui
511 653 633 690 mutis
655 651 888 704 pecudibus,
912 651 1051 704 praesit,
1074 664 1226 695 eorum,
1259 651 1404 702 quibus
1425 651 1564 704 praesit,
1588 652 1809 690 commodis

420 717 664 770 utilitatique
684 717 836 756 servire.
861 718 986 769 Cujus
1007 716 1168 769 quidem
1191 717 1343 768 generis
1364 716 1536 754 constare
1557 717 1659 755 inter
1674 731 1811 756 omnes

420 783 548 828 video,
578 783 645 822 abs
668 793 705 821 te
726 783 920 822 summam
940 781 1118 820 adhiberi
1139 782 1386 834 diligentiam
1406 797 1415 821 t
1448 783 1607 821 nullum
1638 797 1685 822 aes
1713 784 1808 822 alie-

418 863 517 887 num
539 863 686 887 novum
707 847 886 887 contrahi
907 848 1156 892 civitatibus;
1180 857 1307 886 vetere
1327 857 1460 886 autem
1480 862 1624 900 magno
1645 858 1683 887 et
1703 850 1810 903 gravi

419 915 564 952 multas
585 915 652 953 abs
675 924 711 952 te
731 914 803 952 effe
824 914 1033 959 liberatas,
1066 913 1181 951 urbes
1211 913 1436 965 complures
1466 913 1612 952 dirutas
1640 928 1682 952 ac
1712 928 1811 967 pene

419 979 583 1019 desertas
607 981 667 1033 (in
697 980 843 1033 quibus
872 992 990 1018 unam
1013 979 1132 1018 Ioniae
1154 979 1448 1024 nobilissimam,
1480 979 1640 1018 alteram
1672 981 1810 1026 Cariae,

421 1047 581 1085 Samum
601 1056 640 1085 et
661 1045 993 1096 Halicarnassum)
1017 1059 1085 1099 per
1106 1054 1143 1083 te
1169 1044 1242 1083 effe
1263 1055 1477 1090 recreatas,
1511 1046 1637 1084 nullas
1668 1046 1739 1086 csse
1769 1046 1811 1084 in

420 1112 576 1164 oppidis
598 1111 820 1156 seditiones,
844 1111 971 1149 nullas
992 1111 1231 1156 discordias;
1264 1111 1460 1163 provideri
1481 1112 1547 1149 abs
1571 1121 1622 1157 te,
1646 1121 1688 1150 ut
1710 1112 1810 1150 civi-

420 1185 517 1214 tates
538 1177 793 1229 optimatium
813 1176 984 1214 consiliis
1001 1175 1343 1220 administrentur,
1367 1175 1516 1214 sublata
1532 1176 1668 1228 Mysiae
1689 1177 1811 1215 latro-

420 1242 548 1286 cinia,
581 1241 702 1279 caedes
725 1241 862 1278 multis
883 1240 981 1278 locis
1003 1239 1208 1291 repressam
1232 1254 1367 1292 pacem
1390 1250 1470 1278 tota
1490 1242 1693 1293 provincia
1712 1256 1810 1281 con-

419 1306 623 1352 stitutam3
648 1319 775 1359 neque
795 1305 923 1343 solum
943 1304 1013 1343 illa
1031 1305 1226 1342 itinerum·
1242 1314 1358 1356 atque
1378 1318 1576 1357 agrorum,
1599 1307 1662 1344 sed
1682 1309 1812 1347 inulto

418 1372 538 1411 etiarn
558 1372 672 1426 plura
694 1381 732 1410 et
754 1372 900 1424 majora
920 1370 1160 1424 oppidorum
1190 1379 1229 1409 et
1259 1369 1457 1416 fanorum,
1487 1370 1594 1410 furta
1622 1382 1660 1410 et
1690 1373 1810 1412 latro-

419 1439 524 1477 cinia
551 1438 623 1477 effe
651 1437 836 1491 depulsa,
870 1446 1062 1475 remotam
1082 1450 1102 1474 a
1122 1435 1240 1482 fama,
1272 1446 1311 1475 et
1338 1450 1358 1474 a
1384 1436 1570 1483 fortunis,
1602 1447 1641 1476 et
1660 1439 1707 1476 ab
1728 1441 1811 1479 otio

418 1503 681 1557 locupletum,
713 1503 824 1542 illam
853 1502 1136 1541 acerbiffimam
1166 1502 1384 1541 ministram
1412 1512 1624 1556 praetorum
1645 1505 1812 1545 avaritiae

418 1570 684 1615 calumniam3
707 1568 888 1622 sumptus
907 1577 947 1607 et
968 1568 1117 1607 tributa
1135 1568 1344 1607 civitatum
1364 1569 1412 1607 ab
1432 1569 1634 1615 omnibus,
1657 1571 1727 1623 qui
1746 1585 1811 1610 ea-

420 1650 509 1674 rum
530 1637 738 1675 civitatum
760 1635 855 1674 fines
883 1635 1075 1681 incolant,
1108 1635 1263 1673 tolerari
1293 1635 1566 1688 aequabiliter,
1598 1635 1811 1677 facillimos

418 1701 492 1740 effe
511 1701 639 1740 aditus
661 1701 707 1739 ad
729 1711 793 1747 te5
826 1710 956 1754 patere
977 1713 1085 1739 aures
1109 1710 1192 1738 tuas
1215 1701 1384 1753 querelis
1416 1701 1627 1747 omnium;
1661 1703 1810 1741 nullius

417 1767 595 1820 inopiam
615 1781 658 1805 ac
680 1766 949 1813 solitudinem,
973 1780 1051 1805 non
1074 1766 1193 1805 modo
1215 1766 1284 1804 illo
1305 1766 1484 1819 populari
1505 1767 1653 1805 acceffu
1673 1780 1716 1805 ac
1739 1769 1811 1806 tri-

419 1832 571 1878 bunali,
603 1832 667 1871 sed
699 1846 746 1871 ne
778 1832 898 1871 domo
930 1831 1092 1885 quidem
1122 1841 1161 1870 et
1191 1832 1379 1870 cubiculo
1400 1831 1471 1870 esse
1491 1832 1690 1871 exclusam
1713 1841 1808 1880 tuo;

419 1907 504 1937 toto
525 1898 695 1952 denique
716 1899 884 1951 imperio
906 1897 1007 1936 nihil
1029 1898 1214 1937 acerbum
1243 1897 1329 1943 effe,
1361 1896 1464 1935 nihil
1492 1897 1664 1944 crudele,
1695 1908 1812 1951 atque

419 1965 554 2004 omnia
572 1965 689 2018 plena
708 1964 944 2010 clementiae,
975 1963 1302 2009 mansuetudinis,
1333 1962 1607 2004 humanitatis.

475 2031 550 2069 IX.
584 2032 791 2083 Qantum
812 2044 903 2068 vero
923 2029 1025 2068 illud
1045 2030 1099 2068 est
1120 2029 1360 2068 beneficium
1382 2038 1511 2075 tuum,
1545 2029 1653 2082 quod
1673 2030 1813 2084 iniquo

419 2106 458 2135 et
491 2097 599 2149 gravi
632 2096 812 2149 vectigali
848 2096 1118 2141 aedilitiorum,
1163 2095 1316 2148 magnis
1352 2095 1490 2133 nostris
1531 2095 1810 2142 simultatibus,

421 2163 552 2201 Asiam
572 2162 742 2201 liberasti
761 2164 774 2200 ?
808 2162 1023 2201 Enimvero
1044 2162 1070 2200 fi
1092 2175 1193 2200 unus
1214 2161 1338 2200 hoino
1358 2161 1504 2200 nobilis
1535 2163 1713 2214 queritur
1740 2176 1811 2216 pa-

421 2227 514 2273 lam,
546 2237 598 2274 te,
620 2228 727 2281 quod
747 2228 930 2273 edixeriS,
961 2229 1022 2267 Ne
1042 2227 1094 2266 ad
1109 2227 1204 2266 ludos
1217 2227 1381 2281 pecuniae
1399 2227 1689 2273 decernerentur,
1719 2228 1812 2266 H-S

425 2306 477 2332 cc
500 2293 570 2332 fibi
596 2293 804 2347 eripuiffe;
836 2303 983 2347 quanta
1012 2293 1171 2333 tandem
1200 2294 1368 2347 pecunia
1395 2293 1644 2346 penderetur,
1676 2294 1703 2332 fi
1724 2308 1813 2333 om-

422 2359 536 2398 nium
556 2361 731 2406 nomine,
753 2361 984 2414 quicunque
1004 2361 1143 2399 Romae
1165 2359 1279 2398 ludos
1300 2359 1487 2405 facerent,
1510 2359 1616 2412 quod
1637 2369 1716 2398 erat
1731 2361 1815 2413 jam

422 2425 663 2470 institutum,
680 2427 926 2478 erogaretur?
950 2428 1192 2480 Qanquam
1208 2425 1276 2465 has
1298 2426 1472 2479 querelas
1489 2425 1702 2465 hominum
1723 2427 1814 2465 nos-

420 2501 574 2531 trorum
595 2491 667 2529 illo
687 2492 850 2531 confilio
871 2494 1144 2546 oppreffimus,
1175 2493 1282 2546 quod
1311 2493 1353 2532 in
1375 2493 1464 2531 Asia
1493 2493 1623 2532 nescio
1643 2506 1817 2547 quonam

504 2558 644 2596 ΤοΜ.
679 2556 752 2596 ΙΧ.
1485 2559 1515 2596 Β
