2241 2994
524 232 602 276 340

523 315 705 351 induCtum
734 314 841 351 fuiffe.
872 329 904 351 v.
929 315 1076 352 Kalend.
1101 316 1191 351 Maii

523 364 656 400 senatus
693 365 830 399 habitus
863 364 932 400 fuit
966 366 1010 400 de
1039 365 1092 407 iis,
1129 365 1191 412 qui

523 413 634 448 hostes
653 412 799 459 judicati
828 424 935 455 erant,
963 414 1055 449 bello
1084 413 1190 462 perse-

522 463 684 509 quendis,
713 464 794 508 φξβ.
815 475 848 509 9.
867 462 913 497 ad
927 463 1020 498 Brut.
1048 499 1052 502 ,

495 519 499 524 ·
574 511 682 546 Dedit
699 523 740 546 eo
758 521 912 558 ternpore
936 512 1060 547 Cicero
1076 511 1192 559 plures

523 560 636 595 literas
661 561 702 594 ad
734 561 779 594 D.
799 560 946 596 Brutum
973 571 1008 596 et
1024 560 1069 595 L.
1089 560 1192 595 Plan-

522 621 617 650 cum,
645 620 685 644 ut
713 607 828 643 fusum
857 609 1054 645 Antonium
1085 609 1191 655 perse-

522 667 722 705 querentur,
764 670 846 705 quae
885 658 938 693 lib.
972 659 1019 692 X.
1061 665 1091 692 et
1126 657 1190 692 xl.

519 709 612 743 Fam.
655 717 783 741 extant.
839 707 976 741 Interim
1014 705 1193 741 Antonius

522 754 609 803 fuga
626 756 842 802 transgressus
861 755 984 801 Alpes,
1005 754 1120 801 primo
1137 755 1194 802 spe

523 805 691 851 colloquii
724 804 876 851 repulsus
907 816 926 837 a
955 803 1011 838 M.
1040 803 1192 850 Lepido,

523 865 605 888 mox
624 853 749 900 saepius
768 854 800 887 in
815 852 1036 900 conspestum
1057 851 1192 887 veniens

523 902 689 944 militurn,
742 914 801 948 per
843 901 954 936 aversa
1005 900 1193 936 castrorum

521 960 669 999 proruto
696 951 789 985 vallo
812 962 831 984 a
849 950 1018 985 militibus
1036 960 1191 997 receptus

521 1000 598 1041 est;
636 999 823 1035 Paterculus
857 999 910 1034 lib.
944 999 987 1034 11.
1029 1008 1098 1044 cap.
1132 1000 1190 1044 63.

520 1049 716 1085 Plutarchus
732 1051 766 1083 in
783 1049 932 1089 Antonio,
958 1049 1121 1094 Appianas
1137 1047 1190 1082 lib.

521 1098 584 1134 111.
635 1097 794 1144 Lepidus
837 1096 868 1131 se
912 1109 993 1131 cum
1033 1095 1192 1131 Antonio

519 1146 702 1194 conjunxit
719 1158 747 1180 a.
769 1146 804 1180 d.
839 1158 888 1181 iv,
908 1145 986 1180 Kal.
1006 1145 1090 1191 Jun.
1108 1145 1191 1191 eptst.

521 1207 580 1242 23.
607 1195 662 1230 lib.
682 1196 729 1230 X.
760 1194 879 1230 Fannii.

571 1245 686 1280 Pridie
710 1243 857 1279 Kalend.
877 1242 1004 1291 Qiint.
1032 1241 1191 1289 Lepidus

517 1293 690 1329 sententiis
707 1293 879 1328 omnibus
900 1291 1004 1328 hostis
1029 1303 1048 1326 a
1073 1291 1188 1326 senatu

513 1342 692 1390 judicatus
721 1341 781 1384 est,
817 1341 1007 1388 ceterique,
1029 1340 1091 1388 qui
1121 1352 1190 1375 una

519 1404 601 1426 cum
645 1391 706 1426 illo
748 1403 767 1425 a
806 1390 940 1437 republ.
983 1388 1188 1425 defecerant.

520 1441 667 1489 Qibus
685 1450 797 1475 tamen
824 1439 865 1473 ad
896 1438 1070 1474 sanitatem
1097 1438 1189 1473 rede-

519 1490 605 1526 undi
623 1499 700 1524 ante
717 1488 860 1524 Kalend.
883 1487 1058 1534 Septemb.
1079 1486 1188 1534 potes-

518 1549 571 1574 tas
598 1537 688 1573 fafta
718 1535 1188 1583 fuit,ep4'st.10.lib.XII.

517 1589 630 1625 famil.
655 1599 670 1622 e
667 1588 737 1634 pist.
762 1587 814 1621 ι6
841 1595 876 1620 et
897 1597 951 1632 19.
979 1585 1130 1621 adBrut.
1156 1595 1191 1620 et

518 1639 585 1674 Dio
609 1636 666 1671 lib.
667 1597 818 1671 p.XLVI
870 1627 1084 1670 Octavianus
1109 1634 1188 1668 Cae-

519 1686 581 1729 sar,
609 1696 648 1720 ut
677 1683 843 1732 cognovit
867 1683 1066 1718 Antonium
1084 1694 1104 1718 a
1120 1682 1188 1718 Le-

519 1736 606 1784 pido
635 1744 823 1788 receptum,
859 1731 1054 1779 ceterosque
1085 1731 1191 1766 duces

520 1795 554 1819 et
583 1783 752 1819 exercitus
782 1781 969 1817 consentire
993 1792 1058 1835 pro
1086 1780 1192 1828 parti-

522 1834 608 1875 bus,
660 1831 794 1867 causam
848 1829 1070 1877 optimatium
1123 1829 1192 1865 fine

521 1859 739 1917 ειιηέὶειῑίοηε
775 1878 932 1921 deseruit,
970 1879 1011 1914 ad
1042 1888 1190 1926 praetex-

520 1941 596 1966 turn
615 1940 758 1965 mutatae
776 1928 979 1970 voluntatis,
1005 1927 1097 1963 dieta
1118 1925 1190 1962 fac·

521 1991 625 2028 taque
675 1977 896 2026 quorundam
942 1976 1189 2020 calumniatus,

519 2029 615 2073 quasi
643 2028 699 2062 alii
730 2026 758 2061 se
789 2037 947 2072 puerum,
985 2025 1040 2059 alii
1066 2036 1190 2060 ornan-

519 2080 605 2114 dum
625 2076 887 2122 tollendumque
899 2073 1096 2121 jaCtassenu
1116 2075 1188 2108 Sue-

520 2129 623 2162 tonius
651 2127 685 2160 in
703 2124 850 2171 Augusto,
878 2133 946 2169 cap.
973 2134 1025 2157 12.
1068 2123 1188 2158 Pater-

520 2178 603 2212 tulus
621 2175 674 2210 ls‘b.
699 2175 740 2209 ll.
768 2182 835 2218 cap.
857 2174 914 2208 62.
956 2174 1076 2208 Brutus
1101 2173 1187 2218 epist.

522 2237 579 2262 20.
607 2225 661 2259 lib.
684 2223 748 2259 XI.
778 2222 891 2257 Famal.

571 2275 669 2309 Tum
701 2273 786 2307 inter
813 2282 893 2306 eum
927 2280 960 2305 et
992 2269 1188 2305 Antonium

520 2322 725 2359 commercia
753 2320 973 2367 epistolarum
1006 2329 1040 2354 et
1070 2318 1189 2353 condi-

520 2385 656 2409 tionum
675 2370 763 2405 faeta
787 2369 927 2409 mentm,
955 2369 1049 2415 quod
1071 2368 1187 2402 Pater-

520 2423 606 2457 culus
649 2420 772 2455 scribit.
825 2420 986 2463 Cumque
1018 2416 1189 2458 effecisset,

521 2483 560 2508 ut
588 2471 712 2506 milites
732 2470 816 2504 inter
834 2468 863 2502 se
876 2466 1100 2513 jurejurando
1119 2466 1190 2501 san-

836 219 902 260 M.
961 221 1017 260 T.
1076 220 1607 260 CICERONIS

1241 315 1361 358 citent,
1398 327 1480 351 cum
1515 315 1614 351 nullo
1645 314 1811 359 exercitu,
1848 316 1912 364 qui

1241 365 1285 400 C.
1303 363 1446 400 Caesatis
1474 363 1601 407 fuisset,
1628 364 1759 400 bellum
1782 364 1814 400 se
1839 365 1912 413 ges-

1243 424 1350 455 turos,
1383 414 1653 461 quadringentos
1682 413 1807 448 milites
1836 415 1911 450 Ro-

1244 474 1335 497 mam
1354 463 1396 497 ad
1426 463 1577 498 senatum
1607 461 1711 504 misit,
1737 462 1799 509 qui
1828 474 1913 498 con-

1242 511 1390 546 sulatum
1409 511 1470 546 fibi
1490 511 1628 546 nomine
1652 513 1822 546 exercitus
1851 511 1912 546 de-

1241 559 1441 606 poscerent:
1485 571 1568 594 cum
1607 559 1763 605 quidem,
1805 571 1912 595 cunc·

1241 617 1334 642 tante
1363 606 1491 650 senatu,
1530 607 1713 642 Cornelius
1742 608 1913 651 centurio,

1241 655 1402 704 princeps
1431 655 1623 703 legationis,
1649 655 1773 702 rejecto
1793 656 1914 704 sagulo

1241 704 1419 740 ostendens
1435 705 1541 753 gladii
1560 705 1739 752 capulum,
1759 716 1830 740 non
1846 705 1912 741 du-

1243 753 1377 789 bitaffet
1394 753 1426 788 in
1445 754 1540 789 curia
1554 753 1686 789 dicere:
1706 754 1779 789 Hic
1796 753 1912 798 faciet,

1243 802 1267 837 si
1295 815 1364 838 non
1392 801 1540 838 feceritis
1566 814 1641 838 vos.
1692 805 1851 839 Suezonius
1878 807 1913 839 in

1243 853 1327 897 Aug.
1357 861 1426 897 cap.
1456 851 1514 887 26.
1543 861 1578 886 et
1602 852 1670 887 Dio
1693 852 1747 887 lib.
1774 853 1910 889 XLVI.

1243 900 1305 935 ubi
1341 900 1448 943 addit,
1480 900 1683 936 Ciceronem
1712 899 1908 947 subjecisse:

1240 949 1276 984 Si
1307 949 1354 984 ita
1381 948 1599 984 consulatum
1627 949 1805 996 petieritis,
1830 962 1913 986 eum

1240 997 1396 1045 accipiet.

1291 1045 1472 1081 Militibus
1489 1056 1524 1080 re
1541 1043 1667 1081 infecta
1683 1046 1725 1082 ad
1748 1047 1911 1083 oetavia-

1242 1105 1327 1129 num
1343 1094 1497 1137 revetfis,
1522 1095 1719 1130 Antonium
1746 1107 1780 1131 et
1806 1096 1915 1144 Lepi-

1241 1143 1328 1178 dum
1357 1143 1390 1179 in
1422 1143 1555 1179 Italiam
1585 1144 1774 1188 accersivit,
1809 1156 1915 1192 atque

1242 1192 1312 1240 ipse
1339 1192 1490 1240 legiones
1520 1192 1563 1228 ad
1595 1193 1718 1229 urbem
1747 1193 1914 1230 hostiliter

1241 1242 1409 1284 admovit,
1436 1242 1608 1285 Suetonius,
1633 1243 1713 1285 Dio,
1739 1253 1775 1278 et
1792 1245 1914 1290 Appia-

1239 1302 1322 1326 nus:
1361 1290 1423 1338 qui
1454 1290 1570 1326 scribit
1599 1291 1802 1327 Ciceronem
1834 1302 1910 1328 tum

1240 1340 1281 1374 ad
1309 1339 1543 1375 oetavianurn
1572 1340 1706 1381 venisse,
1737 1353 1776 1376 ac
1803 1342 1911 1389 paulo

1239 1389 1316 1436 post
1344 1388 1464 1424 leffica
1491 1400 1534 1423 ex
1564 1389 1649 1424 urbe
1680 1387 1813 1437 fugisse.
1867 1392 1907 1426 C.

1239 1447 1354 1472 autem
1397 1437 1512 1472 Caesar
1541 1437 1755 1473 Oftavianus
1792 1439 1911 1474 consul

1239 1498 1321 1521 cum
1351 1487 1406 1534 Q
1428 1487 1536 1521 Pedio
1565 1485 1678 1521 statim
1708 1486 1821 1522 faftus
1849 1488 1912 1532 est,

1241 1545 1279 1570 ut
1297 1547 1415 1570 omnes
1434 1535 1569 1570 annales
1592 1535 1765 1571 testantur.
1817 1537 1912 1572 Con·

1239 1584 1387 1620 sulatum
1437 1583 1604 1620 Caesarem
1649 1584 1754 1620 iniisse
1803 1585 1915 1633 pridie

1239 1645 1345 1680 quam
1364 1645 1421 1668 xx.
1443 1645 1549 1668 annos
1574 1634 1744 1681 impleret,
1770 1646 1803 1669 x.
1829 1635 1911 1672 Kal.

1239 1682 1418 1723 octobris,
1447 1682 1647 1717 Paterculus
1675 1682 1729 1718 lib.
1761 1683 1809 1718 11.
1839 1693 1910 1731 cap.

1243 1732 1301 1776 65.
1329 1731 1447 1766 auftor
1462 1731 1520 1766 est.
1575 1732 1613 1766 ln
1635 1730 1783 1767 Liviana
1799 1743 1911 1779 epito-

1242 1791 1298 1814 ma
1328 1780 1382 1815 lib.
1413 1780 1548 1815 CXIX.
1577 1779 1715 1827 legitur,
1741 1780 1910 1817 Caelarem

1241 1828 1415 1864 consulem
1432 1839 1584 1864 creatum
1601 1829 1678 1871 esse,
1703 1841 1784 1864 curn
1804 1841 1911 1866 annos

1241 1890 1316 1913 xix.
1339 1878 1486 1913 haberet.
1535 1878 1742 1913 Plutarchus
1759 1880 1793 1913 in
1810 1881 1912 1916 Bruto

1240 1939 1282 1962 ex
1301 1927 1482 1962 Octaviani
1513 1927 1766 1962 commentariis
1796 1927 1911 1971 refert,

1242 1975 1354 2023 ipsum
1390 1976 1595 2024 vigesimum
1627 1987 1755 2011 annum
1796 1978 1910 2024 egiss'e,

1241 2037 1322 2060 cum
1360 2025 1478 2060 consul
1521 2025 1672 2072 primum
1705 2025 1752 2060 est
1786 2024 1910 2063 fastus.

1239 2073 1433 2122 Eutropius
1453 2073 1549 2109 initio
1565 2073 1619 2108 lib.
1640 2074 1718 2108 Vll.
1743 2074 1802 2116 ait,
1829 2076 1909 2111 Cre-

1238 2123 1341 2158 sarem
1361 2123 1511 2157 Romam
1542 2134 1624 2158 cum
1647 2124 1798 2158 exercitu
1829 2136 1907 2171 pro·

1237 2171 1368 2206 fectum
1384 2171 1565 2212 extorsisse.
1593 2181 1632 2206 ut
1663 2173 1724 2207 sibi
1743 2173 1909 2219 vigesimo

1238 2232 1328 2255 anno
1356 2219 1552 2255 consulatus
1584 2221 1732 2256 daretur.
1785 2224 1909 2258 Sueto-

1240 2270 1317 2304 nius
1349 2271 1383 2303 in
1414 2270 1552 2315 Augusto
1580 2279 1647 2315 cap.
1682 2281 1738 2315 3¹·
1779 2270 1908 2313 scribit,

1238 2330 1318 2353 eum
1346 2318 1378 2353 in
1405 2318 1620 2353 ordinatione
1643 2320 1721 2353 anni
1743 2320 1908 2356 Sextilem

1240 2367 1385 2402 mensem
1403 2379 1421 2402 e
1450 2367 1509 2402 suo
1539 2368 1745 2414 cognomine
1776 2381 1907 2404 nuncu-

1240 2415 1341 2463 passe.
1366 2416 1463 2463 quod
1480 2429 1521 2451 eo
1540 2416 1600 2451 sibi
1624 2426 1657 2451 et
1677 2417 1808 2464 primus
1825 2430 1905 2452 con-

1241 2466 1367 2501 sulatus
1396 2476 1428 2501 et
1461 2466 1605 2514 insignes
1633 2465 1787 2501 victoriae
1817 2467 1908 2502 obti-
