2241 2994
519 227 599 268 324

520 311 743 351 multitudine
760 311 865 347 hostis
886 321 920 346 et
937 310 1076 346 vie‘toris
1100 309 1185 357 peri-

521 360 641 395 culum
681 360 800 394 facere.
853 361 984 394 Verum
1020 371 1087 394 non
1122 357 1190 393 fuit

521 420 612 455 opus
635 409 825 455 quicquam
856 408 967 443 dicere
998 418 1057 442 aut
1080 405 1190 442 facere

522 467 650 504 praeter
678 457 893 504 dignitatem.
944 456 1057 492 Caesar
1085 455 1189 497 enim,

523 514 564 539 ut
589 517 668 540 eum
696 505 798 552 longe
816 515 892 540 ante
910 504 994 539 alios
1014 516 1191 539 occurrere

525 551 624 595 vidit,
649 553 820 588 descendit
835 563 869 588 et
896 552 1066 593 salutavit,
1093 564 1190 587 cum-

523 613 592 648 que
608 613 650 637 eo
678 601 750 637 solo
771 603 973 649 colloquens
1000 601 1111 635 multa
1127 600 1189 635 sta-

521 650 580 684 dia
596 652 763 696 proceffit.
815 651 910 685 Haec
933 649 1140 684 Plutarchus
1158 648 1191 682 in

521 699 678 734 Cicerone.

575 748 655 782 Kal.
677 747 824 783 Ostobr.
852 746 974 782 Cicero
1001 746 1044 780 ad
1063 745 1194 779 Teren-

526 795 608 831 tiam
637 796 679 831 de
697 795 870 830 Venusino
899 794 994 829 dedit
1018 795 1100 840 epist.
1133 805 1190 828 20.

526 843 581 879 lib.
613 845 712 880 XIV.
748 846 837 880 Fam.
876 843 1053 884 mandans,
1088 851 1128 877 ut
1158 841 1193 876 in

527 893 729 928 Tusculano
757 892 874 927 omnia
897 892 1001 926 effent
1018 901 1135 938 parata
1151 890 1193 925 ad

526 941 674 989 hospites
706 941 939 988 excipiendos.
990 940 1126 975 Deinde
1160 939 1194 973 in

528 990 650 1025 urbem
669 990 776 1032 venit,
801 998 835 1024 et
862 989 961 1024 rediit
991 1000 1072 1023 cum
1100 988 1195 1022 libris

529 1037 564 1072 in
595 1039 752 1085 gratiam,
779 1047 824 1084 ep.
862 1051 890 1073 x.
923 1037 977 1071 lib.
1010 1037 1074 1072 IX.
1102 1037 1194 1071 Fam.

528 1086 697 1122 Extremo
719 1098 808 1121 anno
826 1087 879 1133 Q
895 1085 1017 1120 Fufius
1046 1085 1196 1119 Calenus

527 1144 562 1169 et
592 1136 624 1170 Ρ,
644 1135 804 1170 Vatinius
831 1134 911 1170 coff.
942 1132 1106 1175 fuerunt;
1134 1135 1198 1168 Dio

529 1182 584 1219 lib.
604 1184 725 1219 XLII.

531 1336 639 1373 Anno
660 1333 768 1373 Urbis
788 1345 881 1385 707.
929 1331 1107 1370 Ciceronis
1128 1331 1194 1370 61.

674 1403 866 1442 Consules
897 1401 1057 1440 fuerunt

585 1467 632 1504 C.
665 1466 829 1516 Jumus
861 1463 1030 1502 CAESAR
1062 1463 1141 1506 111,

579 1527 898 1565 M.A1M11.1us
932 1525 1151 1562 Lamnus.

583 1622 697 1658 Caesar
714 1634 795 1657 cum
822 1634 841 1656 a
863 1621 998 1656 summo
1024 1620 1200 1669 haruspice

535 1681 742 1713 moneretur,
787 1683 828 1705 ne
864 1670 898 1705 in
934 1668 1092 1704 Africam
1126 1679 1203 1705 ante

537 1722 696 1756 brumam
731 1718 981 1761 transmitteret,
1013 1727 1052 1753 ut
1080 1718 1204 1753 Cicero

536 1770 591 1804 lib.
622 1770 666 1804 ll.
706 1768 743 1803 de
770 1769 920 1803 Divinas.
951 1776 1017 1813 cap.
1051 1778 1108 1810 ²4·
1143 1766 1203 1808 ait,

536 1831 572 1853 vi
606 1818 684 1853 Kal.
710 1818 788 1862 Jan.
820 1815 972 1862 Lilybaei
994 1815 1201 1857 conscendit,

537 1879 575 1902 ac
594 1867 669 1914 post
692 1867 782 1900 diem
809 1875 972 1912 quartum
992 1864 1025 1898 in
1043 1863 1203 1911 conspec-

539 1928 614 1951 tum
641 1914 776 1950 Africae
794 1914 899 1954 venit,
928 1914 1045 1960 ibique
1063 1913 1127 1948 hoc
1147 1925 1204 1947 an-

538 1978 584 2000 no
603 1964 733 1999 bellum
753 1962 960 1997 Africanum
988 1962 1146 1996 adversus
1165 1962 1204 1996 P.

539 2013 748 2060 Scipionem,
773 2021 806 2046 et
824 2011 955 2055 Jubam
985 2009 1206 2044 Mauritania:

540 2074 665 2109 regem,
696 2059 954 2100 administravit,
972 2059 1014 2094 de
1031 2070 1104 2105 quo
1122 2058 1207 2093 Hir-

541 2111 609 2145 tius
626 2120 659 2145 et
677 2109 744 2144 alii.

592 2158 784 2195 Obtinebat
809 2169 851 2192 eo
879 2167 1033 2203 tempore
1056 2155 1206 2190 Siciliam

542 2209 701 2243 Allienus
729 2216 869 2254 praetor,
897 2215 935 2240 ut
966 2205 1106 2239 Hirtius
1133 2204 1208 2238 scri·

545 2259 593 2295 bit
611 2257 646 2292 de
665 2257 747 2291 Bello
769 2255 842 2301 Asr.
862 2264 930 2300 cap.
952 2265 983 2289 2.
1017 2254 1115 2288 Misit
1135 2263 1208 2287 tum

543 2307 584 2341 ad
611 2318 691 2341 eum
724 2305 757 2339 in
781 2302 994 2351 provinciam
1022 2303 1145 2337 Cicero
1161 2311 1208 2346 tp.

543 2355 671 2390 Penull.
707 2362 736 2388 et
771 2353 829 2387 ult.
863 2351 918 2387 lib.
947 2350 1050 2386 XIII.
1092 2350 1206 2386 humil.

543 2405 669 2444 Cae-sar,
707 2414 788 2437 cum
827 2401 869 2435 ad
911 2401 1041 2435 bellum
1073 2399 1208 2434 Africa-

543 2465 627 2488 num
659 2450 938 2498 proficisceretur,
976 2449 1031 2484 Μ.
1063 2448 1210 2483 Brutum

831 215 898 254 M.
958 216 1013 254 T.
1059 212 1600 254 -CICERONIS

1239 309 1365 345 Galliae
1387 305 1760 356 Cisalpinae-praefecit,
1786 308 1907 343 auctor

1242 361 1402 404 Appianas
1429 357 1482 393 lib.
1511 357 1554 392 ll.
1584 366 1618 391 et
1645 356 1768 391 Cicero
1797 365 1842 402 ep.
1871 357 1904 391 6.

1240 407 1295 442 lib.
1320 407 1381 441 VI.
1413 406 1505 440 Fam.
1536 417 1578 440 eo
1608 415 1761 452 tempore
1785 405 1908 440 Cicero

1241 456 1283 490 ad
1311 455 1409 490 illum
1440 453 1569 501 scripsit
1596 455 1727 500 quinque
1756 453 1907 499 epistolas,

1241 515 1323 550 quae
1353 503 1405 538 lib.
1438 503 1536 537 XIII.
1577 503 1692 537 Famil.
1734 503 1906 549 leguntur.

1241 552 1391 586 Graeciae
1422 551 1510 585 idem
1527 549 1642 585 Caesar
1665 549 1820 596 praefecit
1838 551 1908 585 Ser.

1240 599 1449 646 Sulpicium,
1480 598 1562 643 epist.
1591 611 1624 641 4.
1652 599 1704 633 lib.
1738 599 1800 634 IV.
1828 598 1909 634 item

1248 659 1276 682 1.
1295 658 1329 683 et
1357 648 1390 683 6.
1416 647 1472 682 lib.
1494 647 1554 681 VI.
1584 647 1693 682 Famil.
1744 647 1804 682 Ad
1829 659 1911 682 eum

1242 708 1386 743 quoque
1410 696 1525 743 plures
1554 695 1730 730 Ciceronis
1757 695 1912 743 epistolae

1242 755 1360 780 extant
1376 744 1430 780 lib.
1449 744 1550 779 XIII.
1576 744 1690 779 Famil.

1293 793 1378 828 Erat
1391 802 1505 828 autem
1524 793 1579 827 M.
1599 792 1742 828 Tullius
1755 802 1911 840 tempore

1243 842 1324 877 belli
1364 841 1522 877 Africani
1556 841 1695 884 Romae,
1739 853 1799 876 nec
1842 840 1911 876 fere

1242 891 1371 933 exibat,
1409 899 1550 938 propter
1583 889 1694 924 varias
1729 889 1911 925 hominum

1245 939 1461 986 suspiciones,
1487 950 1573 985 quas
1593 938 1741 973 Varroni
1769 939 1914 986 exponit

1245 989 1327 1034 epist.
1349 1000 1380 1022 2.
1399 987 1453 1022 lib.
1473 987 1536 1021 IX.
1563 986 1678 1021 Famil.
1711 987 1794 1021 Fuit
1810 987 1913 1022 etiam

1245 1036 1316 1071 ruri
1346 1036 1379 1070 in
1409 1035 1516 1076 villis,
1541 1044 1587 1081 ep.
1618 1046 1646 1070 1.
1671 1033 1725 1070 lib.
1756 1035 1841 1070 XII.
1871 1035 1917 1070 ad

1245 1085 1320 1120 Au.
1348 1084 1408 1119 ubi
1439 1083 1549 1119 Hirtii
1577 1092 1612 1118 et
1638 1083 1738 1118 Balbi
1754 1083 1916 1119 Caesaria-

1248 1145 1373 1168 norum
1407 1132 1576 1175 meminit,
1618 1132 1681 1179 qui
1721 1133 1788 1168 hoc
1825 1133 1918 1169 bello

1249 1181 1420 1218 Africano
1446 1179 1756 1223 Romae-fuerunt,
1782 1191 1823 1216 ut
1843 1193 1917 1228 per-

1247 1231 1368 1266 multae
1402 1230 1532 1275 epistolae
1563 1229 1608 1264 ad
1630 1230 1811 1270 familiares
1840 1239 1916 1266 tum

1247 1279 1382 1327 scriptae
1399 1278 1595 1314 ostendunt.
1635 1279 1673 1314 In
1692 1279 1823 1326 quibus
1841 1279 1918 1315 sunt

1245 1327 1290 1363 ad
1305 1330 1477 1364 Varronem
1502 1334 1532 1362 et
1553 1327 1678 1362 Paetum
1689 1327 1842 1376 pleraeque
1858 1328 1915 1364 lib.

1247 1377 1313 1412 lx.
1341 1376 1455 1412 Famil.

1297 1424 1572 1472 Conquiescebat
1612 1424 1669 1460 M.
1705 1424 1848 1460 Tullius
1883 1425 1917 1461 in

1249 1473 1382 1515 studiis,
1423 1483 1469 1519 ep.
1519 1474 1552 1508 6.
1596 1472 1649 1507 lib.
1690 1473 1752 1508 lx.
1799 1474 1916 1510 Famil.

1250 1522 1422 1570 Scripsisse
1451 1522 1551 1557 illum
1575 1534 1616 1556 eo
1635 1532 1788 1569 ternpore
1806 1523 1918 1558 Parti-

1248 1574 1342 1606 tiones
1383 1572 1556 1605 Oratorias
1589 1571 1764 1605 Corradus
1807 1581 1918 1618 putat.

1250 1621 1298 1655 Et
1314 1620 1350 1655 de
1366 1620 1482 1661 Bruto,
1512 1619 1572 1667 qui
1591 1619 1638 1654 est
1655 1618 1692 1653 de
1708 1618 1813 1654 claris
1830 1622 1919 1655 Ora-

1252 1669 1382 1710 toribus,
1421 1680 1499 1703 vere
1531 1669 1690 1709 affirmat,
1727 1680 1807 1703 eum
1838 1669 1921 1704 vivo

1253 1718 1366 1753 adhuc
1380 1718 1512 1752 Catone
1525 1716 1690 1764 scripturn
1707 1717 1782 1758 esse,
1797 1729 1920 1764 quam-

1253 1767 1306 1801 vis
1324 1766 1538 1849 ppos-{mitam
1557 1777 1658 1849 danno
1684 1765 1833 1812 sequenti
1850 1767 1921 1801 edi-

1252 1825 1328 1850 tum
1365 1827 1398 1850 u1
1427 1826 1483 1849 eo
1513 1827 1554 1850 en
1582 1824 1625 1848 at.

1304 1863 1419 1898 Caesar
1437 1863 1534 1898 initio
1557 1862 1678 1898 mensis
1710 1862 1856 1910 ApriIiS,
1883 1875 1923 1899 ut

1255 1914 1386 1947 Hirtius
1413 1911 1541 1955 scribit,
1567 1911 1697 1957 Jubam
1727 1922 1760 1946 et
1790 1912 1922 1958 Scipio-

1256 1972 1332 1995 nem
1353 1961 1457 1996 vicit:
1486 1973 1524 1996 ac
1554 1960 1673 2008 paucis
1701 1960 1822 1994 diebus
1849 1961 1924 2008 post

1259 2009 1312 2044 Μ.
1332 2011 1422 2044 Cato
1448 2009 1508 2044 sibi
1528 2008 1647 2044 Uticae
1674 2018 1819 2043 mortem
1843 2021 1924 2044 con-

1258 2058 1364 2093 scivit.
1417 2058 1508 2093 Cato
1549 2067 1665 2092 autem
1702 2057 1745 2091 sic
1782 2058 1866 2092 abiit
1907 2071 1926 2094 e

1258 2107 1342 2147 vita,
1367 2116 1408 2141 ut
1437 2106 1571 2141 causam
1600 2105 1766 2140 moriendi
1786 2108 1925 2142 nanum

1258 2155 1288 2190 se
1305 2155 1368 2190 esse
1385 2155 1560 2202 gauderet,
1587 2154 1633 2189 ait
1661 2155 1784 2190 Cicero
1802 2155 1924 2202 fuscat.

1260 2204 1287 2239 Ι.
1315 2214 1383 2248 rap.
1405 2216 1461 2249 30.

1310 2251 1478 2287 Africano
1508 2251 1600 2287 bello
1626 2251 1785 2287 confecto
1811 2252 1927 2289 Caesar

1262 2301 1349 2335 ldib.
1384 2301 1467 2345 Jun.
1496 2301 1629 2335 classem
1660 2301 1867 2342 conscendit,
1892 2311 1928 2338 ct

1259 2350 1334 2397 post
1368 2350 1459 2384 diem
1493 2349 1632 2384 tertium
1667 2349 1701 2384 in
1735 2350 1926 2385 Sardiniam

1261 2398 1424 2446 pervenit.
1482 2398 1562 2433 lnde
1601 2410 1630 2433 a.
1673 2398 1709 2433 d.
1756 2410 1802 2434 ιιι
1848 2399 1926 2434 Kal.

1262 2448 1389 2496 Qiint.
1422 2459 1524 2482 naves
1552 2446 1778 2484 conscendens
1797 2446 1928 2483 duode-
