2241 2994
772 229 1387 270 HISTORIA.

384 335 420 361 et
436 325 516 373 epist.
538 335 595 370 23.
622 323 676 358 lib.
697 322 760 359 ΙΙΙ,
779 321 825 357 ad
839 322 912 357 Att.
945 321 1054 356 Thes-

385 375 532 410 salonica
548 373 671 407 Cicero
688 371 719 406 se
740 370 975 416 Dyrrachium
1004 382 1054 405 re-

386 423 498 470 cepit:
528 421 647 467 ibique
677 432 732 455 vi.
762 419 841 455 Kal.
867 419 1053 454 Decembr.

385 471 516 517 scripsit
545 469 588 504 ad
618 468 817 503 Terentiam
843 476 896 513 ep.
931 480 960 503 1.
1001 467 1053 503 lib.

384 519 488 554 XIV.
508 517 623 553 Famil.
645 527 680 552 et
697 527 828 565 partem
847 516 978 562 epistolae
996 527 1052 552 22.

384 567 440 602 lib.
460 567 522 602 111.
550 565 595 600 ad
610 567 681 602 Att.
736 565 849 601 Pridie
877 566 955 600 Kal.
983 565 1054 599 De-

385 616 496 651 cemb.
541 614 619 650 inde
653 614 742 650 milit
775 615 818 649 ad
856 613 1055 649 Terentiam

384 665 468 711 epist.
502 677 534 712 3.
561 663 616 699 lib.
645 663 747 699 XIV.
780 673 814 698 et
843 662 888 698 ad
913 665 1056 699 Atticum

383 715 466 759 epist.
488 725 506 749 2
513 725 545 759 3.
572 713 626 747 lib.
647 712 708 747 111.
734 722 768 747 et
790 711 948 760 deinceps
976 724 1054 759 qua-

383 770 457 797 tuor
488 763 620 809 reliquas
654 759 782 807 ejusdem
812 760 899 795 libri.
953 760 1054 795 Exie-

385 821 466 846 runt
483 810 606 844 deinde
624 809 777 856 paludati
807 809 840 844 in
861 808 1055 856 provincias

384 859 552 901 consules,
595 858 674 893 Piso
717 858 752 892 in
797 857 1055 900 Macedoniam,

384 907 556 943 Gabinius
599 907 633 942 in
673 907 820 954 Syriam,
861 907 965 942 Cicero
995 916 1055 952 pro

383 957 499 999 Sextio,
526 966 596 1002 cap.
618 968 676 1002 33.

435 1018 485 1040 iv,
517 1005 598 1040 idus
627 1005 792 1040 Decemb.
816 1003 897 1040 novi
922 1003 1052 1039 tribuni

383 1054 432 1101 pl.
461 1055 506 1088 T.
540 1053 678 1089 Annius
709 1054 815 1095 Milo,
844 1054 882 1088 P.
903 1054 1052 1096 Sextius,

384 1103 425 1138 C.
456 1102 620 1143 Sestilius,
647 1102 703 1136 M.
733 1102 882 1149 Cispius,
910 1102 957 1136 T.
987 1103 1052 1137 Fa-

383 1151 475 1194 dius,
505 1153 559 1186 M.
591 1150 749 1192 Curtius,
783 1153 824 1186 C.
858 1151 1053 1193 Meffinius‚

385 1199 646 1249 QFabricius,
674 1200 751 1234 Sex.
782 1199 912 1234 Atilius
942 1200 1053 1234 Serra-

383 1261 447 1284 nus
477 1258 510 1283 et
539 1247 730 1283 Numerius
760 1249 943 1295 Qinffius,
981 1260 1052 1282 rna-

382 1297 561 1344 gistratum
582 1296 740 1338 inierunt,
763 1307 824 1342 pro
842 1298 954 1338 Sextio,
981 1306 1050 1342 cap.

384 1357 403 1392 3
411 1358 442 1392 3.
486 1356 520 1380 et
558 1345 623 1392 pqst
656 1344 806 1380 Reditum
849 1347 882 1380 in
923 1347 1052 1388 Senatu,

381 1405 448 1442 cap.
470 1396 502 1430 8.

382 1586 492 1624 Anno
514 1584 622 1624 Urbis
643 1584 737 1637 696.
781 1584 960 1623 Ciceronis
981 1596 1047 1637 50.

526 1655 717 1693 Consules
747 1654 910 1693 fuerunt

402 1715 446 1753 P.
478 1716 746 1755 Conmmus
778 1716 1033 1755 LENTULUS

405 1777 661 1822 SPINTHER,
695 1778 763 1828 Q
785 1778 1024 1816 Cfficimus

479 1838 742 1877 METELLUS
776 1838 946 1877 Nepos.

431 1935 600 1970 Praetores
629 1935 748 1970 eodem
786 1947 874 1970 anno
909 1934 1050 1971 fuerunt

381 1984 426 2019 L.
446 1984 622 2024 Caecilius,
641 1985 697 2019 M.
718 1984 887 2026 Calidius,
905 1985 945 2020 C.
966 1986 1049 2032 Sep-

382 2033 512 2075 timius,
552 2033 793 2081 QValerius,
829 2034 868 2068 P.
900 2034 1049 2076 Crassus,

383 2082 459 2116 Sex.
492 2082 702 2129 Qiintilius,
736 2084 776 2118 C.
809 2083 986 2117 Cornutus
1017 2092 1052 2117 et

382 2131 454 2176 Ap.
473 2131 642 2165 Claudius
665 2131 827 2174 Pulcher,
854 2134 960 2167 Cicero
983 2131 1051 2178 post

383 2179 532 2213 Reditum
549 2181 582 2213 in
600 2182 725 2221 Senatu,
752 2191 816 2228 cap.
837 2192 870 2227 9.

432 2227 594 2263 Kalendis
624 2229 777 2273 Januarii
809 2230 848 2265 P.
878 2228 1050 2264 Lentulus

384 2275 523 2311 simulac
553 2276 595 2310 de
623 2277 760 2312 solemni
780 2278 942 2326 religione
960 2288 1050 2313 retu-

384 2325 480 2365 lerat,
509 2324 590 2359 nihil
611 2324 837 2362 humanarum
857 2339 969 2362 rerum
988 2326 1050 2361 fibi

383 2373 582 2426 priutquam
612 2373 654 2407 de
683 2375 848 2410 Cicerone
878 2375 1050 2423 agendum

377 2422 558 2467 judicavit.
611 2422 704 2458 Cum
732 2423 889 2471 pririceps
910 2434 1048 2471 rogatus

382 2470 577 2509 sententiam
612 2471 656 2506 L.
688 2472 792 2508 Cotta
826 2473 926 2515 dixit,
965 2472 1050 2508 nihil

1698 245 1777 284 301

1104 322 1147 357 de
1165 322 1330 358 Cicerone
1347 323 1464 359 aestum
1487 324 1551 359 effe
1571 323 1662 371 jure,
1690 326 1776 360 nihil

1105 382 1199 406 more
1248 370 1438 418 majorum,
1489 373 1575 408 nihil
1625 373 1775 420 legibus,

1105 429 1354 466 proptereaque
1384 421 1457 468 lege
1492 421 1541 456 illi
1581 433 1669 469 opus
1705 434 1775 458 non

1104 468 1191 502 effe:
1219 479 1340 503 verum
1361 469 1548 517 Pompeius
1566 470 1707 514 censuit,
1735 481 1776 506 ut

1105 516 1147 551 ad
1191 517 1334 552 Senatus
1379 518 1614 554 au&0ritatem
1649 520 1775 567 populi

1106 565 1312 600 beneficium
1348 565 1602 614 adjungeretur.
1655 569 1778 615 Atque

1105 626 1146 649 eo
1163 614 1218 649 die
1235 613 1391 650 confecia
1415 628 1464 650 res
1490 616 1580 658 esset,
1608 616 1667 650 nisi
1695 618 1773 653 Sex,

1106 663 1236 699 Atilius
1265 663 1425 699 tribunus
1455 664 1566 711 plebis
1589 677 1656 699 non
1676 665 1775 701 ausus

1104 712 1320 754 intercedere,
1347 713 1482 748 notstem
1508 713 1569 747 fibi
1589 713 1631 748 ad
1647 714 1776 748 delibe-

1105 762 1251 796 randum
1270 761 1477 809 postulasset.
1529 762 1625 797 Haec
1652 762 1776 798 Cicero

1101 811 1167 856 post
1195 810 1346 846 Reditum
1377 810 1422 844 ad
1449 810 1606 857 Qirites,
1639 820 1707 857 cap.
1739 825 1774 857 5.

1099 868 1161 904 pro
1179 861 1291 902 Domo,
1318 869 1386 905 cap.
1409 861 1465 895 26.
1486 869 1546 906 pro
1564 861 1678 903 Sextio,
1705 871 1772 907 cap.

1106 920 1163 953 34.
1191 918 1226 943 et
1242 909 1295 943 lib.
1316 908 1380 944 III.
1399 908 1436 942 de
1453 909 1600 955 Legibus,
1628 919 1695 954 cap.
1720 923 1773 958 ¹9·

1154 957 1275 992 Postea
1309 970 1359 993 res
1395 957 1468 992 afta
1495 958 1542 993 est
1576 958 1611 992 in
1646 959 1774 994 Senatu

1104 1005 1170 1041 alia
1199 1007 1306 1048 nulla,
1331 1016 1365 1042 et
1395 1019 1476 1042 cum
1504 1006 1606 1041 variis
1635 1007 1774 1042 rationi-

1105 1055 1169 1089 bus
1190 1055 1423 1102 impediretur,
1453 1056 1631 1091 voluntate
1660 1066 1773 1091 tamen

1102 1104 1276 1151 perspecta
1307 1104 1451 1147 senatus,
1477 1104 1576 1139 causa
1599 1105 1640 1140 ad
1659 1118 1774 1153 popu-

1105 1154 1178 1187 lum
1209 1165 1284 1188 vtii
1326 1153 1405 1188 Kal.
1437 1153 1523 1188 Feb.
1553 1152 1623 1188 fuit
1649 1155 1772 1196 delata,

1104 1213 1176 1249 quo
1207 1201 1261 1236 die
1295 1202 1468 1244 Clodiani,
1508 1203 1602 1237 caede
1632 1203 1665 1237 in
1695 1202 1773 1238 foro

1105 1250 1254 1285 maxima
1283 1249 1385 1293 faeta,
1425 1251 1567 1286 flumine
1600 1251 1772 1299 sanguinis

1103 1299 1251 1334 reditum
1271 1299 1446 1335 Ciceronis
1473 1299 1772 1335 intercludendum

1103 1358 1325 1395 putaverunt,
1346 1349 1414 1394 post
1443 1348 1593 1383 Reditum
1623 1349 1667 1383 ad
1689 1352 1772 1396 Qi-

1103 1399 1190 1439 rites,
1216 1406 1285 1442 cap.
1307 1409 1339 1441 5.
1358 1407 1399 1432 et.
1406 1406 1466 1442 pro
1483 1398 1598 1440 Sextio,
1624 1408 1691 1445 cap.
1712 1410 1770 1444 35.

1150 1445 1298 1480 Clodius
1347 1446 1459 1489 enim,
1507 1456 1546 1481 ut
1596 1447 1662 1482 Dio
1717 1447 1770 1482 lib.

1100 1494 1282 1530 XXXIX.
1311 1494 1440 1537 scribit,
1467 1494 1527 1530 illo
1545 1495 1600 1530 die
1617 1508 1698 1531 cum
1717 1496 1783 1531 lex·

1101 1543 1143 1578 ad
1174 1544 1347 1591 populum
1377 1543 1534 1587 ferretur,
1575 1545 1722 1592 acceptis
1753 1557 1772 1579 a

1099 1591 1203 1627 fratre
1232 1592 1355 1640 Appio
1382 1593 1644 1640 gladiatoribus,
1681 1606 1771 1641 quos

1102 1641 1158 1676 ille
1176 1642 1210 1676 in
1229 1639 1348 1676 funere
1366 1642 1480 1676 Marci
1507 1643 1695 1690 propinqui
1721 1643 1771 1678 sui

1100 1690 1244 1725 daturus
1261 1701 1344 1733 erat,
1371 1691 1503 1736 impetu
1523 1691 1555 1725 in
1575 1692 1771 1727 multitudi-

1103 1752 1179 1774 nem
1199 1738 1302 1779 facto,
1319 1739 1448 1774 multos
1467 1740 1662 1775 vulneravit
1680 1742 1770 1776 mul-

1103 1789 1222 1834 tosque
1239 1788 1378 1822 occidit.
1431 1788 1530 1823 Tum
1560 1789 1593 1823 in
1617 1789 1693 1824 foro
1712 1790 1771 1825 tri-

1103 1837 1186 1871 buni
1216 1836 1325 1884 plebis
1356 1837 1527 1872 vulnerati
1556 1837 1709 1881 fuerunt,
1736 1850 1773 1875 et

1102 1887 1157 1934 Q
1172 1886 1295 1920 Cicero
1319 1885 1405 1920 inter
1423 1886 1586 1921 cadavera
1605 1897 1770 1935 tanquam

1100 1934 1230 1970 occisus
1243 1932 1367 1980 jacuit,
1395 1935 1585 1970 Plutarchus
1608 1946 1641 1970 et
1666 1938 1770 1972 Cicero

1095 1992 1155 2029 pro
1181 1985 1295 2025 Sextio,
1321 1994 1387 2030 cap.
1410 1994 1466 2029 35.
1519 1985 1770 2020 Crudelissimae

1102 2033 1206 2068 caedis
1237 2044 1278 2067 eo
1313 2043 1468 2080 tempore
1497 2033 1531 2067 in
1561 2032 1638 2068 foro
1667 2034 1769 2070 factae

1103 2082 1232 2117 mentio
1271 2081 1319 2116 est
1353 2082 1455 2117 etiam
1497 2084 1530 2116 in
1572 2082 1769 2127 Miloniana,

1101 2141 1166 2177 cap.
1194 2143 1248 2175 14.

1152 2180 1318 2215 Clodium
1333 2179 1426 2222 Milo
1444 2189 1519 2214 tum
1538 2179 1579 2214 de
1600 2180 1632 2214 vi
1651 2180 1769 2227 postu·

1102 2229 1209 2264 lavit:
1250 2229 1304 2264 sed
1339 2229 1371 2262 in
1399 2224 1573 2274 judicium
1607 2241 1674 2263 non
1709 2230 1768 2263 ad-

1100 2278 1232 2313 duxisse
1252 2279 1314 2313 Die
1343 2277 1469 2318 scribit,
1496 2277 1591 2323 quod
1612 2278 1768 2313 nondum

1101 2327 1203 2361 creati
1229 2327 1331 2361 effent
1349 2325 1562 2373 Qaestores,
1589 2337 1649 2372 per
1678 2339 1767 2373 quos

1094 2374 1255 2422 judicum
1287 2374 1494 2410 sortitionem
1527 2374 1597 2408 fieri
1631 2386 1768 2421 oporte-

1099 2434 1161 2466 ret,
1199 2423 1388 2470 Neposque
1424 2423 1569 2458 l'raetori
1602 2423 1767 2467 edixisset,

1099 2485 1141 2508 ne
1182 2473 1278 2520 quod
1314 2471 1490 2519 judicium
1529 2482 1618 2516 ante,
1660 2485 1783 2521 quam-
