2335 3009
640 211 733 248 AD
792 209 860 260 Q
908 209 1272 248 FRATREM
1332 213 1464 251 LIB.
1517 215 1570 253 11.
1747 230 1794 269 33

410 316 540 345 tamen
574 307 615 345 in
650 307 839 351 senatum,
873 320 919 344 ne
953 316 1019 345 aut
1053 308 1100 346 de
1135 310 1252 346 tantis
1288 309 1403 348 rebus
1439 320 1621 357 tacerem,
1653 321 1719 350 aut
1754 315 1795 352 in

410 373 600 424 Pompeio
630 372 875 410 defendendo
898 373 1008 424 (nam
1041 373 1072 411 is
1103 375 1332 426 carpebatur
1361 389 1381 412 a
1411 377 1571 422 Bibulo,
1604 378 1794 422 Curione,

409 437 597 481 Favonio,
629 437 792 475 Servilio
812 437 914 487 filio)
938 438 1089 477 animos
1118 439 1313 477 bonorum
1339 440 1594 480 offenderem.
1642 444 1720 481 Res
1753 445 1795 481 in

405 500 604 553 posterum
625 502 743 540 dilata
762 502 829 540 est.
875 502 1041 541 Clodius
1063 505 1103 541 in
1126 504 1349 554 Qirinalia
1368 505 1556 557 produxit
1576 507 1697 546 diem.
1740 510 1791 547 A.

406 565 446 603 d.
471 579 515 604 vr
540 567 599 605 Id.
624 567 741 606 Febr.
765 568 917 606 senatus
939 567 985 605 ad
1007 569 1207 622 Apollinis
1229 568 1321 614 fuit,
1341 579 1383 607 ut
1406 570 1617 623 Pompeius
1639 573 1791 611 adesset.

406 632 505 668 Acta
525 645 583 670 res
604 632 657 670 est
676 633 845 685 graviter
865 646 885 670 a
911 633 1118 686 Pompeio.
1164 635 1225 671 Eo
1257 634 1319 672 die
1348 634 1450 672 nihil
1479 634 1696 687 perfectum
1723 638 1791 676 est.

405 697 458 734 A.
481 696 520 736 d.
546 711 611 736 vit
636 697 701 746 Ιά.ν
718 698 765 736 ad
786 697 987 751 Apollinis
1019 699 1423 738 senatus-consultum
1455 699 1603 739 factum
1635 701 1702 747 est,
1733 704 1795 740 Ea

405 762 604 813 quaefaHa
632 761 735 814 ffnt
760 777 796 800 a.
821 762 857 800 α’.
880 779 961 802 VIII
982 762 1041 801 Id.
1073 771 1201 801 contra
1219 763 1471 817 rempublicam
1490 764 1683 817 effi’fhHa.
1732 768 1793 805 Eo

404 826 468 864 die
489 827 589 865 Cato
609 827 662 864 est
682 826 933 866 vehementer
957 829 997 866 in
1029 828 1266 881 Pompeium
1296 829 1488 874 investus,
1519 839 1558 868 et
1583 844 1675 869 eum
1704 844 1792 870 ora-

405 891 512 930 tione
546 902 733 946 perpetua
762 902 948 946 tanquam
980 906 1089 931 reum
1119 894 1327 932 accusavit.
1374 895 1436 933 De
1466 909 1529 933 me
1559 896 1698 941 multa,
1730 910 1794 935 me

406 956 547 1002 invito,
578 971 672 996 cum
693 971 778 996 mea
799 958 950 996 summa
968 958 1083 996 laude
1103 957 1219 998 dixit.
1267 959 1373 997 Cum
1397 959 1506 997 illius
1528 960 1569 998 in
1591 974 1653 999 me
1673 961 1794 1013 perfi-

405 1021 511 1060 diam
551 1023 780 1076 increparet,
830 1023 986 1062 auditus
1024 1023 1078 1061 est
1116 1037 1260 1076 magno
1299 1024 1453 1062 filentio
1491 1025 1791 1065 malevolorum.

406 1087 626 1139 Respondit
658 1089 695 1126 ei
729 1087 979 1127 vehementer
1015 1089 1244 1142 Pompeius,
1276 1090 1533 1142 Crassumque
1565 1091 1791 1144 descripfit:

406 1152 586 1205 dixitque
615 1163 758 1205 aperte,
789 1153 826 1191 se
854 1154 1111 1192 munitiorem
1140 1153 1187 1191 ad
1217 1154 1510 1193 custodiendam
1538 1156 1659 1194 vitam
1686 1157 1794 1195 suam

406 1217 504 1263 fore,
536 1231 654 1271 quam
688 1218 901 1257 Africanus
935 1218 1081 1264 sufflet,
1119 1231 1239 1270 quem
1273 1220 1323 1257 C.
1359 1220 1489 1258 Carbo
1523 1221 1791 1261 interemiffet.

407 1282 544 1334 Itaque
566 1295 715 1334 magnae
736 1281 838 1320 mihi
859 1295 916 1320 res
940 1283 1024 1333 jam
1056 1281 1206 1318 moveri
1237 1282 1484 1321 videbantur.
1531 1284 1638 1321 Nam
1670 1285 1792 1323 Pom-

405 1346 516 1400 peius
546 1345 631 1384 haec
657 1346 864 1399 intelligit,
896 1345 1183 1398 nobiscumque
1213 1347 1499 1392 communicat,
1531 1348 1684 1386 infidias
1703 1350 1794 1388 vitae

405 1411 480 1451 suae
500 1411 611 1450 fieri:
646 1412 695 1450 C.
719 1412 913 1450 Catonern
945 1425 965 1449 a
997 1410 1129 1449 Crasso
1157 1410 1385 1450 sustentari:
1419 1412 1564 1450 Clodio
1584 1415 1794 1465 pecuniam

405 1476 643 1530 suppeditari
662 1491 671 1515 :
704 1486 917 1530 utrumque
942 1486 983 1515 et
1002 1476 1050 1514 ab
1071 1490 1131 1522 eo,
1163 1486 1201 1514 et
1221 1489 1242 1513 a
1262 1477 1452 1522 Curione,
1483 1478 1644 1523 Bibulo,
1675 1489 1792 1517 caete-

405 1542 533 1595 risque
561 1541 637 1580 suis
658 1541 1001 1588 obtrectatoribus,
1032 1541 1284 1581 confirmari:
1317 1542 1570 1582 vehementer
1600 1543 1672 1582 effe
1698 1559 1793 1597 pro-

404 1607 634 1653 videndum,
667 1622 714 1646 ne
734 1608 994 1661 opprimatur,
1026 1608 1277 1646 concionatio
1296 1608 1368 1646 illo
1387 1609 1537 1662 populo
1564 1622 1585 1647 a
1615 1609 1652 1647 se
1671 1623 1794 1663 prope

403 1673 585 1719 alienato,
617 1673 824 1712 nobilitate
855 1674 1031 1718 inimica,
1064 1687 1142 1712 non
1175 1687 1287 1726 aequo
1308 1673 1455 1719 senatu,
1480 1675 1690 1726 juventute
1710 1676 1790 1713 im-

403 1738 539 1792 proba.
585 1739 722 1790 Itaque
744 1738 779 1776 se
799 1748 1013 1792 comparat,
1045 1737 1226 1776 homines
1247 1752 1294 1776 ex
1314 1739 1415 1790 agris
1436 1739 1598 1776 arceffit.
1642 1740 1792 1792 Operas

403 1812 535 1842 autem
556 1803 638 1842 suas
661 1803 827 1842 Clodius
849 1803 1057 1842 confirmat
1076 1819 1084 1842 :
1117 1816 1256 1841 manus
1288 1803 1334 1840 ad
1355 1803 1578 1853 Qirinalia
1606 1813 1760 1855 paratur
1779 1819 1788 1842 :

404 1869 444 1907 in
466 1882 511 1906 eo
532 1868 661 1907 multo
682 1869 815 1907 sumus
837 1868 1049 1921 superiores
1072 1868 1188 1921 ipsius
1211 1868 1351 1921 copiis.
1399 1867 1470 1905 Sed
1493 1881 1633 1920 magna
1653 1882 1790 1907 manus

403 1948 450 1973 ex
473 1935 619 1972 Piceno
639 1943 677 1972 et
699 1934 831 1972 Gallia
850 1935 1089 1986 expectatur,
1121 1942 1166 1971 ut
1186 1933 1303 1971 etiam
1327 1933 1489 1971 Catonis
1520 1933 1791 1985 rogationibus

403 2000 451 2038 de
473 2000 628 2038 Milone
649 2009 688 2037 et
709 2000 882 2038 Lentulo
904 2000 1132 2038 reslstamus.
1174 2000 1225 2037 A.
1249 1998 1287 2037 d.
1315 2012 1358 2037 1v
1382 1998 1442 2037 Id.
1482 1999 1636 2037 Sextius
1657 1999 1704 2037 ab
1726 2000 1790 2038 in-

404 2066 489 2104 dice
509 2067 588 2104 Cn.
612 2066 737 2104 Nerio
760 2066 942 2118 Pupinia,
975 2066 1022 2103 de
1050 2065 1203 2103 ambitu
1227 2064 1280 2102 est
1309 2064 1553 2117 postulatus;
1585 2074 1623 2102 et
1651 2065 1790 2104 eodem

403 2131 465 2170 die
485 2145 506 2169 a
525 2131 696 2185 quodam
718 2132 780 2170 M.
806 2131 947 2170 Tullio
967 2131 1014 2169 de
1034 2131 1086 2170 vi.
1121 2132 1158 2169 Is
1179 2140 1258 2168 erat
1278 2144 1390 2182 aeger.
1433 2131 1612 2168 Domum
1635 2131 1698 2182 (ut
1719 2131 1787 2169 de-

405 2197 582 2247 buimus)
606 2198 652 2235 ad
673 2211 764 2236 eum
785 2197 914 2235 statim
935 2197 1114 2235 venimus
1131 2215 1144 2242 ;
1175 2197 1289 2248 cique
1310 2209 1380 2234 nos
1402 2205 1505 2234 totos
1528 2197 1757 2234 tradidimus
1775 2215 1787 2241 ς

404 2262 522 2315 idque
551 2263 718 2302 fecimus
752 2274 891 2317 praeter
920 2263 1132 2302 hominum
1164 2263 1410 2315 opinionem,
1440 2263 1511 2314 qui
1541 2275 1610 2299 nos
1640 2262 1675 2299 ci
1699 2263 1791 2314 jure

405 2327 624 2370 succensere
653 2329 858 2381 putabant,
891 2339 934 2367 ut
969 2328 1236 2367 humaniffimi
1269 2327 1551 2379 gratissimique
1578 2336 1618 2364 et
1651 2328 1721 2380 ipsi
1750 2337 1790 2366 et

404 2392 590 2430 omnibus
612 2393 831 2431 videremur
849 2409 857 2432 ε
891 2395 1022 2446 itaque
1043 2393 1248 2431 faciemus.
1282 2391 1354 2429 Sed
1376 2391 1481 2429 idem
1502 2392 1648 2430 Nerius
1671 2392 1789 2430 index

403 2456 526 2495 edidit
547 2456 593 2494 ad
625 2457 809 2509 allegatos
831 2459 909 2497 Cn.
933 2457 1153 2497 Lentulum
1175 2457 1361 2495 Vacciam
1393 2465 1431 2495 et
1464 2457 1513 2495 C.
1538 2456 1785 2495 Cornelium.

486 2524 552 2562 To
565 2535 617 2561 M.
651 2523 724 2561 IX.
1452 2522 1487 2560 Ε
