2241 2994
541 230 620 270 40²

542 324 628 350 tates
644 328 652 350 ε
686 314 819 350 summa
839 314 932 350 enim
949 313 1115 350 memoria
1132 327 1212 362 pro-

544 363 727 398 nuntiabat
746 363 911 410 plurimas
924 363 1071 412 Epicuri
1084 363 1213 399 senten-

543 411 608 447 tias
634 412 673 446 iis
697 413 775 459 ipsis
801 412 930 455 verbis,
962 412 1092 460 quibus
1119 421 1215 447 erant

544 460 694 508 scriptae.
726 461 836 496 Porro
854 472 873 496 a
889 462 1018 497 Catulo
1034 461 1214 509 reprehen-

545 508 600 544 sus
626 510 685 544 est.
736 510 836 545 Dum
861 509 969 552 enim,
1004 510 1051 545 ait
1079 511 1213 552 Cicero,

544 558 625 593 Luc.
648 558 680 593 6.
706 570 797 593 nova
815 559 980 606 quaedam
1003 568 1213 600 commovet,

545 607 642 654 quod
659 619 697 642 ea
714 606 872 642 sustinere
888 607 948 643 vix
966 617 1114 655 poterat,
1132 618 1215 654 quae

545 665 667 691 contra
683 657 976 692 Academicorum
993 655 1217 704 pertinaciam

546 703 761 747 dicebantur,
786 714 821 739 et
838 715 952 752 aperte
968 703 1146 745 mentitur,
1168 713 1216 747 et,

547 763 587 788 ut
611 753 732 788 docuit
750 753 960 795 Antiochus,
989 753 1025 788 in
1047 753 1081 787 id
1105 752 1216 801 ipsum

546 801 579 836 se
602 801 726 844 induit,
753 801 850 848 quod
873 801 1028 837 timebat.
1071 801 1164 837 Cum
1182 813 1216 836 e-

548 850 620 884 nim
663 850 708 885 ita
743 861 881 897 negaret
913 851 1106 898 quidquam
1139 851 1216 894 effe,

547 899 644 946 quod
663 899 907 946 comprehendi
928 900 1036 947 posset
1056 899 1107 945 (id
1125 899 1216 934 enim

546 948 712 982 volumus
723 949 787 982 effe
801 948 1006 991 οἱκαταηπἺζν)
1026 948 1049 982 sl
1069 948 1154 982 illud
1171 948 1217 982 es-

548 996 607 1038 set,
627 996 711 1031 ficut
731 997 829 1031 Zeno
841 997 1011 1039 definiret,
1025 997 1092 1031 tale
1105 996 1216 1031 visum

550 1044 634 1091 (jam
652 1045 743 1079 enim
764 1045 827 1079 hoc
843 1057 907 1092 pro
923 1045 1058 1088 φαντασίᾳ
1070 1045 1217 1080 verbum

548 1094 626 1129 satis
661 1093 815 1129 hesterno
848 1094 1001 1129 sermone
1035 1093 1218 1138 trivimus)

547 1142 661 1178 visum
691 1142 797 1190 igitur
827 1143 1023 1190 impreffum
1048 1143 1218 1178 effiEtum·

549 1204 619 1239 que
645 1203 686 1226 ex
709 1203 764 1232 eo,
797 1192 888 1226 unde
911 1193 1003 1234 esset,
1030 1191 1134 1238 quale
1154 1193 1219 1227 effe

550 1253 618 1275 non
637 1240 758 1288 posset,
783 1252 825 1275 ex
842 1253 896 1284 eo,
913 1241 1007 1276 unde
1025 1253 1094 1275 non
1113 1241 1216 1283 esset,

549 1289 585 1324 id
609 1301 670 1325 nos
692 1300 711 1323 a
737 1289 879 1325 Zenone
900 1289 1083 1326 definitum
1108 1289 1218 1325 reeus-

550 1338 631 1374 fime
649 1337 812 1381 dicimus,
837 1339 907 1374 &c.

624 1486 659 1520 A
687 1485 722 1520 N
749 1485 786 1520 T
813 1485 829 1521 1
855 1486 890 1521 O
918 1485 948 1520 C
974 1484 1016 1519 H
1041 1484 1081 1521 U
1108 1485 1141 1521 S.

650 1582 935 1624 NTIOCHUS,
971 1581 1142 1625 Philonis,
1181 1591 1222 1618 ut

673 1631 760 1674 dixi,
791 1630 941 1673 auditor,
973 1643 1055 1666 cum
1082 1631 1220 1678 ingenio

547 1679 753 1728 scientiaque
760 1679 927 1715 excellere
937 1689 1128 1728 putaretur,
1137 1692 1219 1715 cum

548 1729 719 1771 Lucullo,
754 1728 979 1764 Alexandriae
1008 1738 1092 1764 tunc
1120 1740 1220 1776 quae-

549 1778 649 1820 store‚
675 1777 756 1820 fuit,
786 1787 820 1813 et
846 1777 923 1826 post
949 1778 1086 1825 aliquot
1113 1789 1220 1813 annos

550 1827 786 1874 Imperatore,
822 1836 864 1862 ut
888 1827 936 1862 est
958 1827 993 1862 in
1016 1827 1104 1863 Luc.>
1141 1826 1218 1862 Ubi

550 1875 594 1910 de
616 1875 796 1911 Ant10cho
818 1875 942 1919 multa,
969 1887 1051 1924 quae
1070 1875 1124 1911 hic
1143 1876 1220 1911 bre-

550 1923 667 1960 vitatis
694 1925 793 1960 causa
818 1924 1010 1968 omisimus,
1051 1925 1144 1960 varie
1169 1923 1221 1960 di-

551 1983 692 2016 cuntur,
718 1984 751 2008 et
773 1973 908 2021 aliquot
933 1973 1018 2009 locis
1042 1973 1220 2021 reprehen-

551 2021 659 2064 ditur,
686 2022 783 2070 quod
810 2033 890 2057 cum
914 2022 1168 2058 Academicum
1192 2021 1222 2058 se

546 2080 700 2106 veterem
729 2071 961 2119 profiteretur,
987 2080 1101 2106 tamen
1120 2083 1139 2106 a
1155 2071 1221 2106 dis-

550 2119 681 2167 ciplina
700 2119 820 2155 veteris
843 2119 1046 2155 Academiae
1064 2120 1221 2156 descisce-

550 2179 614 2211 ret,
640 2180 723 2217 quae
740 2168 908 2212 censebat,
930 2169 1102 2216 sapientem
1122 2171 1221 2204 inter-

549 2217 623 2253 dum
645 2219 782 2264 opinari.
826 2217 875 2252 Et
901 2217 1136 2254 inconstantiae
1161 2231 1223 2255 no-

550 2276 656 2310 tatur,
682 2265 781 2314 quod
801 2277 884 2302 cum
907 2266 1135 2303 Academiam
1162 2280 1223 2304 no-

549 2326 631 2351 vam
657 2316 718 2351 diu
743 2315 918 2358 laudasset,
946 2315 1062 2364 postea
1083 2317 1221 2365 vitupe-

551 2364 651 2401 ravit.
687 2378 689 2382 ·
737 2375 781 2399 ua
805 2363 838 2400 in
857 2376 891 2400 re
908 2364 1093 2401 videbatur
1110 2365 1222 2401 nomi-

552 2414 603 2449 nis
630 2413 831 2449 Academia:
858 2416 982 2450 veteris
1002 2414 1219 2463 dignitatem,

550 2474 633 2499 cum
655 2474 674 2499 a
699 2474 734 2498 re
757 2461 825 2511 ipsa
847 2463 1053 2509 descisceret,
1079 2464 1222 2501 retinere

899 217 1005 256 DE
1068 214 1576 256 DOCTRINA

1260 313 1407 349 voluisse
1426 327 1434 348 :
1471 312 1567 359 quod
1602 320 1698 347 erant
1736 310 1799 359 qui
1833 309 1934 346 illum

1263 362 1384 410 gloriae
1409 363 1507 397 causa
1525 360 1637 396 feciffe
1654 360 1828 400 dicerent;
1860 359 1934 407 spe-

1264 423 1336 446 rare
1351 411 1442 446 enim
1462 409 1547 453 fore,
1574 420 1613 445 ut
1631 409 1667 452 ii,
1685 408 1747 457 qui
1766 408 1797 444 se
1814 407 1936 456 seque-

1265 470 1394 502 rentur,
1431 460 1593 495 Antiochii
1622 467 1838 494 vocarentur.
1893 457 1934 491 ln

1264 509 1380 551 Bruto,
1405 520 1463 556 9¹·
1482 509 1527 543 fic
1545 507 1729 549 scribitur;
1755 507 1823 542 Sex
1839 517 1933 540 rnen-

1263 557 1310 592 ses
1337 569 1418 592 cum
1443 556 1632 597 Antiocho,
1656 555 1780 591 veteris
1798 554 1935 590 Acade·

1266 605 1345 641 mire
1374 605 1582 641 nobiliffimo
1609 613 1644 639 et
1673 604 1936 651 prudentiffimo

1264 654 1485 702 philosopho,
1511 653 1577 697 fui,
1607 652 1832 699 studiumque
1857 650 1936 699 phi-

1265 703 1431 751 losophiae
1450 714 1630 750 nunquam
1652 701 1890 743 intermissum,
1917 711 1937 734 a

1265 752 1446 799 primaque
1475 749 1699 786 adolescentia
1731 750 1868 785 cultum
1902 757 1938 784 et

1266 801 1397 849 semper
1414 800 1568 843 auctum,
1587 800 1652 835 hoc
1670 799 1784 834 rursus
1801 797 1939 834 summo

1267 850 1417 892 auclore,
1433 860 1467 885 et
1480 849 1623 884 doctore
1637 847 1810 884 renovavi.
1838 846 1938 883 Post-

1267 910 1373 946 quam
1400 910 1482 933 vero
1507 897 1575 945 ipse
1596 896 1722 945 coepit,
1747 896 1809 944 qui
1828 896 1860 932 se
1876 907 1938 931 au·

1267 947 1391 990 dirent‚
1418 947 1554 987 habere,
1580 958 1600 980 a
1617 945 1764 981 Philone
1780 956 1938 993 praecep-

1268 1005 1341 1032 tore
1358 1007 1426 1031 non
1445 994 1587 1030 discessit
1605 994 1724 1037 modo,
1745 993 1801 1029 sed
1818 1004 1940 1029 contra

1267 1056 1348 1080 eum
1374 1043 1516 1092 scripsit,
1541 1053 1575 1078 et
1594 1043 1742 1078 maxime
1759 1042 1940 1090 perturba-

1268 1103 1346 1129 tum
1383 1092 1485 1128 dixit.
1537 1092 1701 1128 Ceterum
1739 1090 1939 1127 Stoicorum

1267 1141 1337 1178 fuit
1353 1141 1591 1190 adstipulator,
1617 1152 1818 1188 quanquam
1837 1140 1882 1175 ab
1899 1139 1941 1176 iis

1268 1190 1477 1239 quibusdam
1505 1190 1539 1225 in
1570 1189 1673 1225 rebus
1698 1188 1937 1225 dissentiebat:

1268 1241 1470 1287 librumque
1492 1238 1634 1287 scripsit,
1662 1239 1696 1273 in
1713 1250 1787 1286 quo
1804 1237 1941 1274 Stoicos

1268 1301 1350 1325 cum
1374 1288 1610 1336 Peripateticis
1633 1299 1666 1322 re
1690 1287 1870 1322 concinere
1886 1286 1939 1322 di-

1269 1339 1382 1381 cebat,
1407 1337 1522 1373 verbis
1543 1337 1742 1384 discrepare.
1784 1336 1841 1371 De
1865 1347 1941 1383 quo

1269 1387 1314 1422 fic
1333 1386 1477 1429 Balbus,
1496 1386 1537 1420 ad
1554 1398 1660 1433 quern
1678 1385 1796 1421 miffus
1813 1384 1940 1428 fuerat,

1269 1436 1328 1479 ait,
1345 1435 1382 1471 de
1398 1436 1482 1472 Nat.
1501 1436 1598 1471 Deor.
1614 1435 1641 1471 1.
1657 1444 1691 1480 7.
1716 1433 1846 1477 Miror,
1863 1435 1940 1469 An-

1268 1484 1441 1526 tiochum,
1467 1483 1642 1519 hominem
1666 1483 1700 1518 in
1721 1481 1841 1530 primis
1858 1494 1941 1518 acu-

1269 1543 1360 1577 tum,
1395 1545 1463 1568 non
1489 1532 1622 1574 vidisse,
1653 1532 1804 1567 interesse
1830 1531 1941 1580 pluri-

1271 1594 1370 1618 mum
1396 1581 1483 1617 inter
1506 1581 1655 1624 Stoicos,
1681 1581 1743 1629 qui
1766 1580 1904 1616 honesta
1921 1592 1942 1616 a

1269 1630 1463 1667 commodis
1483 1642 1550 1666 non
1570 1630 1720 1672 nomine,
1747 1629 1801 1665 sed
1819 1640 1942 1677 genere

1270 1690 1345 1716 toto
1361 1678 1609 1727 disjungerent,
1628 1689 1662 1714 et
1680 1678 1942 1726 Peripateticos,

1270 1729 1331 1777 qui
1341 1728 1479 1764 honesta
1488 1727 1745 1763 commiscerent
1754 1739 1835 1762 cum
1845 1739 1941 1763 com-

1271 1778 1397 1814 modis.
1425 1787 1466 1812 ut
1489 1789 1528 1812 ea
1552 1777 1638 1812 inter
1656 1776 1686 1811 se
1703 1776 1943 1824 magnitudine

1268 1837 1303 1862 et
1326 1826 1422 1875 quasi
1443 1826 1622 1874 gradibus,
1649 1837 1718 1861 non
1735 1837 1856 1873 genere
1872 1824 1942 1860 dif-

1269 1874 1397 1912 ferrent
1415 1889 1423 1911 :
1462 1875 1537 1910 haec
1554 1875 1646 1910 enim
1663 1874 1712 1910 est
1729 1887 1798 1910 non
1816 1874 1942 1910 verbo-

1271 1937 1349 1960 rum
1379 1935 1498 1973 parva,
1531 1923 1586 1960 sed
1614 1935 1728 1960 rerum
1754 1934 1944 1972 permagna

1271 1974 1439 2010 dissensio.

1283 2071 1433 2108 Decreta
1448 2070 1522 2120 ejus
1538 2069 1718 2119 praecipue
1734 2068 1811 2106 sunt
1829 2069 1904 2107 haec
1920 2083 1929 2107 :

1322 2169 1362 2206 ln
1388 2181 1458 2205 una
1483 2169 1612 2205 virtute
1637 2168 1783 2216 positam
1807 2167 1943 2205 beatam

1273 2218 1396 2262 vitam,
1406 2219 1460 2254 sed
1476 2231 1543 2255 non
1559 2218 1794 2254 beanffimam.
1805 2218 1943 2265 Tusav.

1275 2268 1620 2366 &ci‘runcriiffpeccata
1649 2328 1719 2353 non
1747 2315 1813 2352 esse
1835 2313 1944 2365 paria.

1270 2366 1459 2451 LucPrffter
1491 2414 1700 2451 honestatem
1733 2413 1798 2449 esse
1833 2413 1945 2450 multa

1271 2463 1374 2508 bona,
1401 2474 1529 2514 praeter
1550 2462 1803 2514 turpitudinem
1831 2463 1945 2500 multa
