2241 2994
547 206 626 247 390

545 302 654 338 quam
693 288 805 324 sancto
847 290 1064 338 augustoque
1105 290 1213 334 fonte,

546 339 658 374 multa
688 339 730 373 de
758 339 842 373 bene
874 339 1039 386 beateque
1063 339 1215 376 vivendo

545 397 720 435 praecepta
733 388 916 423 commode
934 399 1126 430 mutuatus,
1144 389 1214 424 La-

545 436 617 471 tine
633 435 829 482 explicavit.
872 437 915 471 Se
933 437 967 472 in
980 437 1130 480 musteis,
1156 449 1213 484 ge-

546 484 702 525 ometria,
730 485 894 528 numeris,
924 486 1018 520 astris
1041 485 1111 520 fere
1131 498 1214 520 con-

547 533 656 575 trivit,
683 533 718 568 in
743 533 874 581 quibus
902 535 1004 569 etiam
1030 533 1100 569 fuit
1125 547 1214 581 prae-

546 583 776 619 stantiffimus.
829 584 1026 631 AEgyptum
1058 595 1215 630 peragra-

546 633 612 675 vit,
653 643 691 667 ut
724 644 744 666 a
781 632 1023 667 Sacerdotibus
1064 632 1215 666 barbaris

547 693 708 718 numeros
721 691 755 716 et
767 680 919 715 coelestia
935 681 1118 727 acciperet:
1139 679 1216 726 post

546 733 740 767 Tarentum
764 730 807 764 ad
827 729 1035 775 Archytam,
1063 728 1096 763 in
1121 727 1214 763 Itali-

547 792 603 816 am
622 780 664 814 ad
682 789 810 814 ceteros
829 777 1077 824 Pythagoreos,
1103 776 1215 812 Eche-

548 839 689 870 cratem‚
717 828 909 868 Timaeum‚
933 825 1122 861 Actionem
1141 825 1214 861 Lo·

547 890 637 919 cros,
664 887 716 919 ut,
740 888 822 911 cum
845 876 1020 911 Socratem
1043 874 1215 922 expreffis-

548 928 607 967 set,
625 925 825 972 adjungeret
839 924 1137 971 Pythagoreorum
1149 923 1215 958 dis-

548 975 727 1024 ciplinam,
767 985 894 1021 eaque,
936 985 1018 1020 quae
1061 973 1216 1007 Socrates

548 1024 769 1072 repudiabat,
812 1021 1006 1057 addisceret.
1063 1021 1214 1056 Dionem

548 1073 767 1120 Syracufium
790 1081 824 1106 et
847 1070 1113 1106 Demosthenem
1132 1070 1214 1104 doc-

548 1123 638 1158 trina
653 1120 833 1168 expolivit.
860 1119 1131 1166 Rempublicam
1147 1130 1215 1153 non

548 1171 676 1218 attigit,
695 1169 778 1217 quia
796 1181 875 1203 cum
892 1168 1084 1203 offendisset
1102 1179 1213 1214 popu-

550 1221 624 1255 lum
643 1218 886 1254 Atheniensem
913 1229 1020 1264 prope
1040 1215 1115 1263 jam
1131 1215 1216 1251 defi-

549 1270 700 1317 pientem
734 1268 914 1308 senectute,
953 1277 1106 1312 cumque
1136 1277 1217 1300 eum

551 1330 613 1353 nec
639 1316 884 1365 persuadendo,
912 1327 972 1350 nec
991 1314 1149 1362 cogendo
1167 1326 1216 1348 re-

551 1367 587 1414 gi
631 1367 724 1414 poffe
765 1365 912 1407 vidisset,
951 1376 1033 1399 cum
1079 1362 1215 1410 persua-

551 1417 623 1452 deri
642 1416 734 1463 poffe
762 1414 944 1455 diffideret,
971 1411 1051 1459 cogi
1081 1411 1132 1446 fas
1153 1411 1217 1446 effe

551 1477 621 1502 non
649 1464 888 1499 arbitrabatur.
941 1463 1082 1498 Novam
1107 1472 1218 1508 quan-

551 1515 632 1550 dam
651 1513 751 1549 finxit
769 1513 802 1548 in
821 1512 917 1547 libris
940 1511 1136 1546 civitatem:
1166 1509 1217 1544 us-

552 1576 622 1612 que
639 1576 681 1598 eo
698 1563 758 1597 illa
774 1573 855 1609 quae
871 1560 1015 1596 dicenda
1032 1560 1074 1594 de
1085 1557 1219 1605 justitia

552 1613 712 1662 putabat,
737 1623 755 1645 a
772 1610 855 1645 vita:
866 1608 1123 1648 consuetudine,
1149 1617 1182 1641 et
1201 1618 1219 1640 a

553 1662 735 1698 civitatum
748 1658 903 1694 moribus
915 1656 1154 1692 abhorrebant.
1179 1655 1193 1690 Ι
1199 1667 1220 1690 n

554 1710 673 1747 ceteris
700 1708 762 1756 qui
798 1706 939 1754 Dialogi
969 1705 1134 1741 dicuntur
1169 1704 1220 1750 (in

554 1760 685 1808 quibus
703 1756 847 1800 locutio,
872 1756 932 1791 etsi
951 1755 1037 1790 absit
1061 1765 1080 1789 a
1108 1753 1220 1795 versu,

553 1820 667 1845 tamen
699 1806 796 1855 quod
824 1805 996 1840 incitatius
1021 1802 1162 1845 feratur,
1187 1812 1221 1837 et

553 1857 740 1894 clarissimis
747 1855 933 1890 verborum
945 1852 1136 1888 luminibus
1147 1862 1222 1886 uta-

555 1918 625 1950 tur,
652 1907 768 1953 potius
787 1915 910 1952 poema
924 1902 1091 1950 putanda,
1116 1912 1222 1948 quam

554 1955 769 1992 comicorum
800 1953 996 2000 poetarum)
1023 1950 1107 1986 nihil
1134 1949 1223 1984 affir-

555 2014 682 2046 matur,
721 2012 755 2037 et
795 2004 828 2036 in
873 2011 1055 2047 utramque
1091 2009 1223 2046 partem

556 2053 667 2090 multa
708 2051 931 2092 disseruntur,
977 2049 1019 2083 de
1061 2047 1224 2083 omnibus

556 2101 739 2150 quaeritur,
766 2099 851 2134 nihil
874 2098 955 2133 certi
981 2097 1121 2137 dicitur,
1147 2108 1221 2131 om-

556 2152 661 2188 nibus
699 2149 767 2184 fere
809 2148 964 2183 Socrates
1005 2144 1220 2193 exprimitur.

558 2199 744 2247 Iniquitate
762 2196 918 2243 Dionysii
937 2195 1064 2230 Siciliae
1088 2196 1221 2240 Tyran-

560 2251 607 2291 ni,
634 2247 688 2283 cui
710 2247 738 2282 se
757 2245 982 2287 commiserat,
1014 2243 1047 2278 in
1066 2243 1225 2278 maximis

558 2297 720 2348 periculis
758 2293 950 2341 insidiisque
984 2293 1133 2327 versatus
1166 2292 1224 2326 est.

559 2347 719 2383 Tandem
746 2356 827 2379 vcro
860 2355 930 2378 uno
954 2351 988 2378 et
1018 2341 1228 2388 octogenum

559 2409 650 2432 anno
685 2394 830 2429 scribens
871 2401 1038 2427 mortuus.
1093 2391 1154 2425 Ab
1186 2402 1227 2425 co

561 2457 629 2482 una
645 2455 678 2480 ct
695 2442 904 2482 consentiens
917 2441 1056 2478 duobus
1075 2439 1228 2477 vocabu-

892 194 998 234 DE
1073 191 1576 237 DOCTRINA

1263 293 1306 328 lis
1322 292 1556 340 Philosophiae
1569 291 1683 328 forma
1697 291 1850 328 instituta
1865 293 1932 329 est:

1264 342 1307 376 de
1331 353 1402 388 qua
1428 342 1581 376 diximus
1606 342 1639 376 in
1658 341 1876 376 Academicis
1898 352 1934 376 et

1265 390 1511 437 Peripateticis.
1556 390 1678 437 Hujus
1704 389 1774 425 fere
1798 390 1934 425 decreta

1264 439 1342 473 sunt
1360 439 1434 474 haec
1449 451 1468 473 a
1484 439 1651 474 Cicerone
1669 448 1803 474 notata:

1315 488 1431 522 Deum
1455 488 1519 522 effe
1534 490 1694 529 aeduam,
1725 487 1759 522 id
1777 487 1836 528 est,
1866 487 1934 522 sine

1262 547 1409 581 corpore
1427 535 1511 570 ullo.
1538 535 1575 570 de
1592 535 1675 570 Nat.
1696 536 1836 571 Deor.1.
1860 548 1915 570 12.

1316 584 1433 618 Deum
1466 584 1530 618 esse
1555 584 1716 630 opificem
1744 584 1932 619 aedificato-

1267 644 1408 679 remque
1427 632 1557 667 mundi.
1575 631 1613 666 de
1630 632 1714 667 Nat.
1734 633 1832 668 Deor.
1850 633 1876 667 1.
1899 634 1933 668 8.

1266 681 1344 715 vide
1356 681 1459 716 etiam
1476 683 1638 723 Yimaeum,
1665 681 1720 716 seu
1737 680 1774 715 de
1795 683 1934 718 Univer-

1252 730 1369 773 sttate.

1315 778 1452 813 Patrem
1478 776 1582 824 hujus
1612 778 1732 813 mundi
1764 777 1933 813 nominari

1265 839 1334 862 non
1353 827 1455 874 poffe.
1485 827 1586 874 Qid
1603 826 1644 861 fit
1661 826 1804 861 omnino
1821 827 1933 869 Deus,

1265 875 1399 923 anquiri
1415 887 1484 911 non
1497 885 1665 924 oportere.
1683 875 1720 910 de
1732 874 1819 911 Nat.
1834 877 1932 911 Deor.

1266 925 1295 960 Ι.
1319 937 1373 961 12.
1661 957 1666 961 .

1316 973 1432 1008 Deum
1458 971 1559 1008 donis
1585 972 1628 1007 ab
1652 972 1766 1020 impiis
1785 983 1853 1007 non
1870 971 1935 1007 effe

1265 1022 1500 1070 placandum·,
1526 1032 1608 1056 cum
1630 1021 1684 1055 vir
1702 1032 1803 1056 nemo
1820 1021 1934 1056 bonus

1265 1072 1310 1106 ab
1329 1071 1490 1118 improbo
1507 1069 1538 1104 se
1560 1069 1680 1105 donari
1698 1069 1791 1104 velit.
1817 1068 1854 1104 de
1870 1071 1934 1106 Le-

1258 1121 1323 1167 gib.
1346 1121 1388 1155 11.
1414 1121 1468 1155 16.

1315 1169 1417 1203 Casta
1453 1167 1544 1203 dona
1581 1168 1660 1203 Deo
1697 1166 1933 1203 consecranda.

1267 1217 1356 1252 Vide
1371 1217 1407 1258 de
1423 1217 1501 1263 Leg.
1522 1217 1564 1252 ΙΙ.
1586 1219 1636 1252 18.

1315 1267 1371 1302 Ex
1389 1265 1541 1307 materia,
1570 1265 1602 1300 in
1622 1265 1652 1301 se
1673 1265 1790 1300 omnia
1813 1265 1933 1313 recipi-

1264 1325 1354 1357 ente,
1382 1314 1554 1350 mundum
1575 1314 1639 1350 effe
1661 1312 1794 1349 fastum
1821 1326 1840 1349 a
1856 1315 1936 1349 Deo

1267 1364 1522 1411 sempiternum.
1568 1363 1645 1399 Luc.
1668 1375 1725 1409 37.

1318 1413 1475 1448 Mentem
1513 1411 1618 1447 solam
1659 1411 1834 1452 idoneam,
1878 1412 1936 1447 cui

1268 1462 1481 1501 crederetur,
1516 1461 1600 1508 quia
1627 1460 1696 1495 sola
1723 1469 1873 1495 cerneret
1902 1461 1937 1495 id

1271 1511 1385 1556 [ideam
1402 1510 1496 1554 vult]
1513 1509 1609 1556 quod
1624 1511 1752 1557 semper
1760 1509 1936 1552 effet,s1m-

1269 1560 1362 1607 plex,
1387 1569 1421 1594 et
1439 1558 1648 1601 uniusmodi,
1673 1568 1707 1593 et
1731 1558 1808 1601 tale,
1834 1558 1938 1607 quale

1269 1609 1358 1643 effer.
1387 1607 1486 1643 Acad.
1508 1608 1533 1643 1.
1560 1609 1591 1642 8.

1321 1658 1428 1692 Duos
1445 1656 1509 1692 effe
1534 1666 1663 1698 motus,
1688 1668 1798 1692 unum
1824 1656 1938 1698 suum,

1273 1707 1416 1741 alterum
1434 1715 1632 1740 externum:
1653 1717 1734 1751 quae
1751 1705 1807 1740 sua
1821 1705 1940 1752 sponte

1272 1753 1664 1795 moveantur,diviniora
1673 1754 1746 1789 effe.
1765 1753 1939 1789 Animum

1270 1803 1415 1851 seipsum
1434 1815 1583 1845 movere,
1603 1814 1662 1837 nec
1681 1814 1836 1850 unquam
1854 1803 1939 1838 defi-

1274 1864 1351 1888 nere
1369 1852 1522 1892 moveri·‚
1551 1851 1603 1886 sed
1618 1851 1682 1886 esse
1698 1851 1830 1891 ceteris,
1856 1864 1940 1899 quae

1275 1911 1470 1944 moventur,
1498 1899 1628 1935 fontem
1663 1911 1697 1935 et
1728 1901 1941 1948 principium

1275 1950 1450 1992 movendi,
1480 1960 1513 1985 et
1542 1949 1685 1996 proinde
1712 1949 1941 1985 immortalem

1274 2010 1307 2034 et
1333 2009 1511 2034 :etei-num.
1557 2000 1708 2033 somnium
1727 2000 1884 2044 Scipionis.
1907 2002 1940 2034 S.

1274 2050 1364 2093 ‘Tusa
1389 2049 1411 2082 1.
1436 2059 1490 2094 23.
1518 2046 1555 2081 de
1577 2048 1659 2083 Nat.
1683 2049 1779 2083 Deor.
1807 2048 1852 2083 11.
1886 2059 1939 2083 12.

1271 2108 1305 2132 et
1324 2096 1361 2131 de
1378 2098 1492 2131 Senetr.
1515 2107 1568 2130 21.

1323 2144 1443 2181 Animi
1457 2145 1543 2179 duas
1559 2145 1624 2179 esse
1638 2156 1771 2192 partes,
1799 2145 1939 2182 alteram

1275 2194 1414 2230 rationis
1429 2193 1644 2241 participem,
1665 2194 1803 2229 alteram
1820 2207 1941 2242 exper-

1275 2254 1367 2284 tem,
1397 2255 1429 2277 in
1461 2243 1627 2290 participe
1659 2243 1797 2278 rationis
1829 2245 1941 2291 ponit.

1276 2292 1507 2339 Pythagoram
1538 2291 1683 2332 secutus.
1711 2293 1942 2339 tranquillita-

1278 2351 1359 2380 tem.
1389 2341 1421 2375 id
1443 2341 1503 2382 est,
1530 2341 1700 2387 placidam
1719 2341 1942 2388 quietamque

1278 2390 1526 2431 constantiam3
1557 2389 1589 2424 in
1615 2390 1672 2424 illa
1698 2390 1800 2425 altera
1827 2401 1942 2425 motus

1278 2439 1449 2482 turbidos,
1476 2448 1551 2475 tum
1574 2439 1647 2483 irae,
1673 2449 1749 2475 tum
1773 2440 1944 2489 cupidita-
