2335 3009
785 209 1386 254 FRAGMENTA.
1710 230 1785 270 139

393 311 548 364 Abjicit
567 309 781 355 efflantem,
812 318 852 347 et
871 309 1085 348 laceratum
1105 309 1247 362 affligit
1268 311 1309 349 in
1331 311 1468 358 undas,

395 378 519 429 Seque
537 377 650 415 obitu
671 389 692 413 a
712 375 802 414 solis
823 375 970 414 nitidos
992 377 1187 414 convertit
1208 375 1255 413 ad
1276 386 1401 416 ortus.

392 443 511 482 Hanc
531 443 601 482 ubi
621 442 858 496 praepetibus
879 443 1019 495 pennis
1039 442 1229 496 lapsuque
1247 443 1446 482 volantem

394 510 612 563 Conspexit
632 509 802 555 Marius,
834 508 959 547 divini
979 509 1156 548 numinis
1177 522 1316 562 augur,

394 575 610 629 Faustaque
630 575 736 628 figna
756 574 830 612 suae
850 574 976 614 laudis
997 574 1223 627 reditusque
1245 575 1395 613 notavit
1414 588 1423 614 ε

394 641 576 680 Partibus
597 641 775 680 intonuit
795 641 880 680 caeli
899 650 1009 695 pater
1027 640 1108 694 ipse
1129 641 1303 680 finistris.

396 707 458 746 Sic
478 708 618 760 aquilae
637 707 790 746 clarum
810 707 981 746 firmavit
1001 708 1160 760 Jupiter
1178 721 1311 747 omen.

449 773 585 827 1s1n.]
617 775 737 813 Tunc
759 773 796 812 se
816 774 1021 827 fluctigero
1042 774 1175 821 tradit,
1206 773 1445 827 mandatque
1465 773 1616 826 paroni.

596 1066 701 1105 DE
776 1065 938 1103 SUO
1014 1065 1587 1105 CONSULATU.

920 1194 954 1232 L
1006 1194 1023 1232 1
1073 1194 1121 1232 Β.
1199 1194 1264 1232 ΙΙ.

453 1306 555 1343 C1c.
577 1303 715 1342 Divin.
741 1304 774 1342 Ι.
800 1301 875 1354 11.]
898 1302 1102 1355 Principio
1119 1300 1280 1340 aetherio
1297 1301 1520 1342 flammatus
1534 1304 1690 1359 Jupiter
1705 1304 1791 1358 igni

395 1370 590 1415 Vertitur,
621 1379 660 1408 et
680 1378 811 1408 totum
833 1367 1035 1407 collustrat
1054 1367 1207 1406 lumine
1227 1367 1442 1415 mundum,

397 1437 617 1489 Menteque
638 1435 770 1473 divina
789 1434 931 1474 caelum
952 1433 1146 1486 terrasque
1166 1434 1312 1486 petiffit
1330 1449 1339 1473 :

397 1503 497 1554 Qae
518 1501 674 1555 penitus
697 1501 824 1540 sensus
845 1500 1059 1539 hominum
1079 1499 1255 1553 vitasque
1275 1509 1459 1547 retentat,

396 1567 572 1607 AEtheris
594 1567 727 1606 aeterni
749 1567 853 1620 septa
873 1576 989 1620 atque
1009 1565 1159 1604 inclusa
1179 1566 1370 1605 cavernis.

397 1635 467 1679 Et,
498 1634 524 1672 fi
545 1633 742 1672 stellarum
763 1642 896 1672 motus
918 1632 1129 1686 cursusque
1149 1640 1332 1685 vagantes

397 1699 518 1739 Noffe
537 1700 648 1745 velis,
681 1714 767 1752 quae
788 1701 862 1738 fint
883 1700 1082 1752 signorum
1104 1699 1144 1736 in
1166 1699 1252 1736 sede
1272 1699 1423 1744 locatae,

399 1768 498 1818 Qae
518 1765 638 1804 verbo
658 1776 696 1804 et
717 1765 819 1804 falfis
843 1766 1056 1804 Graiorum
1077 1765 1242 1803 vocibus
1264 1774 1407 1810 errant,

399 1832 460 1870 Re
480 1845 568 1871 vera
587 1840 695 1870 certo
715 1832 823 1885 lapsu
846 1831 1048 1884 spatioque
1069 1829 1276 1875 feruntur;

400 1899 548 1937 Omnia
562 1900 647 1951 jam
668 1911 800 1936 cernes
822 1897 954 1936 divina
974 1906 1107 1935 mente
1128 1906 1274 1935 notata.

398 1965 506 2003 Nam
525 1965 702 2017 primum
723 1964 911 2004 astrorum
932 1963 1126 2008 volucres,
1158 1972 1196 2001 te
1218 1961 1405 2008 Consule,
1438 1972 1586 2010 motus,

400 2030 700 2082 Concursusque
721 2043 853 2082 graves
875 2029 1073 2068 stellarum
1095 2028 1228 2066 ardore
1249 2029 1455 2074 micantes,

399 2097 466 2134 Tu
489 2110 660 2149 quoque,
697 2107 790 2134 cum
812 2096 988 2134 tumulos
1010 2095 1168 2133 Albano
1189 2095 1230 2132 in
1251 2104 1388 2133 monte
1410 2094 1556 2134 nivales

399 2162 600 2208 Lustrasti,
631 2172 669 2200 et
690 2163 779 2202 laeto
800 2161 971 2200 mactasti
992 2161 1090 2199 lacte
1111 2161 1287 2206 Latinas,

399 2227 543 2266 Vidisti
563 2238 602 2266 et
621 2229 726 2267 claro
747 2229 937 2268 tremulos
958 2228 1091 2266 ardore
1112 2236 1301 2273 cometas,

400 2294 614 2347 Multaque
634 2296 787 2334 misceri
809 2298 998 2334 nocturna
1017 2295 1138 2347 strage
1159 2294 1300 2348 putasti
1320 2309 1329 2332 :

401 2360 522 2411 Qod
543 2359 666 2398 ferme
687 2361 816 2399 dirum
838 2362 879 2399 in
902 2371 1058 2414 tempus
1079 2361 1254 2399 cecinere
1277 2359 1443 2404 Lafinae,

403 2427 508 2463 Cum
531 2426 675 2464 claram
696 2426 863 2479 speciem
883 2436 1068 2465 concreto
1089 2426 1240 2464 lumine
1262 2426 1377 2462 Luna

403 2491 587 2538 Abdidit,
619 2502 658 2531 et
679 2492 808 2531 subito
829 2492 998 2532 stellanti
1020 2494 1132 2532 noete
1153 2501 1356 2545 perempta
1375 2490 1442 2528 est.

1414 2558 1437 2594 S
1470 2568 1493 2596 2
