2335 3009
493 179 572 220 128
928 175 1452 215 POEMATUM

497 275 595 313 Haec
616 281 734 326 caput
754 282 871 325 atque
891 271 1028 310 oculos
1051 281 1237 324 torquens
1258 270 1305 308 ad
1327 280 1433 323 terga
1453 269 1597 324 Nepai,

497 341 766 392 Convexoque
787 337 869 376 finu
891 337 1046 375 subiens
1069 335 1220 374 inferna
1240 337 1402 381 Leonis,

497 407 741 444 Centaurum
762 404 841 442 leni
861 403 1061 456 contingit
1080 402 1233 440 lubrica
1251 402 1396 441 cauda:

499 471 545 509 In
567 470 777 522 medioque
799 469 880 507 finu
902 467 1060 520 fulgens
1083 469 1242 505 Cratera
1262 468 1424 505 relucet.

497 537 735 575 Extremum
757 534 886 572 nitens
907 533 1088 586 plumato
1108 545 1270 585 corpore
1292 533 1445 570 Corvus

500 591 642 641 R‘ostro
663 601 823 645 tundit;
855 610 894 638 et
914 599 980 638 hic
1002 599 1187 638 Geminis
1208 597 1261 635 est
1282 598 1349 635 ille
1370 597 1440 635 sub
1462 597 1550 650 ipsis

499 668 731 711 Antecanis,
763 667 886 705 Graio
908 665 1084 716 Procyon
1108 664 1176 716 qui
1199 663 1360 702 nomine
1379 661 1519 702 fertur.

498 733 600 772 Haec
621 732 724 777 sunt,
756 745 841 784 quae
862 731 986 768 visens
1008 731 1200 768 nocturno
1221 739 1397 782 tempore
1418 729 1537 780 figna,

500 800 793 850 AEternumque
813 796 947 834 volens
969 795 1109 834 mundi
1129 794 1355 848 pernoscere
1376 803 1547 839 motum.

502 865 706 916 Legitimo
727 875 860 901 cernes
879 862 1023 900 caelum
1044 860 1246 899 lustrantia
1265 859 1394 899 cursu.

501 930 611 969 Nam
632 942 718 982 quae
739 941 807 981 per
827 927 888 966 bis
909 927 973 966 sex
994 927 1195 980 signorum
1215 925 1338 964 labier
1357 925 1496 963 orbem

503 995 695 1047 Qinque
718 993 842 1031 solent
862 993 993 1038 stellae,
1025 992 1143 1030 fimili
1163 991 1312 1029 ratione
1333 990 1460 1028 notari

504 1060 602 1098 Non
623 1059 778 1112 possunt
796 1077 806 1103 ;
839 1059 930 1110 quia
950 1071 1037 1109 quae
1057 1056 1210 1094 faciunt
1230 1055 1388 1107 vestigia
1407 1054 1538 1100 cursu,

505 1125 602 1164 Non
623 1124 760 1162 eodem
782 1123 932 1175 semper
953 1122 1076 1175 spatio
1096 1129 1249 1175 portata
1268 1129 1464 1159 teruntur.

506 1190 568 1229 Sic
590 1189 745 1227 malunt
765 1201 887 1226 errare
908 1200 1012 1240 vagae
1033 1200 1101 1240 per
1120 1185 1258 1224 nubila
1278 1185 1380 1230 caeli,

506 1257 642 1307 Atque
663 1255 749 1293 suos
772 1255 876 1292 vario
897 1262 1010 1291 motu
1031 1253 1206 1291 metirier
1226 1251 1355 1290 orbes.

507 1323 607 1360 Haec
629 1319 781 1358 faciunt
802 1332 964 1372 magnos
985 1318 1198 1371 longinqui
1221 1318 1408 1371 temporis
1429 1331 1567 1364 annos,

509 1388 614 1426 Cum
638 1385 801 1424 redeunt
821 1384 868 1422 ad
890 1385 994 1422 idem
1016 1384 1101 1422 caeli
1123 1383 1193 1422 sub
1215 1384 1390 1436 tegmine
1410 1383 1591 1436 fignum:

509 1454 689 1504 Qarum
710 1464 784 1504 ego
805 1464 910 1488 nunc
932 1463 1085 1503 nequeo
1107 1459 1210 1488 totos
1231 1449 1408 1487 evolvere
1428 1449 1578 1488 cursus.

509 1518 659 1556 Verum
682 1516 780 1562 haec,
812 1530 898 1569 quae
919 1515 1070 1569 semper
1089 1525 1197 1554 certo
1216 1515 1431 1553 volvuntur
1450 1515 1491 1553 in
1513 1515 1609 1554 orbe

510 1583 611 1622 Fixa
632 1582 760 1627 simul,
793 1594 955 1634 magnos
976 1581 1128 1619 edicam
1148 1580 1334 1632 gentibus
1355 1580 1484 1619 orbes.

512 1649 713 1700 Qattuor
734 1655 878 1685 aeterno
898 1645 1102 1684 lustrantes
1123 1645 1276 1683 lumine
1298 1644 1510 1690 mundum,

513 1712 642 1751 Orbes
664 1711 848 1764 stelligeri
870 1720 1068 1764 portantes
1091 1711 1196 1763 signa
1215 1709 1411 1755 feruntur,

513 1778 705 1832 Amplexi
727 1787 867 1816 terram
889 1777 972 1816 caeli
994 1777 1064 1815 sub
1087 1777 1261 1829 tegmine
1281 1775 1400 1815 fulti:

513 1846 548 1884 E
575 1844 721 1897 quibus
743 1856 937 1881 annorum
958 1842 1164 1881 volitantia
1183 1842 1323 1880 limina
1343 1842 1492 1887 nosces,

515 1912 616 1962 Qae
637 1909 760 1947 densis
782 1908 962 1946 distincta
983 1908 1124 1946 libebit
1144 1921 1300 1946 cernere
1321 1908 1454 1961 fignis.

515 1978 628 2015 Tum
652 1975 799 2013 multos
821 1974 933 2012 orbes
955 1987 1099 2026 magno
1120 1987 1212 2012 cum
1235 1974 1386 2012 lumine
1408 1974 1522 2019 latos,

516 2042 682 2079 Vinctos
704 2041 806 2078 inter
828 2039 878 2085 se,
909 2049 947 2077 et
969 2040 1082 2077 nodis
1103 2039 1318 2078 caelestibus
1340 2050 1467 2093 aptos,

518 2109 653 2159 Atque
675 2106 755 2159 pari
778 2105 900 2159 spatio
921 2105 1000 2143 duo
1020 2119 1152 2144 cernes
1174 2105 1246 2144 effe
1267 2105 1437 2145 duobus.

520 2175 627 2213 Nam
650 2173 699 2211 s1c
722 2173 914 2212 nocturno
934 2171 1173 2225 cognoscens
1197 2181 1372 2225 tempore
1393 2173 1549 2218 caelum,

520 2241 627 2278 Cum
651 2253 777 2293 neque
797 2239 968 2292 caligans
991 2239 1145 2277 detersit
1167 2239 1284 2277 sidera
1306 2239 1446 2285 nubes,

521 2307 607 2345 Nec
631 2306 748 2358 pleno
770 2305 894 2344 stellas
917 2304 1107 2358 superavit
1129 2305 1280 2343 lumine
1304 2306 1432 2350 Luna,

523 2371 665 2408 vidisti
687 2382 875 2423 magnum
898 2369 1130 2410 candentem
1153 2370 1299 2424 serpere
1319 2372 1470 2409 circum
1490 2386 1500 2409 ι

524 2437 689 2476 Lacteus
712 2436 777 2476 hic
800 2437 925 2476 nimio
945 2435 1102 2491 fulgens
1122 2437 1289 2476 candore
1310 2446 1467 2477 notatur
1485 2451 1495 2477 :

1804 270 1885 320 460

1807 597 1888 650 4⁶5

1811 937 1893 978 470

1817 1265 1897 1306 475

1824 1579 1905 1631 480

1829 2253 1912 2293 490
