2335 3009
768 201 1383 245 FRAGMENTA.

384 304 560 357 Eripere,
591 310 630 341 et
650 301 813 355 stragem
834 301 1068 341 horribilem
1088 302 1313 357 caedemque
1334 306 1456 345 vereri
1475 321 1485 346 t

383 371 519 421 Atque
538 368 623 407 haec
644 367 720 406 fixa
739 368 847 420 gravi
867 366 948 406 fato
969 381 1011 405 ac
1033 367 1195 406 fundata
1215 370 1337 407 teneri
1349 389 1362 416 3

383 435 442 473 Ni
462 434 547 487 post
566 433 743 472 excisum
762 433 810 471 ad
829 433 1015 472 columen
1036 432 1203 472 formata
1223 434 1362 474 decore

382 500 518 537 saneta
538 499 647 551 Jovis
670 499 814 552 species
836 499 959 537 claros
981 499 1167 552 spectaret
1187 500 1229 537 in
1250 510 1358 539 ortus
1376 516 1385 540 :

381 565 493 603 Tum
513 563 612 610 fore,
643 573 688 603 ut
707 564 886 603 occultos
906 564 1077 617 populus
1100 564 1327 618 sanctusque
1347 566 1498 606 senatus

381 630 551 668 Cernere
571 640 734 668 conatus
755 629 891 684 poffet,
923 630 949 668 fi
971 630 1060 668 solis
1082 630 1128 667 ad
1149 639 1284 669 ortum

381 696 591 742 Conversa,
622 696 714 734 inde
733 705 891 749 patrum
911 695 1014 734 sedes
1036 697 1256 749 populique
1275 697 1438 737 videret.

380 761 480 800 Haec
502 762 648 800 tardata
667 762 735 800 diu
756 761 917 815 species,
947 762 1203 815 multumque
1222 773 1387 810 morata,

381 827 554 866 Consule
575 836 627 873 te,
665 827 822 866 tandem
842 827 941 866 celsa
960 827 1013 865 est
1034 828 1074 866 in
1096 827 1182 866 sede
1202 828 1328 868 locata
1345 844 1355 869 ε

380 894 515 947 Atque
536 908 613 932 una
632 894 701 933 fixi
721 908 764 933 ac
785 895 923 947 fignati
945 894 1133 947 temporis
1154 893 1264 941 hora,

380 959 537 1012 Jupiter
556 974 604 998 ex
625 959 724 998 celsa
743 960 912 998 clarabat
934 959 1082 1012 sceptra
1101 960 1287 998 columna
1303 980 1316 1007 ς

380 1027 441 1063 Ac
462 1025 589 1063 clades
611 1025 743 1078 patriae
763 1025 920 1063 flamma
939 1024 1122 1078 ferroque
1142 1035 1286 1078 parata,

381 1090 559 1129 Vocibus
581 1090 849 1143 Allobrogum
871 1090 1047 1143 patribus
1068 1091 1297 1144 populoque
1318 1092 1489 1144 patebat.

381 1155 475 1194 Rite
497 1157 618 1209 igitur
638 1165 799 1202 veteres,
831 1170 1002 1209 quorum
1022 1166 1282 1195 monumenta
1302 1159 1456 1204 tenetis,

380 1222 463 1274 Qi
484 1222 652 1275 populos
674 1222 865 1274 urbesque
885 1222 1006 1260 modo
1025 1235 1068 1260 ac
1090 1222 1234 1260 virtute
1254 1223 1441 1275 regebant
1456 1242 1470 1270 3

379 1287 475 1326 Rite
494 1288 614 1326 etiam
634 1287 762 1332 vestri,
793 1300 964 1339 quorum
984 1287 1184 1340 pietasque
1204 1287 1377 1341 fidesque

379 1352 577 1398 Praestitit,
608 1366 651 1391 ac
671 1352 790 1405 longe
809 1352 907 1390 vicit
927 1352 1113 1405 sapientia
1132 1354 1312 1399 cunctos,

379 1418 580 1471 Praecipue
600 1418 754 1471 ingenti
774 1418 983 1456 coluerunt
1002 1418 1167 1457 numine
1187 1417 1315 1458 divos.

378 1483 478 1522 Haec
497 1483 594 1522 adeo
611 1485 770 1537 penitus
791 1497 884 1522 cura
902 1484 1033 1522 videre
1052 1484 1192 1537 sagaci,

379 1550 476 1589 Otia
494 1551 564 1603 qui
584 1550 721 1589 studiis
741 1551 821 1588 laeti
844 1560 1000 1589 tenuere
1024 1550 1193 1596 decoris,

377 1617 503 1669 Inque
523 1616 737 1655 Academia
756 1616 972 1655 umbrifera
991 1617 1198 1670 nitidoque
1218 1616 1352 1668 Lyceo

378 1682 582 1720 Fuderunt
601 1682 721 1720 claras
742 1681 921 1721 foecundi
942 1683 1109 1735 pectoris
1130 1691 1244 1720 artes.

376 1748 412 1786 E
432 1748 579 1801 quibus
598 1757 778 1801 ereptum
799 1748 930 1801 primo
945 1749 1031 1800 jam
1050 1761 1071 1785 a
1091 1747 1186 1786 flore
1199 1748 1389 1799 juventae,

377 1814 439 1852 Te
459 1815 582 1866 patria
602 1815 642 1852 in
663 1813 793 1852 media
811 1814 1007 1852 virtutum
1028 1813 1134 1852 mole
1154 1812 1314 1851 locavit.

378 1879 446 1917 Tu
467 1887 597 1918 tamen
618 1877 810 1917 anxiferas
831 1891 941 1916 curas
963 1878 1138 1931 requiete
1158 1878 1320 1922 relaxas,

379 1944 498 1995 Qod
517 1946 650 1999 patriae
670 1958 783 1983 voces
804 1944 940 1983 studiis
961 1944 1153 1998 nobisque
1173 1942 1338 1982 sacrasti.

433 2009 577 2064 Now]
607 2012 742 2064 Atque
762 2011 896 2050 animo
915 2010 1088 2065 pendens
1110 2009 1235 2052 noctis
1256 2016 1394 2049 eventa
1414 2006 1597 2048 timebat.

880 2180 918 2220 L
966 2180 986 2218 1
1034 2179 1081 2220 B.
1160 2177 1257 2216 111.

1707 221 1774 258 ¹41

435 2310 536 2347 C1c.
551 2309 641 2347 Att.
661 2309 715 2347 11.
735 2309 793 2362 3.]
817 2310 970 2348 Interea
989 2306 1139 2352 cursuS,
1157 2318 1256 2360 quos
1272 2305 1400 2358 prima
1415 2317 1435 2343 a
1453 2311 1563 2358 parte
1575 2304 1764 2358 juventae,

379 2374 568 2427 Qosque
588 2373 681 2412 adeo
701 2374 837 2412 consul
858 2374 1002 2413 virtute
1022 2374 1235 2425 animoque
1254 2370 1399 2424 petisti,

379 2440 467 2480 Hos
488 2440 626 2486 retine,
657 2447 773 2493 atque
791 2453 890 2493 auge
910 2438 1058 2479 famam
1076 2437 1312 2492 laudemque
1333 2436 1546 2477 bonorum.
