2241 2994
310 1594 316 1598 ·
366 1583 415 1618 tia
462 1593 644 1626 exerceret,

753 222 1372 263 HISTORIA.

368 318 578 355 confitetur:
607 318 763 365 Accusavi
780 318 818 353 de
834 318 972 365 pecuniis
988 329 1037 354 re-

363 367 524 413 petundis,
538 365 641 412 judex
657 366 739 412 sedi,
760 376 883 413 praetor
899 368 1037 413 quaefivi.

367 416 419 452 Et
434 428 500 463 pro
517 415 692 458 Cornelio,
718 416 828 463 princ.
856 415 1042 459 Postulatur

366 463 456 509 apud
478 475 526 499 me
548 471 716 509 praetorem
738 467 873 510 primum
896 464 932 498 de
944 474 1037 510 pecu-

366 515 426 547 niis
442 512 630 558 repetundis.
682 513 778 548 Idem
807 512 955 548 ostendit
979 523 1037 560 pro

364 561 518 603 Cluentio,
545 570 616 607 cap.
638 573 695 607 53.
722 562 784 596 ubi
809 561 1036 608 quaestionem

365 609 409 644 de
422 610 576 656 pecuniis
595 610 793 657 repetundis
811 610 905 645 suam
922 620 1036 645 vocat.

416 659 557 703 Judicia
585 659 720 702 Cicero,
757 668 797 694 ut
829 659 1037 694 Plutarchus

365 705 494 749 scribit,
521 707 612 742 visus
638 706 706 742 fuit
728 707 817 742 caste
840 707 1038 754 integreque

363 767 529 791 exercere.
572 756 628 790 De
646 756 786 791 Licinio
804 756 928 791 Macro
946 755 1037 790 idem

367 804 543 839 memoriae
562 804 740 851 proditum
767 804 826 846 ait,
852 816 946 845 eum,
973 804 1035 851 qui

365 862 400 887 et
428 852 497 899 ipse
515 853 666 888 multum
683 853 716 888 in
734 853 873 888 civitate
889 862 1036 900 poterat,

364 910 400 935 et
427 901 546 936 Craffo
577 912 723 948 patrono
752 901 927 943 utebatur,
955 913 1036 936 cum

366 950 409 984 de
426 950 580 997 pecuniis
599 950 795 998 repetundis
814 951 907 997 apud
937 950 1037 985 Cice-

366 1010 485 1033 ronem
523 1010 707 1046 praetorem
738 999 915 1034 accusatus
943 999 1035 1041 esset,

365 1056 400 1081 et
412 1046 547 1094 judices
565 1047 678 1083 adhuc
697 1048 873 1082 sententias
898 1046 1036 1089 ferrent,

365 1094 496 1131 fretum
523 1095 582 1131 sua
601 1097 755 1144 potentia
772 1106 805 1130 et
823 1096 935 1130 studio
954 1096 1037 1130 ami-

365 1155 489 1180 corum
527 1145 673 1180 domum
703 1145 830 1186 abiisse,
868 1154 903 1180 et
931 1155 1038 1192 caput

366 1193 480 1229 statim
499 1194 693 1236 totondisse,
720 1194 926 1241 sumptaque
947 1193 1038 1228 veste

366 1254 456 1290 pura
472 1253 637 1289 tanquam
666 1243 830 1277 victorem
857 1243 891 1277 in
919 1241 1038 1277 forum

368 1292 546 1326 revertisse.
599 1291 666 1326 Sed
701 1303 783 1326 curn
811 1291 962 1332 Crassus,
1002 1291 1036 1326 in

367 1339 540 1374 vestibulo
557 1351 752 1380 occurrens,
775 1352 855 1374 eum
873 1339 1037 1374 omnibus

365 1387 538 1424 sententiis
567 1388 770 1423 damnatum
797 1388 862 1423 esse
889 1387 1036 1430 dixisset,

367 1437 539 1473 reversum
556 1436 766 1478 decubuiffe,
793 1447 898 1485 atque
915 1437 961 1471 ita
978 1439 1036 1472 de-

366 1486 490 1521 ceffiffe
507 1486 614 1521 aiunt.
666 1486 763 1534 Qae
790 1498 841 1521 res
863 1485 1035 1529 Ciceroni,

367 1544 409 1571 ut
425 1535 487 1582 qui
499 1533 633 1581 judicia
649 1546 775 1582 magna
791 1547 872 1570 cum
890 1534 1035 1580 diligen-

694 1583 841 1630 gloriam
893 1583 1036 1631 peperit.

366 1632 549 1668 Haftenus
599 1632 820 1668 Plutarchus.
879 1632 1038 1668 Valerius

366 1681 560 1724 Maximus,
597 1681 649 1717 lib.
679 1681 744 1716 lX.
780 1691 848 1728 cap.
882 1692 938 1716 12.
966 1693 1037 1716 rem

365 1730 473 1778 paulo
491 1730 587 1765 aliter
604 1739 727 1765 narrat.
768 1730 891 1766 Cicero
909 1739 1036 1772 autem,

363 1780 448 1825 epist.
483 1791 515 1825 3.
560 1779 599 1825 [l.
636 1779 689 1824 4.]
728 1779 784 1814 lib.
821 1780 847 1814 1.
883 1779 928 1813 ad
959 1780 1032 1814 ΑΜ.

364 1840 472 1874 quam
505 1828 570 1863 hoc
601 1839 691 1862 anno
729 1838 860 1875 praetor
891 1827 1032 1874 scripsit,

364 1877 448 1920 Nos,
473 1876 600 1924 inquit,
628 1877 679 1910 hic
696 1876 868 1912 incredibili
883 1889 921 1910 ac
925 1878 1033 1923 fingu-

365 1926 430 1961 lari
457 1926 564 1972 populi
591 1925 754 1960 voluntate
779 1925 816 1961 de
847 1925 882 1960 C.
919 1927 1034 1960 Macro

363 1976 566 2022 transigimus
579 1988 590 2009 :
617 1976 665 2009 cui
691 1986 759 2009 cum
776 1973 1033 2022 aequifuiffemus,

362 2031 467 2059 tamen
483 2024 580 2058 multo
596 2023 742 2069 majorem
750 2023 895 2069 fruHum
924 2034 961 2056 ex
978 2032 1035 2068 po·

358 2073 430 2119 puli
454 2074 669 2118 existimatione
696 2072 749 2107 illo
778 2071 926 2107 damnato
955 2075 1034 2118 cepi-

365 2133 444 2164 mus,
479 2134 571 2169 quam
612 2133 649 2157 ex
677 2121 784 2166 ipsius,
810 2121 846 2165 si
878 2120 1035 2166 absolutus

365 2169 442 2216 effer,
462 2172 576 2217 gratia
593 2169 769 2216 cepiffimus.
816 2169 982 2205 Meminit
1000 2169 1036 2204 in

365 2219 484 2253 eadem
532 2219 675 2265 epistola
716 2219 939 2254 comitiorum

368 2267 510 2309 Fratris,
534 2267 664 2313 quibus
681 2267 738 2302 ille
755 2268 956 2304 aedilitatem
973 2279 1034 2314 pe·

367 2316 452 2350 tiisse
469 2315 617 2350 videtur.

417 2364 497 2399 Kal.
516 2364 594 2409 Jan.
614 2362 717 2411 huJ'us
734 2364 814 2400 anni
831 2364 874 2400 C.
893 2364 1034 2400 Manilii

368 2414 422 2448 lex
454 2413 497 2448 de
535 2412 711 2451 libertinis,
730 2413 764 2449 S.
799 2413 842 2448 C.
873 2414 1036 2448 damnata

366 2461 447 2506 fuit,
473 2461 611 2498 auctore
630 2461 756 2498 Dione.
798 2461 900 2498 Tum
915 2462 1032 2498 Mani-

1687 237 1766 280 277

1088 319 1168 362 lius,
1195 329 1237 355 ut
1266 318 1425 367 Pompeii
1457 319 1604 367 gratiam
1622 321 1762 369 collige·

1089 377 1151 408 ret,
1178 367 1288 415 le'gern
1319 369 1571 416 promulgavit,
1597 380 1637 405 ut
1655 370 1759 406 Porn-

1090 415 1181 463 peio,
1208 417 1270 463 qui
1299 426 1375 451 tum
1393 417 1427 452 in
1446 417 1570 452 Cilicia
1587 418 1667 454 belli
1686 431 1760 454 ma-

1087 463 1193 498 ritimi
1211 464 1371 510 reliquias
1394 465 1672 513 persequebatur,
1700 467 1758 502 Bi-

1087 512 1217 559 thynia,
1258 512 1421 559 Phrygia,
1455 514 1646 559 Lycaonia,
1685 516 1756 550 Ga-

1087 561 1179 603 latia,
1197 561 1434 609 Cappadocia,
1449 562 1583 604 Cilicia,
1601 563 1755 606 Colchis,

1085 610 1253 645 Armenia
1278 609 1391 644 minor
1413 621 1495 644 cum
1524 611 1619 646 omni
1649 624 1756 660 appa-

1086 668 1162 693 ratu
1192 658 1272 694 belli
1300 657 1436 705 piratici
1460 669 1495 693 et
1517 659 1626 707 copiis
1644 662 1755 696 omni-

1088 707 1166 750 bus,
1193 719 1274 754 quae
1297 707 1360 741 sub
1378 707 1536 743 Lucullo
1553 719 1756 752 meruerant,

1087 756 1291 803 bellumque
1326 755 1621 799 Mithridaticum,
1659 759 1758 805 quod

1086 804 1262 839 Lucullus
1273 802 1347 851 jam
1373 804 1470 840 annis
1497 804 1624 853 septem
1652 807 1757 853 gesse·

1086 862 1148 894 rat,
1176 853 1458 889 committeretur.
1511 853 1706 890 Plutarchus
1721 857 1757 891 in

1086 901 1242 947 Pompeio,
1268 903 1434 947 Appianas
1457 903 1491 937 in
1515 903 1756 949 Mithridatico,

1086 951 1154 985 Dio
1188 950 1243 985 lib.
1275 950 1451 986 XXXVI.
1504 951 1610 987 Hanc
1646 953 1757 1000 legem

1086 999 1344 1046 promulgatam
1363 1000 1420 1046 Q
1432 999 1580 1035 Catulus
1607 1011 1642 1036 et
1658 1002 1756 1037 Hor-

1087 1048 1212 1083 tensius
1229 1047 1295 1082 viri
1313 1047 1504 1083 consulares
1521 1049 1564 1084 de
1580 1062 1675 1086 more
1692 1051 1757 1086 dis-

1087 1095 1271 1139 suaserunt,
1323 1097 1446 1132 Cicero
1488 1107 1618 1144 praetor
1658 1099 1760 1135 suasit

1086 1145 1251 1189 oratione,
1290 1157 1372 1192 quae
1411 1157 1474 1192 pro
1503 1146 1577 1193 lege
1610 1148 1760 1183 Manilia

1086 1203 1192 1235 extat,
1219 1205 1290 1241 qua
1308 1194 1439 1229 bellum
1459 1194 1756 1240 Mithridaticum,

1087 1252 1121 1277 et
1151 1254 1272 1289 genere
1300 1243 1531 1286 necessarium,
1563 1254 1597 1279 et
1624 1247 1756 1293 magni-

1088 1291 1207 1326 tudine
1223 1291 1467 1338 periculosum,
1495 1293 1560 1327 Cn.
1576 1293 1757 1341 Pompeio,

1087 1339 1122 1373 in
1156 1352 1228 1386 quo
1267 1339 1400 1374 summa
1429 1341 1509 1376 esset
1543 1340 1680 1377 scientia
1710 1344 1759 1379 rei

1088 1388 1257 1431 militaris,
1283 1388 1407 1430 virtus,
1435 1390 1618 1425 auctoritas
1646 1401 1680 1426 et
1706 1391 1756 1426 fe-

1087 1435 1211 1480 licitas,
1252 1437 1552 1473 transmittendum
1584 1439 1649 1474 effe
1678 1452 1756 1488 per-

1086 1485 1197 1521 suasit.

1135 1534 1271 1570 Eodem
1289 1546 1379 1571 anno
1399 1535 1447 1570 A.
1465 1536 1649 1572 Cluentius
1666 1538 1757 1574 Avi-

1087 1593 1157 1624 tus,
1190 1584 1347 1619 veneficii
1382 1595 1401 1618 a
1431 1584 1479 1619 T.
1505 1586 1592 1620 Atio
1620 1587 1757 1622 accusa-

1086 1642 1156 1673 tus,
1182 1644 1202 1667 a
1229 1632 1395 1668 Cicerone
1418 1643 1567 1680 praetore
1593 1635 1687 1681 apud
1705 1637 1760 1685 Q

1086 1681 1286 1716 Voconium
1315 1680 1471 1716 defensus
1498 1681 1577 1717 fuit.
1615 1684 1758 1721 Veneno

1087 1730 1251 1765 sustulisse
1292 1742 1373 1764 cum
1416 1730 1500 1765 alios
1543 1732 1754 1776 nonnullos,

1086 1789 1161 1814 tum
1191 1778 1430 1826 Oppianicum
1460 1779 1623 1814 vitricum
1655 1781 1758 1818 suum

1085 1827 1304 1874 arguebatur.
1345 1828 1412 1862 Sed
1430 1828 1553 1863 Cicero
1569 1839 1755 1876 antequam

1085 1877 1128 1910 ad
1158 1877 1222 1911 hoc
1250 1876 1376 1911 crimen
1395 1877 1523 1919 veniat,
1550 1877 1754 1916 Cluentium

1084 1925 1189 1972 longa
1205 1923 1398 1960 defensione
1424 1925 1578 1972 primum
1609 1928 1650 1962 de
1673 1927 1756 1964 falsa

1083 1973 1225 2009 infamia
1246 1984 1406 2021 purgat:
1436 1975 1529 2009 Cum
1558 1975 1649 2010 enim
1679 1979 1754 2024 Op·

1083 2022 1240 2070 pianicus
1258 2033 1335 2057 ante
1352 2034 1459 2058 annos
1475 2024 1568 2065 οᾶο,
1598 2025 1757 2063 Lucullo

1084 2081 1119 2107 et
1136 2071 1241 2106 Cotta
1259 2071 1338 2106 coss.
1364 2082 1404 2106 ut
1427 2071 1529 2119 supra
1546 2073 1755 2110 demonstra-

1084 2120 1213 2162 vimus,
1256 2131 1275 2154 a
1307 2120 1472 2156 Cluentio
1502 2122 1679 2158 accusatus
1720 2134 1755 2159 et

1085 2170 1334 2204 condemnatus
1362 2170 1454 2211 effer,
1493 2169 1648 2206 defensor
1680 2172 1753 2219 ejus

982 2219 1039 2266 Q
1083 2219 1129 2253 L.
1149 2218 1321 2266 Qintius
1350 2229 1419 2252 rem
1450 2218 1484 2253 in
1511 2218 1676 2254 invidiam
1693 2222 1753 2256 ad,

1084 2267 1197 2308 duxit,
1225 2278 1305 2301 cum
1334 2267 1472 2307 diceret,
1506 2268 1688 2313 pecuniam
1719 2271 1753 2306 in

1078 2314 1215 2362 judicio
1231 2314 1330 2350 fuiffe
1348 2315 1531 2349 versatam:
1551 2326 1584 2349 et
1602 2328 1684 2352 cum
1701 2319 1752 2353 in-

1083 2375 1217 2400 certum
1250 2364 1341 2405 esset,
1377 2375 1420 2397 ex
1450 2375 1520 2410 qua
1550 2375 1646 2411 parte
1673 2368 1757 2404 esset

1082 2412 1250 2460 profecta,
1289 2412 1443 2459 populus
1473 2413 1652 2449 Romanus
1683 2428 1758 2451 non

1083 2462 1228 2497 credidit
1244 2461 1288 2496 ab
1306 2460 1504 2509 Oppianico
1521 2461 1650 2507 datam,
1671 2465 1760 2513 quia
