2335 3009
576 213 675 252 AD
733 207 1250 250 HERENNIUM
1308 208 1442 248 LIB.

386 304 480 340 nullis
516 305 610 350 copiis
637 303 778 349 fretus?
815 303 902 349 Ergo
937 303 1056 350 aliquid

376 353 471 400 fuiffl
489 352 592 399 neceffe
607 353 659 396 est.
702 351 793 398 Qid
805 350 907 393 aliud,
937 353 995 396 nist
1009 352 1053 394 id,

383 402 464 450 quad
477 401 554 442 dico,
577 400 674 447 potest
689 400 741 446 ff
755 402 773 435 ?

434 451 483 485 X.
510 450 549 484 ln
577 459 751 484 attenuato
779 448 903 496 figurae
921 459 1054 495 genere,

384 498 482 545 quod
500 497 542 532 ad
569 497 727 532 infimum
750 506 785 532 et
810 497 1053 543 quotidianum

383 547 571 582 sermonem
600 545 781 580 demissum
809 545 870 587 est,
898 545 961 579 hoc
991 546 1055 580 erit

382 595 594 642 exemplum.
646 595 749 637 Nam,
775 602 811 629 ut
823 594 915 639 forle
942 594 993 628 hic
1021 597 1054 629 in

382 643 508 678 balneas
534 645 634 685 venit,
661 645 763 689 capit,
794 643 950 690 postquam
975 653 1050 689 per-

373 692 467 738 fustes
482 692 532 739 est,
558 691 718 738 defricari.
761 692 894 731 Deinde,
920 691 974 726 ubi
999 693 1052 726 vi-

375 741 448 783 sum
480 741 533 784 est,
572 748 607 775 ut
635 742 668 774 in
699 740 824 774 alveum
853 739 1051 785 descenderet,

382 801 446 824 ecce
461 789 507 825 ibi
527 789 576 833 iste
602 787 638 823 de
661 789 852 834 trartfiverso,
880 790 978 831 Heus,
1004 790 1054 822 in-

381 841 462 885 quit,
487 837 667 882 adolescens,
699 840 788 882 pueri
814 840 862 872 tui
891 836 977 871 modo
1007 850 1054 872 me

378 887 600 933 puffizverunt3
611 886 792 931 satisfacias
809 893 939 933 oportet.
974 887 1051 929 Hic,

381 938 435 983 qui
450 936 485 970 id
497 938 602 970 aetatis
617 936 659 970 ab
675 938 778 982 ignoto
794 943 918 981 praeter
935 935 1052 979 consue-

382 984 520 1019 tudinem
537 984 712 1030 appeL'atus
727 983 806 1029 effet,
829 984 966 1018 erubuit.
992 984 1053 1027 Iste

381 1033 497 1067 clarius
531 1033 634 1067 eadem
661 1040 691 1067 et
718 1033 785 1067 alia
814 1032 914 1067 dicere
948 1035 1048 1077 capit.

382 1082 446 1116 Hic
461 1084 519 1116 vix
535 1080 658 1116 tandem
675 1084 784 1128 inquit,
811 1082 881 1116 Sme
897 1093 943 1116 me
960 1083 1052 1125 confi-

380 1130 501 1165 derare.
554 1133 634 1165 Tum
651 1142 727 1164 vero
747 1131 796 1174 iste
812 1132 898 1176 capit
917 1130 1054 1164 clamare

381 1191 456 1214 voce
472 1179 542 1222 ista,
569 1191 636 1226 quae
651 1179 704 1213 vel
709 1178 813 1223 facile
829 1181 930 1213 cuivis
958 1179 1052 1213 rubo-

381 1240 430 1262 res
448 1227 554 1262 elicere
563 1227 657 1273 poffiet
671 1240 682 1261 .·
711 1227 763 1261 Ita
777 1228 916 1273 petulans
933 1239 974 1269 es,
999 1235 1052 1261 at-

381 1289 437 1324 que
462 1287 544 1318 acer,
570 1285 605 1310 ut
630 1287 668 1310 ne
691 1276 736 1310 ad
754 1275 906 1320 solarium
935 1275 1051 1323 quidem

380 1328 516 1366 maneus,
551 1333 587 1359 ut
615 1324 693 1358 mihi
725 1324 867 1365 videtur,
892 1324 952 1369 sed
972 1334 1051 1369 pone

372 1373 510 1420 scenam,
536 1380 566 1407 et
589 1375 623 1407 in
640 1372 782 1419 ejusmodi
809 1373 884 1407 locis
900 1375 1051 1407 exercita-

380 1422 496 1466 tussis.
548 1421 760 1456 conturbatus
789 1422 828 1465 est
857 1420 1050 1467 adolescens·‚

380 1483 435 1505 nec
451 1472 574 1510 mirum,
600 1473 649 1505 cui
673 1472 768 1504 etiam
792 1482 873 1505 nunc
885 1469 1053 1517 paedagogi

379 1519 449 1554 lites
465 1519 510 1554 ad
520 1520 677 1554 auriculas
694 1519 903 1564 versarentur,
927 1521 1050 1564 imperi-

380 1578 412 1604 ta
441 1568 583 1615 ejufinodi
611 1569 826 1603 conviciorum.
879 1567 942 1604 Ubi
973 1570 1051 1602 enim

379 1617 430 1662 iste
445 1617 567 1664 ‘vidiffet
586 1617 735 1662 fiurram
762 1617 901 1660 exhausto
926 1617 1049 1659 rubore,

377 1668 433 1713 qui
451 1667 488 1711 se
509 1673 640 1711 putaret
670 1664 754 1699 nihil
767 1665 894 1707 habere,
919 1665 1000 1712 quod
1014 1665 1051 1700 de

379 1714 602 1758 existimatione
618 1713 774 1760 perderet,
801 1722 837 1749 ut
863 1717 967 1748 omnia
979 1715 1051 1758 fine

371 1763 476 1810 famae
491 1763 675 1798 detrimento
689 1763 802 1809 facere
826 1762 918 1809 poſjet
933 1763 951 1796 ?
981 1763 1050 1810 Igi-

380 1822 438 1847 tur
467 1824 590 1859 genera
615 1812 806 1859 figurarum
834 1823 876 1846 ex
895 1811 972 1859 ipsis
989 1824 1048 1846 ex-

379 1862 501 1908 emplis
545 1860 689 1908 intelligi
731 1869 905 1907 poterunt.
970 1860 1049 1894 Erit

379 1910 470 1945 enirn
499 1919 533 1945 et
559 1919 733 1944 attenuata
749 1909 934 1944 verborum
966 1920 1047 1943 con-

379 1957 520 1994 struetio
551 1958 726 2005 quaedam,
751 1967 786 1992 et
813 1957 893 1992 item
920 1957 984 1991 alia
1014 1957 1048 1992 in

379 2009 557 2054 gravitate,
584 2007 649 2041 alia
674 2006 783 2053 posita
806 2006 838 2040 in
870 2005 1042 2041 mediocri-

380 2066 458 2091 tate.
511 2056 573 2091 Est
607 2066 721 2090 autem
756 2055 962 2096 cavendum,
994 2067 1048 2097 ne,

379 2105 464 2139 dum
482 2103 557 2139 haec
587 2115 710 2151 genera
740 2103 985 2146 consseftamur,
1011 2104 1046 2139 in

379 2153 525 2188 finitima
540 2163 574 2188 et
591 2152 789 2200 propinqua
817 2151 902 2186 vitia
931 2151 1045 2187 venia-

379 2214 468 2236 mus.
520 2201 613 2236 Narn
648 2201 745 2248 gravi
780 2201 926 2247 figurae,
964 2213 1046 2248 quae

378 2250 548 2284 laudanda
583 2249 643 2291 est,
682 2249 880 2296 propinqua
908 2249 956 2284 est
993 2262 1043 2293 ea,

379 2311 460 2346 quae
479 2297 642 2344 fugienda
658 2299 716 2339 est,
743 2309 825 2344 quae
845 2298 931 2332 rec‘te
948 2298 1043 2333 vide-

380 2347 473 2382 bitur
490 2345 665 2394 appellari‚
693 2346 714 2380 fi
741 2346 872 2380 sufflata
888 2346 1042 2381 nomina-

379 2395 482 2430 bitur.
538 2398 629 2429 &am
663 2404 703 2428 ut
732 2395 884 2441 corporis
916 2395 1042 2430 bonam

377 2443 614 2480 habitudinem
633 2452 750 2478 tumor
766 2442 920 2478 imitatur
936 2443 1041 2491 saepe5

1493 210 1568 249 IV.
1698 225 1773 265 199

1103 302 1150 338 ita
1167 303 1282 350 gravis
1299 304 1408 340 oratio
1427 304 1516 352 saepe
1538 305 1704 354 imperitis
1722 310 1774 344 vi-

1102 351 1204 387 detur
1219 364 1268 394 ea,
1296 365 1378 400 quae
1395 364 1510 401 turget
1525 364 1558 390 et
1582 356 1697 392 inflata
1713 358 1774 400 est,

1103 411 1184 435 curn
1203 411 1264 435 aut
1281 402 1392 444 novis,
1419 412 1479 437 aut
1504 403 1620 450 priscis
1645 406 1773 449 verbis,

1105 459 1166 484 aut
1192 449 1323 484 duriter
1347 450 1485 485 aliunde
1509 453 1689 496 transsatis,
1715 465 1775 490 aut

1104 497 1334 544 gravioribus,
1375 510 1481 545 quam
1522 513 1572 536 res
1610 503 1774 549 postulat,

1105 546 1238 593 aliquid
1267 546 1406 589 dicitur,
1434 547 1498 582 hoc
1529 550 1657 585 modo:
1686 553 1774 588 Nam

1104 597 1157 642 qui
1168 595 1429 641 perduellionibus
1452 597 1598 631 venditat
1617 603 1772 644 patriam,

1101 645 1253 689 nonsatis
1272 644 1421 690 supplicii
1447 643 1580 689 dederit,
1594 649 1630 692 fi
1639 658 1777 695 praeceps

1101 695 1134 727 in
1162 692 1343 739 Neptunias
1370 692 1512 739 depultus
1542 699 1604 730 erit
1631 697 1774 733 lacunas.

1102 741 1237 776 Paenitet
1254 743 1356 787 igitur
1372 742 1471 786 istum,
1498 746 1550 790 qui
1575 753 1687 780 montes
1703 746 1776 781 belli

1093 790 1278 835 fabricatus
1303 791 1353 836 est,
1381 800 1503 836 campos
1525 793 1648 837 sustulit
1671 798 1772 839 pacis.

1103 839 1142 873 In
1162 839 1227 873 hoc
1245 850 1353 886 genus
1377 839 1533 887 plerique
1558 853 1640 876 cum
1667 843 1772 878 decli-

1102 887 1242 929 nassent,
1280 898 1314 922 et
1347 887 1391 922 ab
1424 900 1478 930 eo,
1521 901 1594 937 quo
1627 891 1774 937 profedsti

1101 935 1192 979 sunt,
1221 936 1477 979 aberraverunt,
1501 947 1536 973 et
1559 939 1668 986 specie
1695 952 1772 987 gra-

1104 984 1218 1020 vitatis
1259 984 1441 1027 falluntur,
1479 998 1541 1021 nec
1581 988 1774 1036 prospicere

1101 1034 1241 1081 poffunt
1257 1033 1420 1069 orationis
1438 1044 1622 1071 tumorem.

1150 1083 1215 1118 xl.
1235 1083 1310 1129 Qi
1330 1083 1364 1117 in
1382 1083 1554 1118 mediocre
1570 1097 1678 1132 genus
1697 1098 1772 1122 ora—

1102 1130 1204 1166 tionis
1234 1131 1379 1178 profeAEti
1410 1129 1499 1174 sunt,
1537 1133 1560 1167 fi
1596 1138 1774 1180 pervenire

1102 1190 1144 1214 eo
1174 1191 1242 1214 non
1271 1189 1448 1227 poterunt,
1478 1192 1624 1216 errantes
1652 1195 1772 1230 perve-

1103 1228 1204 1262 niunt
1222 1228 1263 1262 ad
1282 1228 1417 1263 confine
1441 1241 1549 1276 genus
1575 1230 1647 1277 ejus
1670 1244 1771 1279 gene-

1102 1276 1159 1317 ris,
1185 1277 1282 1323 quod
1308 1278 1523 1324 appellamus
1542 1279 1712 1316 fluistuans
1737 1291 1772 1317 et

1100 1324 1329 1366 diffoluturn3
1361 1336 1403 1359 eo
1431 1327 1529 1372 quod
1550 1327 1625 1363 fine
1658 1330 1771 1365 nervis

1101 1382 1136 1407 et
1161 1373 1314 1408 articulis
1341 1373 1487 1409 fluetuat
1517 1375 1586 1410 huc
1612 1386 1647 1411 et
1674 1378 1770 1421 illuc,

1102 1433 1163 1456 nec
1182 1421 1292 1468 potest
1309 1422 1510 1457 confirmate
1535 1436 1646 1472 neque
1664 1426 1771 1462 virili-

1102 1480 1152 1506 ter
1169 1470 1232 1505 sese
1247 1470 1418 1518 expedire.
1472 1472 1512 1507 Id
1529 1473 1576 1507 est
1594 1473 1770 1521 hujusmo-

1102 1519 1156 1554 di:
1184 1521 1264 1554 Socii
1281 1519 1376 1563 nostri
1391 1532 1457 1555 cum
1474 1521 1656 1568 belligerare
1671 1525 1771 1570 nobis-

1101 1579 1169 1602 cum
1196 1567 1323 1611 vellent,
1343 1570 1483 1615 profecto
1511 1573 1699 1607 ratiocinati
1726 1573 1770 1620 es-

1091 1617 1163 1663 sent
1193 1619 1286 1651 etiam
1314 1626 1408 1664 atque
1428 1620 1534 1663 etiam,
1560 1620 1634 1668 quid
1652 1622 1770 1669 paffent

1090 1667 1215 1710 facere,
1230 1665 1266 1708 st
1280 1666 1399 1713 quidem
1412 1667 1473 1712 flia
1482 1669 1595 1713 sponte
1608 1669 1768 1714 facerent,

1099 1722 1129 1748 et
1146 1727 1204 1749 non
1230 1715 1379 1749 haberent
1405 1716 1455 1750 hic
1471 1717 1625 1761 adjutores
1645 1720 1767 1762 multos,

1099 1771 1128 1797 et
1145 1762 1240 1797 malos
1261 1764 1395 1797 homines
1419 1771 1449 1798 et
1475 1765 1616 1801 audaces.
1668 1767 1768 1803 Solent

1098 1814 1176 1846 enim
1193 1811 1248 1845 diu
1270 1815 1408 1858 cogitare
1434 1825 1548 1857 omnes,
1577 1817 1629 1861 qui
1651 1829 1768 1863 magna

1097 1863 1219 1906 negotia
1249 1863 1359 1895 volunt
1387 1873 1489 1908 agere.
1543 1864 1623 1898 Non
1658 1866 1769 1911 potest

1097 1908 1294 1955 hujusmodi
1327 1909 1436 1945 sermo
1461 1921 1571 1946 tenere
1597 1922 1767 1949 attentum

1099 1958 1300 1993 auditorem.
1353 1959 1493 1994 Diffluit
1524 1961 1615 1995 enim
1650 1972 1765 2005 totus,

1099 2018 1210 2054 neque
1251 2007 1442 2054 quicquam
1475 2010 1766 2056 comprehendens

1098 2055 1256 2102 perfeffis
1283 2056 1397 2091 verbis
1423 2058 1651 2104 ampledtitur.
1690 2060 1766 2108 Qui

1097 2116 1165 2139 non
1184 2105 1324 2152 poffunt
1341 2105 1374 2140 in
1393 2105 1450 2139 illa
1476 2105 1673 2142 facetiffima
1690 2121 1764 2143 ver-

1098 2152 1221 2188 borum
1240 2153 1472 2189 attenuatione
1491 2157 1673 2190 commode
1689 2169 1762 2191 ver-

1096 2201 1169 2243 sari,
1195 2202 1340 2237 veniunt
1367 2203 1409 2237 ad
1437 2203 1571 2238 aridum
1597 2214 1632 2239 et
1647 2209 1763 2240 exsan-

1094 2262 1162 2296 gue
1203 2262 1310 2298 genus
1344 2252 1520 2293 orationis,
1563 2254 1660 2299 quod
1694 2266 1762 2290 non

1094 2300 1243 2334 alienum
1260 2300 1306 2334 est
1323 2299 1411 2334 exile
1443 2299 1623 2343 nominari,
1650 2301 1761 2349 cujus.

1094 2348 1188 2382 modi
1205 2348 1252 2382 est
1271 2348 1336 2382 hoc
1353 2361 1360 2382 :
1379 2347 1470 2382 Nam
1487 2349 1551 2392 istic
1567 2349 1619 2383 ille
1635 2352 1677 2385 ad
1692 2352 1760 2386 bal-

1093 2408 1165 2430 neas
1182 2396 1317 2440 accfft3
1343 2395 1387 2430 ad
1401 2397 1478 2431 hunc
1489 2397 1592 2442 postea
1608 2399 1692 2441 dicit,
1712 2401 1762 2436 hic

1092 2452 1164 2480 tuus
1174 2445 1288 2491 servus
1306 2456 1353 2479 me
1363 2445 1516 2491 pulsavit.
1560 2447 1665 2491 Postea
1683 2450 1760 2485 dicit
