2335 3009
584 244 664 284 260

587 339 806 385 LXXXIX)
824 343 935 380 delata
951 345 1008 380 est.
1053 346 1147 381 Bona
1165 346 1250 381 Ros-

587 388 630 422 cii
650 399 814 437 tanquam
833 393 1012 442 proscripti
1030 394 1176 442 ideoque
1193 407 1250 430 oc-

586 437 658 479 cifi,
695 448 734 474 ut
766 440 972 478 Plutarchus
1003 443 1118 485 tradit,
1157 444 1252 490 Sylla

588 485 692 538 hastae
712 486 890 535 rsubjeciu
932 501 967 526 et
1006 491 1251 538 Chrysogonus

585 545 658 580 ejus
708 526 853 573 libertus
907 539 1047 575 duobus
1098 541 1252 575 millibus

587 595 771 620 nummum
804 587 899 629 emit,
942 600 1022 623 cum
1060 587 1133 635 jam
1173 601 1251 636 pro-

586 631 777 680 scriptionis
797 636 924 672 mentio
943 637 1036 672 nulla
1050 638 1155 678 fieret,
1170 649 1251 672 cum

584 679 700 724 etiam,
727 683 788 729 qui
814 694 911 719 antea
939 695 1140 727 metuerant,
1167 686 1251 720 redi-

586 738 671 770 rent,
698 742 736 766 ac
761 730 835 778 jam
864 732 1045 769 defunctos
1074 733 1137 768 sese
1163 735 1250 782 peri-

585 777 672 813 culis
703 780 956 817 arbitrarentur.
1007 783 1073 817 Sed
1101 794 1182 817 cum
1211 783 1249 818 fi-

587 825 654 861 lius
687 827 848 877 idemque
880 830 974 865 heres
1009 830 1123 866 Roscii
1159 831 1251 866 bona

584 875 692 922 patris
716 876 763 911 ita
794 879 930 914 vendita
945 880 1009 914 else
1026 891 1118 927 aegre
1134 878 1247 924 ferret,

584 935 692 971 eaque
723 925 868 974 sexagies
898 928 963 963 effe
991 928 1247 971 demonstraret,

585 973 680 1019 Sylla
707 976 847 1022 coargui
873 975 903 1011 se
925 978 1075 1024 graviter
1096 977 1189 1019 tulit,
1213 987 1248 1013 et

584 1021 700 1057 Roscii
729 1023 792 1058 filii
821 1036 944 1059 nomen
970 1038 992 1061 0
1019 1038 1074 1060 era
1100 1026 1247 1074 Chryso-

583 1070 664 1116 goni
683 1071 726 1106 de
748 1072 931 1118 parricidio
947 1039 1169 1110 deserendum
1187 1087 1247 1110 cu-

581 1119 681 1154 ravit.
733 1122 826 1156 Cum
868 1121 983 1157 Roscii
1016 1122 1247 1169 patrocinium

581 1168 629 1202 ob
647 1168 753 1215 Syllae
779 1180 909 1205 metum
935 1182 1038 1206 nemo
1054 1171 1246 1219 susciperet,

581 1216 772 1253 adolescens
795 1219 840 1253 ab
856 1219 1019 1254 omnibus
1036 1220 1184 1255 desertus
1203 1220 1246 1255 ad

580 1265 654 1300 Cic.
681 1265 864 1314 confugit:
891 1280 996 1315 quem
1025 1269 1126 1304 amici
1155 1281 1245 1317 quo-

578 1325 649 1361 que
666 1315 708 1350 ad
727 1328 822 1361 reum
839 1315 1093 1353 defendendum
1119 1318 1243 1353 cohor-

579 1363 754 1407 tabantur,
792 1377 874 1400 cum
907 1365 1001 1401 aliud
1034 1366 1244 1414 splendidius

580 1422 640 1447 aut
656 1413 854 1460 praeclarius
880 1414 1002 1462 gloriae
1026 1415 1164 1450 initium
1182 1415 1241 1450 ha-

580 1459 659 1497 bere
688 1474 756 1498 non
774 1463 893 1510 poss'et.
945 1463 1019 1498 Cic.
1039 1463 1146 1511 igitur
1162 1464 1242 1500 ado-

579 1509 703 1546 lescens
720 1521 839 1547 contra
863 1511 911 1547 L.
930 1511 1037 1559 Syllae
1063 1512 1242 1548 dominan-

579 1557 623 1593 tis
639 1571 720 1607 opes
746 1561 822 1596 Sex.
843 1560 1008 1596 Roscium
1035 1561 1242 1597 Amerinum

577 1606 742 1650 defendit,
769 1610 822 1645 lib.
841 1610 888 1645 11.
914 1609 951 1644 de
968 1609 1150 1656 Offic..cap.
1175 1621 1230 1655 ¹4-

628 1657 844 1693 Defenfionis
869 1659 982 1706 capita
999 1659 1064 1694 tria
1080 1659 1179 1694 sunt:
1209 1659 1241 1694 in

579 1706 692 1752 primo
709 1706 882 1755 parricidii
912 1707 1040 1743 crimen
1067 1707 1152 1743 falso
1178 1708 1242 1743 ob-

572 1753 704 1800 jectum
733 1754 833 1790 fuiss'e
863 1756 989 1792 Roscio
1006 1756 1125 1792 multis
1142 1768 1243 1803 argu-

580 1805 702 1839 mentis
734 1804 932 1840 convincit:
976 1805 1163 1840 secundum
1195 1805 1243 1841 est

578 1853 621 1887 de
654 1853 795 1889 audacia
836 1853 986 1888 duorum
1026 1853 1242 1896 Rosciorum,

578 1902 756 1949 Capitonis
773 1912 808 1938 et
836 1902 974 1949 Magni,
1002 1903 1035 1938 in
1059 1915 1148 1949 quos
1178 1903 1243 1938 cri-

579 1963 655 1985 men
674 1951 719 1986 ita
736 1950 881 1992 confert,
908 1961 946 1986 ut
963 1963 1021 1986 eos
1038 1952 1157 1987 multis
1176 1951 1241 1987 sus-

579 2000 774 2046 picionibus
792 2009 935 2046 arguat:
964 2000 1103 2035 tertium
1131 2001 1178 2036 est
1200 2001 1242 2036 de

578 2048 792 2096 Chrysogoni
825 2049 989 2095 potentia,
1015 2061 1121 2095 quam
1154 2049 1239 2084 invi-

575 2098 666 2133 diose
685 2099 873 2133 ini'cetatur.

627 2147 746 2182 Victor
765 2147 796 2181 in
815 2146 924 2188 causa,
940 2157 1062 2193 magna
1081 2146 1114 2180 in
1133 2146 1238 2180 admi-

579 2196 706 2230 ratione
746 2194 825 2235 fuit,
866 2206 904 2229 ut
938 2195 1144 2230 Plutarchus
1179 2197 1236 2230 ait.

575 2246 648 2292 lpse
677 2257 758 2280 vero
791 2247 824 2278 in
854 2244 968 2284 Bruto,
1000 2253 1067 2289 cap.
1099 2256 1156 2290 90.
1196 2245 1238 2278 sic

575 2295 712 2328 scribit:
743 2296 849 2340 ltaque
873 2296 980 2339 prima
1009 2294 1098 2335 causa
1112 2292 1237 2337 publica

571 2354 630 2388 pro
661 2345 725 2377 Sex.
760 2343 866 2388 Roscio
896 2342 980 2377 dina
1006 2350 1130 2375 tantum
1161 2354 1237 2376 com-

575 2394 774 2426 mrndan'onis
792 2393 915 2432 hahuit,
942 2398 977 2424 ut
996 2403 1053 2424 non
1079 2390 1143 2425 ulla
1160 2391 1237 2437 effa,

574 2455 638 2487 qut
656 2454 713 2476 non
736 2443 833 2484 nostro
851 2441 944 2487 dgna
959 2442 1134 2486 patrocinio
1151 2439 1234 2475 vidc-

571 2500 670 2525 ΙΥΙΙΙΓ.

898 247 962 287 Μ.
1022 250 1076 288 Τ.
1137 249 1667 290 CICERONIS

1350 345 1477 381 Roscio
1494 356 1615 382 contra
1627 345 1890 393 Chrysogonum
1908 347 1968 382 de—

1299 393 1406 436 fenso,
1444 395 1646 430 Ciceronem
1680 395 1834 430 Athenas
1865 395 1967 431 seces-

1301 443 1384 485 fisse,
1426 453 1530 490 atque
1564 443 1642 478 inde
1674 443 1751 490 post
1781 444 1968 479 triennium

1301 492 1451 526 Romam
1471 492 1649 533 revertisse,
1674 494 1708 526 in
1727 492 1851 531 Eusebii
1867 493 1967 527 chro-

1300 543 1365 574 nico
1383 539 1546 587 scriptum
1563 541 1621 575 est.
1673 540 1779 577 Unde
1796 541 1883 576 illud
1901 541 1968 575 Ca-

1301 588 1368 622 leni
1402 588 1496 634 apud
1538 589 1688 623 Dionem
1730 588 1784 623 lib.
1827 589 1967 625 XLVI.

1301 637 1446 671 manasse
1464 636 1612 678 videtur,
1623 640 1723 684 Καέπιρ
1734 640 1796 683 τρία
1813 643 1838 673 ἐν
1850 639 1967 674 ’Λθῖηακ

1300 684 1344 722 ἴῃ,
1362 688 1559 731 annuae:
1587 685 1717 732 quibus
1732 685 1847 721 verbis
1865 686 1966 733 figni-

1300 733 1393 775 ficat,
1412 733 1469 768 M.
1485 734 1647 769 Tullium
1664 734 1872 781 eloquentia:
1889 746 1967 782 gra·

1300 781 1346 816 tia
1364 783 1548 816 triennium
1566 782 1714 818 Athenis
1736 782 1865 818 vixiss‘e.
1917 783 1967 818 Et

1299 839 1389 865 certe
1419 830 1442 865 si
1472 830 1598 866 Roscio
1621 831 1758 866 defenso
1788 831 1898 866 statim
1930 831 1966 866 in

1298 879 1471 914 Graeciam
1515 879 1691 927 profeffihis
1731 879 1823 922 esset,
1865 880 1965 928 quod

1298 927 1506 963 Plutarchus
1525 939 1669 976 quoque
1685 928 1835 976 putavit,
1861 929 1963 964 trien·

1297 975 1394 1011 nium
1414 975 1460 1011 ibi
1478 976 1622 1011 vixisset.
1664 977 1744 1022 jam
1760 988 1855 1020 vero,
1881 989 1964 1012 cum

1296 1023 1390 1059 secus
1420 1024 1489 1072 ipse
1505 1027 1538 1059 in
1562 1026 1677 1067 Bruto,
1704 1034 1772 1071 cap.
1799 1037 1858 1072 9¹·
1884 1025 1964 1060 scri·

1299 1072 1369 1114 bat,
1412 1084 1474 1108 nos
1506 1073 1611 1108 etiam
1644 1072 1720 1108 haec
1748 1074 1966 1121 temporibus

1296 1120 1393 1156 aliter
1407 1121 1615 1157 dividemus.

1345 1169 1534 1216 Mitylenas
1552 1170 1618 1206 hoc
1647 1180 1802 1218 tempore
1827 1169 1861 1206 in
1881 1171 1966 1206 Asia

1294 1217 1690 1304 ῗέξηὲἕιῗῖἵῗιῗέἕῖἓιῖ
1718 1219 1965 1316 ὲῖἷέῗὲῗὲἐ·

1293 1315 1523 1364 Expugnavit
1539 1328 1594 1351 eas
1621 1317 1677 1352 M.
1696 1317 1898 1353 Thermus:
1927 1317 1963 1353 in

1292 1365 1657 1449 ssss'ssossxpssffe'ssssssiffi‘e
1672 1365 1962 1461 13022252‘2522?

1295 1472 1327 1497 2.
1355 1473 1482 1497 corona
1496 1462 1607 1498 civica
1622 1462 1770 1498 donatus
1785 1462 1844 1498 est.
1890 1465 1960 1500 At-

1293 1522 1363 1557 que
1380 1510 1426 1545 ita
1443 1510 1526 1546 urbs
1542 1520 1577 1546 et
1601 1520 1734 1553 natura,
1760 1521 1795 1546 et
1820 1511 1899 1554 fito,
1925 1522 1961 1548 et

1292 1558 1517 1607 descriptione
1544 1559 1786 1601 aedificiorum,
1817 1570 1852 1596 et
1878 1561 1960 1609 pul-

1292 1608 1497 1649 chritudine,
1521 1608 1554 1643 in
1572 1608 1692 1656 primis
1711 1609 1849 1652 nobilis,
1877 1609 1960 1645 belli

1293 1656 1367 1703 lege
1397 1667 1436 1691 ac
1463 1657 1619 1693 vhstoriae
1643 1656 1723 1705 jure
1747 1669 1831 1706 pop.
1850 1659 1958 1694 Rom.

1292 1703 1381 1740 fafta
1397 1705 1471 1747 est·‚
1497 1707 1562 1742 Cic.
1587 1718 1634 1742 or.
1666 1707 1710 1742 ll.
1741 1715 1850 1742 contra
1876 1706 1959 1742 Rul-

1292 1753 1368 1797 lum,
1393 1763 1463 1800 cap.
1487 1755 1542 1790 16.

1291 1945 1402 1984 Anno
1422 1943 1531 1985 Urbis
1550 1945 1645 1999 674.
1690 1945 1868 1986 Cicerom's
1890 1948 1954 1987 28.

1435 2015 1626 2054 Consules
1656 2014 1817 2055 fuerunt

1292 2075 1337 2114 P.
1362 2076 1607 2116 Stkwmus
1631 2077 1796 2116 Vnus
1820 2079 1956 2118 Ism-

1350 2149 1501 2183 Ricus‚
1541 2139 1620 2176 ΑΡ.
1653 2139 1897 2178 emunim

1505 2198 1741 2237 Putcuen.

1339 2295 1418 2330 Hos
1446 2295 1611 2330 Consules
1644 2295 1676 2330 in
1708 2297 1798 2332 hunc
1825 2309 1954 2333 annum

1290 2343 1384 2389 Sylla
1414 2354 1532 2379 contra
1562 2345 1775 2381 voluntatem
1816 2348 1953 2394 populi,

1289 2392 1349 2437 qui
1382 2393 1491 2440 ipsum
1529 2394 1676 2433 creabat,
1709 2395 1952 2430 renuntia-udos

1289 2443 1434 2483 curavit,
1461 2452 1494 2475 rt
1515 2442 1693 2476 [liciatum
1721 2444 1749 2478 sc
1767 2443 1950 2486 abdicavit,

1288 2493 1449 2536 Appianas
1466 2491 1520 2526 lib.
1541 2491 1565 2527 l.
1591 2492 1716 2536 Orqfius
1739 2492 1792 2527 lib.
1813 2492 1854 2527 V.
1881 2503 1951 2539 cap.
