2335 3009
553 231 627 272 168

549 331 614 367 erit
632 332 665 368 in
682 343 735 374 eo,
762 331 823 379 qui
842 329 1074 379 supplicabit,
1101 329 1125 365 fi
1152 340 1223 377 qua

859 229 1638 273 RHETORICORUM

1272 327 1338 363 bus
1366 327 1399 362 in
1430 338 1647 375 unoquoque
1673 337 1796 374 genere
1828 325 1939 361 causae

552 380 626 428 spes
643 381 718 423 erit,
735 381 809 415 usui
827 379 1000 420 futurum,
1017 379 1040 414 fi
1058 379 1126 413 fine
1143 378 1221 426 sup·
1265 375 1440 423 judicialis
1458 377 1508 410 uti
1532 375 1752 414 conveniret·‚
1777 373 1940 421 consequi

552 429 660 477 plicio
676 429 878 471 discesserit3
906 428 930 463 si
962 427 1029 481 ipse
1058 427 1114 462 ille
1140 427 1219 473 sup·
1268 425 1418 466 videtur,
1444 434 1485 459 ut
1499 424 1696 466 doceamus,
1707 423 1942 478 quemadmo-

552 480 645 526 plex,
673 476 879 520 mansuetus,
904 487 939 511 et
961 476 1160 517 mi1ericors,
1186 475 1221 509 in

552 527 777 575 potestatibus
807 525 1003 561 ostendetur
1035 524 1158 565 fuiffe;
1198 523 1222 558 si

552 588 604 619 ea,
631 588 712 623 quae
731 575 900 623 peccavit,
927 586 994 608 non
1011 574 1092 608 odio
1113 583 1223 619 neque

551 625 767 666 crudelitate,
790 623 844 659 sed
861 623 977 658 officio
993 631 1028 656 et
1044 622 1135 657 recto
1153 621 1223 655 stu-

554 675 626 717 dio,
666 682 862 709 commotus
894 671 1002 712 fecit·,
1043 671 1065 705 si
1096 670 1155 704 tali
1183 669 1225 703 de

552 722 654 758 causa
671 722 744 757 aliis
762 733 904 769 quoque
926 720 1084 766 ignotum
1102 718 1149 753 est
1164 735 1174 759 ·,
1203 717 1226 752 si

555 772 641 807 nihil
660 771 704 805 ab
720 783 761 805 eo
779 770 920 817 periculi
945 767 1043 802 nobis
1063 766 1224 801 futurum

554 820 742 861 videbitur,
774 819 798 853 si
829 829 909 852 eum
940 817 1076 851 miffurn
1106 814 1224 850 feceri-

556 881 656 909 mus,
676 869 698 903 si
718 868 813 903 nulla
830 877 888 901 aut
903 878 921 900 a
939 865 1058 900 nostris
1072 863 1224 906 civibus,

557 927 617 953 aut
635 918 678 952 ab
696 917 811 964 aliqua
827 915 893 950 alia
912 914 1062 956 civitate,
1087 913 1226 960 vitupe-

558 966 645 1003 ratio
673 978 716 1001 ex
743 977 783 1000 ea
817 977 850 999 re
877 962 1085 1010 suscipietur.
1136 961 1225 997 Loci

556 1027 772 1056 communes,
798 1013 841 1048 de
866 1011 1089 1052 humanitate,
1116 1009 1226 1045 fortu-

559 1076 614 1106 na,
641 1062 880 1103 misericordia,
906 1072 1018 1096 rerum
1036 1068 1229 1094 commuta-

557 1113 662 1148 tione.
715 1111 785 1146 His
802 1110 886 1146 locis
909 1109 1071 1144 omnibus
1088 1119 1130 1141 ex
1147 1119 1228 1142 con-

557 1161 662 1197 trario
680 1170 796 1194 utetur
825 1158 864 1200 is,
890 1157 951 1204 qui
982 1166 1101 1191 contra
1126 1155 1229 1197 dicet,

558 1221 640 1246 cum
659 1207 926 1256 amplificatione
944 1214 979 1240 et
1003 1203 1230 1239 enumeratio·

558 1271 602 1294 ne
641 1258 800 1293 omnium
843 1264 1074 1302 peccatorum.
1135 1252 1229 1287 Haec

559 1305 844 1353 causajudicialis
862 1304 932 1338 fieri
952 1315 1020 1337 non
1041 1301 1164 1350 potest,
1192 1311 1230 1336 ut

562 1357 596 1391 in
630 1356 743 1403 primo
777 1354 867 1389 libro
899 1351 1130 1387 ostendimus:
1177 1349 1231 1384 sed

561 1405 659 1453 quod
678 1403 785 1451 potest
803 1403 858 1436 vel
876 1401 918 1435 ad
936 1400 1086 1435 senatum
1106 1399 1157 1433 vel
1189 1399 1231 1433 ad

562 1453 742 1489 consilium
761 1451 887 1492 venire,
916 1461 982 1484 non
1008 1448 1078 1483 visa
1105 1447 1152 1482 est
1179 1447 1230 1481 su-

561 1501 776 1551 persedenda.
820 1500 914 1534 Cum
939 1509 957 1532 a
975 1497 1074 1532 nobis
1104 1496 1232 1530 crimen

564 1562 737 1587 removere
752 1548 922 1590 volemus,
949 1557 1009 1581 aut
1034 1547 1065 1581 in
1086 1557 1154 1580 rem
1174 1555 1232 1579 aut

562 1601 598 1636 in
619 1599 790 1635 hominem
819 1597 920 1632 nostri
949 1595 1079 1643 peccati
1099 1594 1233 1629 causam

562 1647 790 1686 conferemus.
838 1645 873 1680 Si
892 1645 989 1680 causa
1008 1644 1041 1678 in
1059 1643 1232 1678 hominem

563 1697 771 1739 conferetur,
809 1694 1037 1742 quaerendum
1066 1693 1130 1727 erit
1164 1691 1232 1738 pri-

563 1758 676 1788 mum,
715 1745 908 1792 potueritne
936 1752 1084 1783 tantum,
1124 1753 1233 1788 quan-

564 1807 641 1832 tum
661 1806 735 1829 reus
753 1789 1011 1833 demonstrabit,
1024 1792 1063 1830 is,
1078 1790 1112 1825 in
1129 1801 1234 1837 quem

566 1843 665 1881 causa
680 1840 886 1882 conferetur,
898 1850 932 1875 et
948 1851 1142 1887 ecquonam
1160 1850 1235 1873 mo-

565 1895 613 1930 do
643 1902 702 1928 aut
733 1890 868 1926 honeste
901 1899 960 1924 aut
986 1889 1053 1924 sine
1080 1887 1234 1935 periculo

567 1941 717 1990 potuerit
735 1939 848 1974 obsisti
866 1952 872 1973 :
902 1938 924 1973 si
956 1938 1104 1972 maxime
1122 1937 1167 1971 ita
1187 1936 1238 1977 sit,

569 2002 653 2027 niim
670 2001 708 2024 ea
728 2001 760 2023 re
784 1987 928 2022 concedi
959 1999 1014 2021 reo
1043 1985 1238 2026 conveniat,

567 2037 664 2087 quod
683 2037 792 2072 alieno
824 2035 966 2070 inductu
997 2033 1124 2069 fecerit.
1169 2034 1238 2068 De-

570 2089 648 2125 inde
667 2087 700 2122 in
714 2083 976 2132 conjec'tiiralem
991 2083 1142 2118 trahetur
1157 2094 1238 2116 con-

568 2135 780 2177 troversiam,
821 2143 855 2167 et
895 2132 1102 2174 edisseretur,
1157 2142 1240 2165 num

569 2186 727 2222 consulto
759 2182 889 2217 factum
920 2181 970 2216 sit.
1013 2180 1048 2215 Si
1079 2180 1176 2214 caiisa
1207 2180 1240 2214 in

571 2247 641 2271 rem
665 2232 839 2281 quandam
868 2228 1074 2270 conferetur,
1100 2239 1135 2263 et
1165 2229 1238 2263 haec

569 2284 687 2319 eadem
706 2282 787 2322 fere,
812 2289 847 2314 et
863 2279 991 2321 omnia,
1018 2289 1099 2325 quae
1117 2278 1160 2312 de
1184 2289 1239 2312 ne-

570 2331 768 2368 cessitudine
807 2327 1049 2376 praecepimus,
1090 2325 1240 2362 conside-

573 2381 677 2416 tanda
691 2387 806 2414 erunt.

622 2429 756 2464 xviii.
781 2425 961 2474 Qioniam
977 2424 1054 2460 satis
1070 2423 1244 2459 ostendere

573 2478 744 2521 videmur,
781 2475 913 2523 quibus
941 2472 1243 2523 argumentationi·

1269 474 1355 508 dum
1374 472 1460 520 ipsas
1488 483 1798 520 argumentationes
1823 480 1941 506 ornate

1272 532 1306 557 et
1323 522 1476 556 absolute
1493 522 1635 556 tractare
1652 522 1826 567 poffimus.
1846 521 1940 555 Nam

1273 569 1343 605 fere
1360 581 1428 604 non
1446 569 1587 604 difficile
1601 569 1649 604 est
1667 569 1830 611 invenire,
1855 568 1942 615 quid

1274 619 1314 653 sit
1357 617 1467 652 causae
1513 617 1741 665 adjument03
1779 616 1943 652 difficilli-

1275 679 1372 702 mum
1392 679 1472 701 vero
1494 666 1554 709 est,
1582 666 1761 702 inventum
1778 665 1943 713 expolire,

1274 725 1309 750 et
1350 715 1509 763 expedite
1559 714 1790 763 pronuntiare.
1851 713 1944 749 Haec

1273 764 1364 799 enim
1391 776 1441 799 res
1468 762 1564 805 facit,
1590 773 1630 798 ut
1661 774 1772 809 neque
1800 762 1945 805 diutius,

1275 825 1382 860 quam
1422 811 1499 847 satis
1536 812 1588 852 sit,
1615 811 1649 847 in
1690 811 1813 846 eisdem
1860 811 1945 846 locis

1275 873 1542 903 commoremur,
1571 872 1681 908 neque
1704 861 1824 895 eodem
1851 860 1945 895 iden·

1277 910 1382 945 tidem
1411 910 1643 951 revolvamur,
1670 921 1779 956 neque
1808 908 1945 944 inchoa-

1276 969 1346 994 tam
1395 959 1725 1005 argumentationem
1775 957 1945 1004 relinqua-

1277 1019 1368 1050 mus,
1395 1018 1506 1054 neque
1532 1006 1750 1041 incommode
1775 1006 1817 1040 ad
1844 1006 1945 1040 aliam

1277 1057 1437 1103 deinceps
1465 1055 1680 1090 transeamus.
1734 1054 1854 1101 Itaque
1883 1054 1945 1089 hac

1279 1105 1408 1139 ratione
1437 1113 1471 1138 et
1501 1103 1562 1151 ipsi
1598 1102 1783 1138 meminisse
1822 1102 1948 1150 poteri·

1279 1165 1370 1193 mus,
1413 1165 1445 1199 q=
1466 1151 1500 1187 id
1533 1163 1680 1199 quoquo
1713 1152 1791 1186 loco
1824 1151 1949 1186 dixeri-

1279 1214 1370 1244 mus,
1395 1212 1429 1236 et
1447 1201 1583 1236 auditor
1600 1212 1681 1235 cum
1701 1201 1807 1235 totius
1824 1200 1948 1242 causae,

1280 1260 1355 1285 tum
1387 1249 1653 1297 uniuscujusque
1685 1249 1950 1296 argumentatio-

1280 1299 1332 1334 nis
1349 1299 1624 1334 distributionem
1644 1300 1816 1346 percipere
1829 1309 1860 1333 et
1881 1310 1950 1332 me-

1282 1347 1411 1383 minisse
1440 1348 1576 1395 poterit.
1620 1347 1717 1394 Ergo
1751 1346 1950 1382 absoluiiffi-

1282 1409 1338 1431 ma
1366 1407 1400 1430 et
1429 1395 1667 1444 periit-&imma
1701 1396 1952 1442 argumentatio

1280 1446 1327 1480 est
1356 1456 1407 1485 ea.
1433 1457 1515 1492 quae
1543 1445 1576 1479 in
1602 1445 1758 1491 quinque
1776 1454 1886 1491 partes
1905 1443 1953 1479 est

1281 1493 1475 1536 distributa,
1524 1493 1806 1540 propositionem,
1850 1493 1950 1528 ratio-

1284 1555 1373 1584 nem,
1400 1553 1538 1577 rationis
1555 1542 1864 1583 confirmationem,
1894 1553 1952 1576 ex-

1283 1591 1509 1632 ornationem,
1535 1590 1821 1638 complexionem.
1870 1591 1954 1625 Pro-

1284 1641 1408 1689 positio
1437 1639 1495 1681 est,
1522 1652 1582 1687 per
1611 1651 1717 1686 quam
1744 1639 1954 1674 ostendimus

1284 1689 1492 1731 summatim,
1519 1689 1605 1736 quid
1623 1689 1675 1729 lit,
1693 1689 1789 1735 quod
1809 1689 1954 1735 probare

1284 1740 1459 1774 volumus.
1506 1737 1610 1773 Ratio
1641 1737 1689 1772 est
1722 1742 1832 1779 caula,
1871 1749 1954 1783 quae

1284 1787 1492 1822 demonstrat
1524 1798 1644 1822 verum
1673 1785 1738 1820 effe
1772 1786 1818 1825 id,
1857 1785 1956 1832 quod

1285 1836 1506 1878 intendimus,
1527 1835 1619 1870 brevi
1639 1834 1856 1882 subjectione.
1884 1835 1953 1868 Ra-

1284 1886 1385 1920 tionis
1404 1884 1620 1920 confirmatio
1635 1884 1683 1919 est
1699 1895 1750 1925 ea,
1776 1895 1857 1931 quse
1878 1884 1954 1930 plu-

1289 1935 1384 1969 ribus
1402 1935 1610 1981 argumentis
1627 1933 1826 1968 corroborat
1845 1931 1955 1967 brevi-

1289 1993 1338 2018 ter
1355 1983 1544 2030 expositam
1562 1982 1737 2017 rationem.
1766 1980 1958 2016 Exornatio

1287 2032 1347 2074 est,
1374 2043 1444 2079 qiia
1462 2031 1594 2066 utimur
1610 2031 1656 2066 rei
1686 2029 1902 2064 honestanda:
1924 2039 1959 2064 et

1289 2079 1599 2128 collocupletandae
1622 2079 1731 2119 causa,
1758 2079 1960 2113 confirmata

1291 2129 1594 2177 argumentatione.
1650 2127 1858 2174 complexio
1898 2126 1959 2168 est.

1291 2190 1373 2225 qua:
1403 2177 1581 2213 concludit
1609 2176 1766 2218 breviter,
1793 2175 1959 2224 colligens

1289 2237 1400 2275 partes
1419 2226 1722 2273 argumentationis

1339 2276 1429 2310 xix
1466 2275 1569 2310 Histe
1588 2275 1692 2321 igitur
1709 2273 1866 2321 quinque
1883 2284 1959 2321 par·

1291 2324 1398 2366 tibiis,
1441 2334 1480 2359 ut
1522 2323 1762 2359 :ibi‘oluiiffinie
1808 2332 1960 2364 utamur,

1293 2373 1357 2408 hoc
1376 2372 1480 2408 modo
1499 2372 1721 2408 tractabimus
1743 2380 1959 2418 argumenta-

1292 2422 1433 2457 tionem.
1452 2423 1597 2457 Causam
1613 2420 1829 2456 ostendemus
1848 2419 1958 2466 Uiym

1293 2470 1404 2515 fiiili'e,
1430 2482 1535 2519 quare
1563 2468 1767 2507 interfecerit
1791 2467 1958 2516 Ajacem:
