2241 2994
727 243 1000 284 fils-T

337 343 364 362 “
382 341 476 377 unde
492 339 588 377 corvi
607 350 690 375 cum
707 338 869 386 clangore
883 338 932 374 ad.
944 337 1007 374 Ci-

338 394 365 412 “
383 390 514 426 ceronis
549 400 684 431 navem,
721 399 804 441 quae
833 387 876 422 ad
910 387 1008 422 littus

339 442 366 460 “
383 438 633 487 appellebatur,
659 435 843 471 confertim
869 435 1009 470 advola-

339 491 367 508 “
385 497 477 528 runt,
516 496 620 533 atque
653 497 696 520 ex
733 494 882 532 utraque
914 493 1012 531 parte

338 539 365 556 “
380 545 537 570 antennae
554 534 734 569 infidentes
751 533 877 581 partim
901 532 1010 568 croci-

340 587 366 604 “
384 581 512 626 tarum,
539 584 665 631 partim
694 582 881 617 rudentum
896 581 1011 628 capita

340 635 363 652 ‘⁴
383 632 496 668 rostris
534 632 764 667 tutuderunt:
806 631 912 678 idque
944 630 1009 676 fig-

339 685 365 702 “
383 693 468 716 num
498 680 662 717 omnibus
687 678 874 715 infaustum
892 679 938 714 est
956 679 1008 713 vi-

338 733 364 750 “
382 730 468 765 sum.
519 729 642 765 Cicero
669 738 782 763 tamen
807 727 981 775 egreffus
974 739 1009 762 1n

338 781 366 800 “
382 778 503 813 villam
521 778 552 813 se
581 777 708 825 recepit
725 787 759 812 et
775 777 884 824 quieti
903 775 1009 811 dedit.

338 829 364 848 “
383 827 437 862 Ibi
465 838 651 862 corvorum
680 838 804 873 magna
829 837 907 873 pars
926 824 1011 860 tristi

338 877 365 896 “
382 887 470 911 voce
486 875 528 910 ad
547 873 726 910 fenestram
751 875 890 910 assedit:
920 885 1010 909 unus

339 924 418 959 “in
449 924 578 959 lectum
607 924 794 967 devolavit,
833 932 867 958 et
904 922 1010 958 rostro

338 975 365 993 “
384 972 522 1015 vestem,
548 984 619 1020 qua
642 972 765 1008 Cicero
791 972 901 1008 tectus
924 980 1008 1013 erat,

338 1025 364 1042 “
380 1022 549 1070 paulatim
567 1023 611 1057 ab
628 1033 687 1056 ore
705 1022 809 1069 ipsius
828 1020 1010 1056 removit.'’

388 1072 444 1107 De
477 1071 595 1106 eadem
633 1082 668 1105 re
696 1070 857 1105 Valerius
891 1069 952 1105 lib.
980 1069 1008 1104 Ι.

337 1131 403 1167 cap
406 1133 466 1164 4.
513 1122 566 1155 M.
586 1120 729 1155 Ciceroni
751 1131 833 1155 mors
850 1121 1011 1154 imminens

337 1168 471 1215 auspicio
493 1168 650 1215 praeditta
677 1169 741 1214 est.-
779 1180 847 1204 cum
874 1170 953 1203 enim
977 1169 1010 1202 in

338 1218 422 1252 villa
446 1218 601 1253 Caietana
627 1217 705 1265 effit,
739 1229 852 1253 corvus
878 1218 912 1251 in
938 1227 1009 1251 con-

330 1268 438 1314 spectu
455 1268 519 1312 ejus
547 1267 697 1313 horologii
715 1266 845 1312 ferrum
867 1265 929 1301 loco
946 1277 1010 1300 mo-

339 1324 407 1351 tum
425 1316 557 1361 excuffit,
583 1323 612 1350 et
625 1318 772 1361 protinus
788 1314 833 1349 ad
854 1315 950 1361 ipsum
965 1321 1012 1349 te-

339 1364 452 1408 tendit,
493 1377 533 1399 ac
564 1365 709 1399 laciniam
741 1372 822 1410 togae
852 1375 884 1398 eo
921 1363 1013 1410 usque

339 1417 438 1460 morsu
459 1415 573 1456 tenuit,
598 1413 689 1447 donec
703 1413 834 1457 servus,
861 1411 907 1446 ad
933 1413 1011 1446 occi-

338 1461 468 1497 dendum
485 1475 551 1497 eum
567 1462 678 1497 milites
696 1461 819 1508 veniffi,
837 1462 1009 1496 nuntiaret.

340 1511 524 1547 Hactenus
549 1511 730 1546 Valerius:
758 1523 801 1546 ex
831 1522 905 1558 quo
934 1521 1011 1556 per-

340 1560 458 1607 spicue
490 1559 710 1607 cognoscitur
739 1560 834 1607 apud
871 1559 1010 1594 Plutar-

341 1609 447 1644 chum
464 1615 491 1648 ἐς
521 1613 645 1648 itm-lm
664 1608 833 1651 mendose,
860 1620 928 1643 non
947 1619 1011 1655 pro

342 1658 477 1705 Capua,
504 1657 557 1693 sed
576 1658 694 1693 Caieta
712 1658 790 1705 legi.
835 1656 1010 1705 Qamvis

342 1706 530 1753 Appianus
563 1708 721 1754 Capuam
759 1706 925 1749 nominet,
969 1705 1011 1740 ad

342 1767 448 1802 quarn
474 1755 579 1791 fuerit
608 1755 682 1790 haec
710 1755 887 1791 Ciceronis
917 1755 1012 1798 villa,

343 1803 378 1839 in
411 1816 484 1852 qua
510 1804 777 1839 adventantibus
806 1803 1013 1851 inquisitori-

342 1853 409 1888 bus
427 1865 446 1888 a
463 1853 576 1888 corvis
593 1867 612 1887 e
629 1853 748 1888 somno
771 1853 940 1888 excitatus
959 1852 1009 1886 s1t.

392 1902 557 1950 Sequitur
575 1903 608 1936 in
632 1902 843 1937 Plutarcho:
873 1905 898 1921 ‘⁶
916 1900 1010 1935 Servi

343 1954 368 1970 “
387 1951 462 1986 haec
494 1952 689 1999 aspicientes
721 1950 814 1986 suam
838 1950 898 1997 ipsi
920 1950 1013 1996 igna-

342 2003 369 2021 “
388 1999 480 2035 viam
499 2001 718 2041 damnarunt,
735 2001 759 2035 fi
778 2000 890 2034 herilis
908 1999 1014 2034 caedis

342 2052 366 2068 ‘⁸
384 2048 586 2097 spectatores
597 2050 661 2084 effe
679 2048 896 2090 sustinerent·‚
915 2060 1012 2082 cum-

346 2101 371 2117 “
389 2110 458 2145 que
485 2098 606 2133 bestias
631 2098 774 2133 domino
798 2109 901 2151 opem
927 2096 1014 2131 ferre

345 2149 370 2165 “
391 2158 430 2180 ac
448 2159 512 2194 pro
537 2147 680 2194 indigno
704 2145 776 2194 ejus
795 2152 870 2181 calu
892 2145 1013 2180 sollici-

347 2198 370 2214 “
389 2205 439 2229 tas
464 2196 528 2230 effe
551 2196 719 2238 viderent,
748 2196 809 2243 ipfi
835 2207 915 2230 eum
946 2207 1013 2230 non

349 2247 372 2263 ‘⁴
390 2242 633 2286 defenderent,
671 2245 796 2291 partim
840 2244 1014 2292 precibus,

348 2292 514 2339 “partim
533 2293 567 2326 vi
587 2293 783 2340 impolitum
814 2293 943 2328 lefticae
972 2293 1014 2327 ad

348 2345 373 2360 “
391 2352 483 2375 mare
509 2341 716 2376 detulerunt.
769 2343 907 2377 Interim
939 2354 1014 2389 per-

348 2393 372 2409 “
391 2390 537 2424 cussores
567 2402 648 2424 curn
669 2391 828 2426 ministris
859 2391 1015 2437 superve-

348 2442 373 2459 “
391 2439 503 2480 niunt,
547 2438 744 2474 Herennius
785 2439 940 2474 centurio
983 2448 1017 2473 et

343 2490 372 2527 ,“
388 2487 549 2536 Popilius
562 2488 722 2524 tribunus
737 2488 901 2530 militum,
911 2499 1016 2535 quem

1048 242 1345 286 ORIA.
1652 260 1730 304 343

1058 342 1084 359 “
1102 337 1276 386 parricidii
1298 350 1395 375 reurn
1419 337 1543 377 Cicero
1568 340 1654 377 olim
1671 342 1730 378 de-

1059 391 1084 408 “
1101 386 1292 422 fenderat.'’

1109 435 1166 470 De
1183 435 1322 482 Popilio
1339 436 1404 472 hoc
1424 437 1535 472 multa
1554 438 1681 474 Seneca
1694 438 1731 475 in

1058 483 1348 519 Declamationibus
1383 495 1418 520 et
1459 487 1623 530 Suasoriis.
1674 488 1731 523 De

1058 532 1180 567 eodem
1209 532 1368 568 Valerius
1403 533 1464 569 lib.
1496 535 1539 570 V.
1580 547 1658 583 cap.
1697 548 1729 582 3.

1058 583 1116 616 M.
1158 582 1266 616 Cicero
1305 581 1342 616 C.
1378 582 1534 628 Popilium
1567 584 1733 618 Laenatem

1060 629 1185 665 Picenae
1217 631 1364 676 regionis,
1392 639 1508 678 rogatu
1538 633 1595 666 M.
1629 632 1732 675 Caelii‚

1058 689 1118 713 non
1135 680 1252 713 minore
1267 690 1345 713 cura
1370 690 1464 726 quam
1491 679 1661 726 eloquentia
1678 680 1732 716 de—

1049 726 1158 773 fendit
1171 740 1182 762 .·
1208 739 1332 776 eumque
1348 728 1438 774 causa
1455 727 1618 763 admodum
1636 728 1733 765 dubia

1050 776 1257 822 fluciuantem
1277 777 1408 823 salvum
1441 777 1486 812 ad
1505 785 1635 823 penates
1659 778 1733 823 ficos

1060 826 1181 870 remifit.
1234 826 1299 861 Hic
1315 825 1460 872 Popilius
1481 826 1596 872 postea,
1622 838 1676 861 nec
1699 838 1734 861 re

1061 885 1114 908 nec
1131 874 1230 908 verbo
1246 885 1267 908 a
1284 875 1428 910 Cicerone
1448 874 1546 921 laesus,
1572 874 1656 910 ultro
1673 877 1731 911 M.

1060 924 1233 958 Antonium
1249 925 1392 969 rogavit,
1419 931 1455 959 ut
1482 922 1527 957 ad
1545 923 1634 958 illum
1657 933 1733 970 pro-

1051 973 1205 1018 scriptum
1224 971 1460 1020 petfiquendum
1487 979 1519 1007 et
1524 972 1735 1018 jugulandum

1059 1022 1264 1056 mitteretur:
1294 1021 1524 1069 impetratisque
1551 1021 1735 1067 detestabilis

1060 1070 1224 1114 ministerii
1252 1070 1411 1116 partibus,
1441 1069 1560 1116 gaudio
1589 1070 1735 1106 exultans

1061 1119 1205 1153 Caietam
1235 1120 1387 1161 cucurrit,
1421 1127 1450 1154 et
1479 1121 1600 1162 virum,
1626 1122 1734 1155 omitto

1058 1166 1140 1214 quod
1165 1167 1352 1214 ampliffimae
1378 1167 1557 1214 dignitatis,
1583 1175 1667 1203 certe
1674 1168 1734 1215 sa-

1060 1216 1143 1251 lubri
1156 1216 1263 1260 studio
1291 1216 1355 1262 (ita
1381 1217 1455 1263 lege
1487 1229 1507 1251 e
1532 1216 1623 1259 mss‘.)
1645 1226 1732 1263 prae-

1049 1265 1170 1310 stantis
1197 1265 1287 1311 officii
1309 1267 1468 1312 privatim
1481 1265 1547 1308 fibi
1574 1277 1733 1301 veneran-

1060 1313 1145 1356 dum,
1159 1314 1312 1361 jugulum
1324 1312 1560 1360 praeberejuffit
1574 1327 1585 1349 :
1604 1325 1643 1349 ac
1654 1324 1734 1361 pro-

1061 1365 1148 1397 tinus
1181 1371 1275 1409 caput
1304 1365 1457 1398 Romanae
1481 1364 1668 1409 eloquentiae,
1703 1370 1735 1398 et

1055 1413 1148 1457 pacis
1165 1411 1358 1455 clariffimam
1385 1411 1547 1446 dexteram
1566 1421 1628 1458 per
1651 1413 1740 1455 fiam--

1060 1472 1143 1495 mum
1176 1467 1206 1496 et
1224 1461 1367 1506 securum
1397 1462 1492 1495 otium
1521 1462 1707 1507 amputavit
1720 1474 1732 1495 .-

1061 1520 1153 1557 eaque
1161 1510 1305 1556 sarcina,
1331 1518 1480 1556 tanquam
1497 1511 1606 1555 opimis
1612 1509 1735 1556 spoliis,

1061 1559 1166 1593 alacer
1181 1561 1216 1593 in
1233 1558 1339 1593 urbem
1357 1558 1497 1604 reversus
1521 1559 1573 1601 est.
1624 1558 1736 1606 Neque

1060 1609 1088 1642 ei
1108 1608 1262 1651 scelestum
1289 1609 1435 1653 portanti
1465 1619 1540 1642 onus
1562 1607 1734 1653 succurrit,

1061 1656 1140 1691 illud
1158 1657 1194 1702 se
1220 1664 1316 1702 caput
1336 1656 1441 1702 ferre,
1468 1655 1547 1703 quod
1555 1665 1616 1702 pro
1633 1658 1736 1702 capite

1062 1707 1129 1752 ej'us
1146 1705 1264 1752 quand
1259 1717 1298 1739 m
1313 1712 1535 1750 peroraverat.

1122 1756 1288 1801 Sequitur
1333 1755 1427 1801 apud
1479 1753 1732 1789 Plutarchum:

1064 1803 1322 1838 “Percuffores
1355 1814 1438 1837 cum
1478 1800 1569 1836 fores
1606 1802 1735 1838 clausas

1063 1857 1095 1872 “
1107 1851 1326 1892 invenissent,
1384 1863 1440 1886 eas
1495 1851 1732 1897 effregerunt:

1063 1905 1257 1947 “cumque
1290 1900 1414 1935 Cicero
1444 1912 1513 1937 non
1543 1909 1734 1947 appareret,

1065 1954 1089 1969 “
1107 1959 1141 1984 et
1172 1950 1206 1991 ii,
1233 1949 1294 1996 qui
1328 1949 1419 1984 intus
1445 1958 1554 1991 erant,
1580 1949 1662 1983 scire
1691 1947 1734 1991 se,

1065 2002 1089 2018 “
1108 1999 1170 2033 ubi
1199 1999 1290 2040 esset,
1317 1999 1501 2044 negassent,
1527 1997 1624 2031 aiunt
1653 1997 1733 2032 ado-

1065 2051 1090 2068 “
1107 2047 1286 2082 lescentem
1303 2047 1504 2094 quemdam,
1531 2058 1550 2080 a
1569 2046 1737 2081 Cicerone

1065 2101 1089 2117 “
1109 2096 1142 2131 in
1162 2097 1260 2131 bonis
1279 2095 1384 2130 literis
1399 2105 1433 2130 et
1448 2094 1635 2142 disciplinis
1650 2095 1735 2129 edu-

1065 2150 1089 2166 “
1110 2156 1240 2187 catum,
1267 2145 1395 2193 Qinti
1412 2143 1525 2178 fratris
1558 2143 1734 2185 libertum,

1064 2198 1089 2215 ‘⁶
1108 2194 1333 2241 philologum
1386 2193 1541 2234 nomine,
1593 2191 1736 2227 tribuno

1066 2247 1090 2264 “
1109 2242 1440 2285 d1x1ffe‚le6ricam
1471 2252 1533 2287 per
1570 2239 1734 2274 silvestres

1065 2297 1088 2312 “
1108 2302 1142 2326 et
1171 2303 1296 2339 opacas
1314 2289 1564 2325 ambulationes
1582 2288 1624 2322 ad
1643 2299 1736 2323 mare

1065 2345 1089 2362 “
1108 2339 1243 2376 deferr1.
1289 2339 1472 2374 Tribunus
1507 2337 1613 2384 igitur
1652 2348 1734 2372 curn

1066 2394 1090 2409 “
1109 2389 1230 2437 paucis
1258 2388 1446 2423 comitibu5
1462 2385 1593 2420 circum
1612 2386 1734 2420 ambu-

1068 2442 1092 2458 “
1110 2438 1252 2472 lationes
1296 2437 1338 2471 ad
1381 2436 1513 2470 exitum
1555 2434 1732 2471 cucurrit:

1067 2490 1091 2508 “
1111 2486 1308 2522 Herennius
1337 2485 1427 2521 resta
1455 2495 1516 2532 per
1531 2483 1662 2519 easdem
1679 2494 1744 2518 ac·-
