2335 3009
477 175 553 216 150
782 163 1566 205 RHETossicORUM

471 259 677 296 defensione.
718 259 840 303 Nunc,
857 273 944 309 quas
963 273 1013 296 res
1031 270 1143 296 orato-

473 320 544 343 rem
572 309 694 344 habere
718 319 887 356 oporteat,
914 309 1140 345 docebimus:

470 357 594 392 deinde
611 370 684 405 quo
702 358 808 393 niodo
833 357 893 393 has
915 357 1030 393 causas
1053 368 1141 393 trac-

469 405 533 440 tari
551 406 744 448 conveniat,
762 406 990 442 ostendemus.
1025 408 1140 461 Opor-

469 462 518 489 tet
537 453 642 501 igitur
665 454 763 489 esse'
754 467 789 490 in
814 464 947 490 oratore
971 455 1141 491 inventio-

467 514 560 545 nem,
593 502 860 557 dispositionem,
895 503 1140 545 elocutionem,

469 550 693 594 memoriam,
735 561 771 587 et
811 551 1139 606 pronuntiationem.

469 599 628 635 Inventio
645 600 692 635 est
717 600 926 647 excogitatio
947 611 1061 635 rerum
1082 611 1140 635 v-e

469 659 584 683 rarum
603 658 662 683 aut
680 649 928 691 verisimilium,
958 660 1040 696 quae
1059 660 1140 683 cau-

467 696 537 732 sam
556 697 771 745 probabilem
795 697 948 732 reddant.
986 697 1140 744 Disposi-

469 745 520 780 tio
546 745 594 781 est
619 746 706 781 ordo
731 756 765 781 et
790 745 987 780 distributio
1013 757 1139 789 rerum,

467 805 551 841 quae
581 794 801 836 demonstrat,
831 794 918 841 quid
947 793 1077 840 quibus
1105 794 1140 829 in

467 842 554 878 locis
572 843 612 878 lit
628 843 884 878 collocandum.
910 842 1076 878 Elocutio
1092 843 1140 878 est

468 890 672 927 idoneorum
698 892 885 928 verborum
905 901 939 926 et
963 891 1140 926 sententia-

467 951 546 974 rum
572 941 616 974 ad
640 940 873 976 inventionem
899 941 1139 975 accommoda-

466 988 528 1023 tio.
572 989 747 1024 Memoria
769 989 817 1025 est
843 990 942 1025 firma
967 988 1071 1023 animi
1089 1000 1138 1023 re·

465 1047 558 1078 rum,
585 1047 620 1073 et
635 1037 835 1080 verborum,
848 1048 882 1073 et
898 1037 1140 1084 dispositionis,

465 1085 654 1133 perceptio.
706 1086 948 1121 Pronuntiatio
964 1084 1012 1119 est
1031 1084 1139 1127 vocis,

466 1133 600 1176 vultus,
627 1133 754 1180 gestus,
773 1134 964 1169 moderatio
980 1144 1062 1168 cum
1079 1144 1137 1167 ve-

464 1181 610 1217 nustate.
651 1182 745 1217 Haec
766 1182 882 1218 omnia
906 1181 1018 1217 tribus
1036 1181 1138 1217 rebus

464 1230 591 1285 assequi
610 1230 814 1278 poterimus,
835 1240 917 1274 arte,
936 1229 1137 1285 imitatione,

463 1279 715 1314 exercitatione.
759 1281 830 1315 Ars
858 1280 907 1315 est
933 1279 1136 1334 praeceptio,

464 1339 549 1374 quae
565 1328 626 1362 dat
641 1336 768 1363 certam
783 1328 876 1363 viam
901 1328 1138 1382 rationemque

463 1376 612 1412 dicendi.
648 1376 800 1412 Imitatio
815 1377 874 1419 est,
901 1388 973 1424 qua
989 1375 1138 1424 impelli-

464 1436 545 1460 mur
561 1437 643 1460 cum
663 1425 821 1473 diligenti
847 1425 988 1467 ratione,
1014 1434 1055 1460 ut
1076 1424 1136 1460 ali-

463 1485 617 1520 quorum
637 1473 760 1509 similes
776 1474 809 1509 in
827 1474 974 1509 dicendo
988 1473 1137 1508 velimus

463 1522 538 1557 esse.
583 1522 796 1558 Exercitatio
812 1523 860 1558 est
891 1523 1040 1558 assiduus
1058 1522 1136 1557 usus

463 1570 746 1625 consuetudoque
765 1571 913 1607 dicendi.
957 1571 1138 1616 Quoniam

463 1618 571 1666 igitur
587 1619 857 1655 demonstratum
873 1619 934 1663 est,
952 1631 1038 1667 quas
1057 1631 1136 1654 cau-

462 1668 512 1703 sas
530 1677 698 1704 oratorem
717 1669 877 1716 recipere,
903 1668 1057 1716 quasque
1087 1680 1137 1704 res

461 1715 599 1759 habere,
633 1717 846 1759 conveniret,
882 1728 987 1759 nunc,
1013 1729 1135 1765 queni-

461 1765 654 1801 admodum
697 1766 740 1801 ad
780 1765 971 1801 orationem
1012 1767 1137 1813 possint

460 1814 606 1849 oratoris
636 1814 751 1850 officia
779 1815 1045 1858 accommodari,
1083 1814 1136 1849 di·

461 1862 612 1898 cendum
629 1863 778 1900 videtur.

511 1911 574 1946 Ill.
601 1912 787 1947 Iuventio
779 1925 813 1947 in
838 1911 893 1948 sex
920 1922 1033 1967 partes
1059 1923 1134 1947 ora-

460 1958 565 1995 tionis
575 1960 816 2004 consumitur,
809 1973 842 1996 in
853 1960 1047 2003 exordium,
1061 1973 1135 1996 nar-

462 2008 640 2052 rationem,
667 2009 882 2052 divisionem,
900 2009 1134 2045 confirmatio-

461 2067 553 2099 nem,
571 2056 857 2114 confutationem,
870 2058 1135 2094 conclusionem.

460 2105 658 2141 Exordium
670 2106 717 2142 est
731 2107 828 2154 princ
871 2107 942 2142 ium
959 2106 1135 2149 orationis,

461 2165 523 2202 per
535 2155 630 2203 quod
645 2155 779 2191 animus
790 2119 954 2191 auditoris
971 2165 1031 2190 aut
1038 2154 1133 2202 judi-

461 2203 510 2237 cis
527 2203 759 2246 constituitur,
788 2204 844 2240 vel
871 2213 1068 2252 apparatur,
1091 2204 1133 2239 ad

461 2252 684 2289 audiendum.
705 2253 866 2289 Narratio
875 2254 922 2288 est
937 2264 1049 2288 rerum
1063 2252 1134 2300 ges-

461 2310 587 2342 tarum,
616 2311 674 2337 aut
702 2302 841 2350 perinde
875 2311 915 2338 ut
948 2302 1131 2350 gestarum,

461 2350 637 2397 expositio.
677 2351 812 2386 Divisio
840 2350 900 2394 est,
937 2363 998 2399 per
1025 2363 1132 2398 quam

460 2399 646 2451 aperimus,
664 2400 751 2449 quid
771 2400 965 2445 conveniat,
992 2399 1104 2449 quid
1098 2412 1132 2436 in

1194 262 1424 297 controversia
1452 262 1516 303 fit;
1543 270 1578 297 et
1594 272 1656 310 per
1676 273 1782 310 quani
1804 275 1864 299 ex-

1193 309 1369 364 ponimus,
1401 311 1534 358 quibus
1564 311 1607 346 de
1625 310 1726 346 rebus
1760 311 1864 347 simus

1191 358 1328 393 diciuri
1360 359 1589 395 Confirmatio
1606 359 1653 394 est
1670 359 1864 395 nostrorum

1191 417 1474 453 argumentorum
1498 408 1666 455 expositio
1684 420 1764 443 curn
1783 409 1862 443 affe-

1191 455 1375 490 veratione.
1418 455 1624 491 Confutatio
1648 456 1696 491 est
1727 467 1863 492 contra·

1190 503 1321 539 riorum
1351 504 1508 539 locorum
1537 504 1724 540 dissolutio.
1767 505 1863 540 Con-

1191 552 1297 587 clusio
1322 552 1370 586 est
1388 552 1588 587 artificiosus
1605 553 1771 588 terminus
1788 564 1863 588 ora-

1190 600 1304 636 tionis.
1348 601 1470 642 Nunc,
1496 600 1661 648 quoniam
1690 613 1760 636 una
1780 611 1863 636 cum

1189 648 1333 683 oratoris
1361 649 1497 692 officiis,
1533 661 1608 696 quo
1639 661 1689 684 res
1719 649 1863 697 cognitu

1188 695 1324 732 facilior
1350 697 1442 739 esset,
1476 697 1637 745 produffl
1666 697 1797 741 sumus,
1825 707 1865 734 ut

1189 745 1233 781 de
1255 745 1418 782 orationis
1442 746 1602 794 partibus
1629 747 1863 801 loqueremur,

1188 804 1224 830 et
1244 806 1300 829 eas
1317 794 1360 830 ad
1386 794 1593 830 inventionis
1615 795 1782 831 rationem
1807 807 1863 831 ac-

1190 843 1514 886 commodaremus,
1552 844 1596 879 de
1623 845 1765 880 exordio
1793 844 1865 892 pri—

1191 903 1289 927 mum
1331 892 1518 927 dicendum
1554 892 1703 928 videtur.
1752 893 1864 928 Causa

1189 940 1310 987 posita,
1352 952 1426 988 quo
1462 941 1681 976 commodius
1713 941 1862 976 exordiri

1190 990 1368 1036 possimus,
1393 1000 1502 1036 genus
1520 989 1630 1024 causae
1649 989 1862 1024 consideran-

1190 1037 1276 1071 dum
1309 1036 1367 1071 est.
1411 1037 1546 1072 Genera
1579 1037 1755 1072 causarum
1787 1037 1864 1074 sunt

1191 1094 1353 1132 quatuor,
1385 1084 1578 1128 honesturn,
1614 1095 1727 1133 turpe,
1759 1086 1862 1123 dubi-

1188 1145 1263 1176 um,
1280 1133 1423 1170 humile.
1458 1133 1656 1169 Honestum
1674 1134 1784 1170 causae
1801 1147 1862 1183 ge-

1188 1193 1254 1217 nus
1272 1191 1429 1230 putatur,
1454 1193 1536 1218 curn
1555 1192 1615 1218 aut
1644 1183 1678 1218 id
1704 1183 1860 1219 defendi-

1187 1242 1279 1274 mus,
1305 1231 1402 1278 quod
1421 1231 1464 1266 ab
1485 1232 1649 1267 omnibus
1675 1231 1860 1268 defenden-

1188 1279 1274 1314 dum
1291 1279 1452 1321 videtur;
1471 1290 1532 1315 aut
1548 1279 1583 1315 id
1600 1292 1860 1329 oppugnamus,

1187 1328 1285 1383 quod
1313 1328 1357 1363 ab
1379 1306 1544 1364 omiiibus
1563 1328 1699 1365 videtur
1720 1341 1860 1378 oppug-

1188 1377 1260 1412 nari
1277 1377 1418 1412 debere:
1446 1386 1487 1412 ut
1502 1389 1568 1425 pro
1583 1377 1660 1413 viro
1676 1377 1759 1414 forti
1777 1390 1860 1414 con-

1187 1434 1239 1460 tra
1265 1425 1481 1473 parricidam.
1521 1427 1646 1474 Tui-pe
1671 1439 1779 1474 genus
1808 1427 1860 1462 in·

1187 1473 1366 1521 telligitur,
1406 1485 1487 1509 cum
1528 1484 1588 1509 aut
1630 1475 1768 1510 honesta
1808 1487 1859 1512 res

1185 1532 1423 1570 oppugnatur,
1446 1533 1506 1558 aut
1523 1521 1719 1559 defenditur
1736 1525 1858 1572 turpis.

1186 1571 1348 1606 Dubium
1374 1583 1482 1619 genus
1506 1571 1566 1613 est,
1594 1584 1675 1607 cum
1698 1573 1832 1608 habet'
1824 1586 1858 1609 in

1186 1620 1217 1655 se
1234 1620 1332 1655 causa
1349 1630 1382 1655 et
1413 1620 1594 1656 honestatis
1619 1631 1653 1656 et
1670 1622 1859 1669 turpitudi-

1187 1668 1239 1704 nis
1271 1678 1415 1717 partem.
1475 1669 1625 1704 Humile
1656 1681 1765 1716 genus
1796 1671 1858 1714 est,

1184 1729 1266 1752 curn
1285 1726 1484 1765 contempta
1502 1729 1552 1752 res
1569 1718 1720 1754 affertur.

1237 1767 1298 1801 IV.
1339 1767 1431 1801 Cum
1466 1766 1544 1802 haec
1580 1766 1626 1801 ita
1659 1768 1736 1809 sint,
1775 1779 1855 1803 con-

1184 1814 1298 1850 veniet
1314 1815 1536 1850 exordiorum
1554 1815 1718 1851 rationem
1735 1816 1777 1851 ad
1799 1829 1857 1864 ge·

1187 1876 1251 1899 nus
1286 1863 1397 1899 causae
1429 1865 1694 1900 accommodari.
1741 1865 1856 1900 Exor-

1185 1913 1324 1948 diorum
1353 1914 1426 1949 duo
1453 1912 1530 1948 sunt
1558 1924 1693 1961 genera,
1729 1914 1856 1961 princi-

1213 1961 1297 2004 ium,
1323 1961 1420 2009 quod
1438 1962 1564 1997 Graece
1580 1966 1710 2009 ηοοίμιοι
1735 1963 1854 2010 appel-

1185 1974 1299 2053 ijatur3
1337 2021 1372 2046 et
1407 2009 1600 2051 insinuatio.
1637 2022 1720 2059 quae
1754 2014 1859 2052 'msa‘

1187 2060 1395 2095 nominatur.
1444 2058 1661 2107 Principium
1690 2059 1749 2102 est,
1774 2071 1856 2095 curn

1186 2107 1299 2143 statim
1345 2107 1510 2143 auditoris
1557 2109 1710 2143 animum
1756 2109 1856 2145 nobis

1185 2155 1346 2192 idoneum
1366 2156 1539 2192 reddimus
1562 2158 1603 2191 ad
1632 2157 1854 2193 audiendum.

1185 2205 1224 2240 ld
1244 2205 1290 2240 ita
1307 2205 1463 2248 sumitur,
1491 2215 1530 2240 ut
1548 2216 1706 2248 attentos,
1735 2216 1774 2241 ut
1792 2207 1854 2242 do-

1184 2253 1278 2297 ciles,
1289 2264 1328 2290 ut
1347 2254 1544 2296 benevolos.
1563 2255 1733 2290 auditores
1753 2255 1855 2291 liabe-

1185 2314 1218 2337 re
1244 2305 1418 2351 possimus.
1463 2303 1498 2337 Si
1526 2315 1634 2351 genus
1661 2303 1771 2339 causae
1786 2305 1854 2339 du·

1183 2351 1279 2387 bium
1312 2351 1527 2393 habebimus,
1565 2365 1583 2386 a
1618 2353 1855 2388 benevolentia

1182 2400 1394 2451 principium
1414 2401 1674 2445 constituemus,
1700 2413 1740 2438 ne
1767 2402 1854 2452 quid

2325 1201 2335 1438 ssAs—A*
