2241 2994
514 221 591 276 306

512 320 640 356 domus
658 319 772 368 primo
795 319 902 355 fraEta
920 319 1077 367 conjectu
1096 319 1181 367 lapi-

513 370 600 403 dum
630 381 673 404 ex
706 380 781 404 area
817 369 944 411 Marci,
962 369 1104 412 ,deinde
1132 369 1181 403 in-

514 414 793 463 flammatajuffu
813 417 944 461 Clodii,
969 417 1053 464 epist.
1075 429 1107 463 3.
1125 417 1180 452 lib.

513 466 576 501 lv.
608 465 653 500 ad
669 468 742 501 Aet.
771 466 846 501 haec
868 465 916 501 est
933 466 986 501 vis
1015 466 1073 500 illa
1091 464 1183 500 nefa-

514 515 575 551 ria.
602 526 673 561 qua
700 514 730 549 se
760 526 840 549 cum
870 513 974 550 fratre
1001 515 1108 549 domo
1124 526 1182 548 ex-

513 562 652 610 pulsum
673 561 772 598 fuiffe
798 563 840 598 ad
867 563 1060 598 Lentulum
1079 571 1126 607 ep.
1148 575 1180 608 9.

515 611 640 647 scribit.
679 613 772 647 Cum
790 621 904 647 autem
922 611 1068 647 Clodius
1086 610 1183 651 saxis,

486 696 493 700 ,
513 670 548 695 et
592 660 742 707 ignibus,
785 669 819 695 et
861 659 952 695 ferro
991 659 1182 694 vastitatem

514 709 650 744 aedibus
668 708 844 744 Ciceronis
869 708 1043 749 intulisset,
1069 707 1184 742 decre-

514 758 567 793 vit
595 757 739 799 senatus,
764 769 835 800 eos,
861 757 921 804 qui
953 757 989 791 id
1018 755 1182 798 fecissent,

515 807 590 854 lege
619 807 661 841 de
691 806 738 848 vi,
771 817 854 852 quae
883 805 931 840 est
960 805 994 839 in
1023 815 1094 847 eos,
1121 804 1183 851 qui

514 855 706 891 universam
747 855 874 902 Remp.
917 853 1183 901 oppugnassent,

515 903 632 946 teneri,
668 905 702 938 in
730 911 813 939 orat.
850 901 887 937 de
912 903 1054 948 Harusp.
1089 901 1183 947 Resp.

515 962 583 998 cop.
610 955 642 987 8.

565 1002 662 1049 Qae
696 1000 818 1036 deinde
861 999 970 1047 usque
1011 999 1054 1034 ad
1094 1011 1184 1034 vm.

514 1049 594 1084 Kal.
630 1049 816 1085 Decembr.
861 1048 935 1082 afta
976 1047 1066 1090 sunt,
1106 1047 1187 1082 vide

513 1099 596 1144 epist.
618 1110 649 1144 3.
677 1097 733 1133 lib.
753 1098 815 1133 lv.
835 1097 879 1131 ad
894 1097 967 1131 Att.

566 1158 616 1182 iv.
646 1146 728 1181 Idus
749 1146 836 1181 Dec.
867 1144 949 1180 novi
977 1143 1109 1179 tribuni
1137 1144 1184 1191 pl.

515 1194 752 1242 magistratum
772 1194 932 1235 inierunt,
958 1205 978 1228 e
1006 1193 1137 1240 quibus
1168 1204 1187 1226 a

514 1244 681 1279 Cicerone
705 1243 757 1279 lib.
787 1243 814 1278 I.
843 1242 962 1278 Famil.
988 1241 1044 1276 lib.
1074 1241 1116 1276 lI.
1143 1241 1189 1276 od

513 1293 678 1335 Fratrem,
703 1300 732 1327 et
750 1293 853 1328 Dione
869 1291 923 1326 lib.
943 1291 1121 1326 XXXIX.
1150 1289 1186 1325 hi

514 1341 750 1382 nominantur,
783 1341 823 1376 P.
855 1339 1013 1375 Rutilius
1042 1339 1185 1386 Lupus,

514 1392 553 1426 C.
573 1389 718 1425 Porcius
738 1390 840 1431 Cato,
866 1389 908 1424 C.
928 1387 1108 1428 Caninius,
1135 1387 1181 1423 L.

513 1439 684 1481 Racilius,
710 1438 776 1473 Cn.
797 1437 972 1480 Plancius,
999 1437 1047 1471 A.
1080 1436 1183 1471 Plau-

514 1487 596 1528 tius,
647 1488 725 1522 Sex.
768 1486 941 1522 Antistius
982 1486 1105 1527 Vetus,
1150 1493 1185 1519 et

514 1537 657 1572 Caffius.

563 1585 657 1620 Cum
684 1584 815 1619 tribuni
846 1583 1082 1631 magistratum
1109 1581 1185 1617 inis-

515 1634 598 1676 sent,
625 1634 666 1668 C.
687 1635 777 1668 Cato
805 1633 1027 1668 turbulentus
1059 1630 1186 1666 adoles-

515 1695 606 1724 cens,
635 1694 695 1717 nec
716 1682 903 1729 imparatus
922 1680 964 1715 ad
983 1681 1183 1723 dicendum,

514 1731 741 1766 concionibus
782 1729 918 1765 affiduis
956 1728 1121 1764 invidiam
1150 1738 1186 1764 et

516 1780 708 1815 Ptolemaeo
727 1779 840 1822 simul,
865 1778 927 1826 qui
951 1776 1025 1824 jam
1048 1775 1183 1825 profec-

517 1839 574 1864 tus
603 1841 645 1864 ex
673 1829 758 1864 urbe
785 1838 868 1871 erat,
894 1837 928 1862 et
957 1828 997 1862 P.
1028 1826 1184 1862 Lentulo

517 1877 648 1913 consuli
667 1876 881 1926 paranti-iam
901 1877 975 1917 iter,
1001 1875 1186 1918 concitare,

516 1926 665 1962 secundo
695 1926 837 1974 quidem
876 1924 1001 1972 populi
1036 1935 1186 1967 rumore,

517 1975 638 2023 coepit.
689 1975 800 2023 Qiod
825 1986 868 2009 ex
894 1975 948 2008 lib.
967 1973 1090 2008 XXII.
1117 1973 1184 2008 An-

516 2024 581 2059 nal.
610 2024 782 2069 Femstellae
797 2024 921 2060 Nonius
938 2021 1117 2057 Marcellus
1136 2033 1178 2056 re-

515 2073 592 2109 fert.
645 2073 684 2108 ln
715 2072 913 2121 quindecim
946 2070 1064 2117 legatis
1094 2081 1185 2117 quos

518 2121 705 2169 Pompeius
760 2121 819 2156 libi
864 2120 908 2155 rei
951 2118 1184 2154 frumentariae

517 2171 616 2206 caus-1
646 2170 828 2218 legaverat,
860 2168 928 2204 fuit
959 2169 1012 2215 Q
1036 2169 1184 2209 Cicero;

516 2221 577 2267 qui
597 2231 678 2255 cum
695 2219 775 2254 ess‘et
798 2218 832 2253 in
858 2217 1025 2259 Sardinia,
1052 2217 1107 2252 M.
1127 2216 1185 2251 Ci-

516 2281 594 2303 cero
611 2269 653 2303 ad
670 2280 750 2303 eum
769 2267 910 2315 scripsit,
930 2277 1013 2314 quae
1029 2274 1184 2300 extremo

518 2316 619 2363 hujus
652 2317 729 2352 anni
761 2316 870 2351 mense
901 2316 934 2350 in
965 2314 1079 2350 senatu
1110 2314 1184 2349 aila

515 2366 669 2408 fuerunt,
704 2366 787 2412 epist.
828 2377 858 2401 1.
894 2364 950 2401 lib.
985 2364 1032 2399 11.
1066 2362 1111 2398 ad
1138 2363 1183 2410 Q

518 2416 539 2450 1¹⁴
545 2423 629 2450 nur.

827 222 893 263 M.
951 225 1007 264 T.
1065 222 1596 263 CICERONIS

1233 411 1343 448 Anno
1364 407 1472 448 Urbis
1491 408 1586 462 697.
1633 405 1812 446 Ciceronis
1833 419 1853 460 5
1865 419 1903 446 1.

1377 477 1569 516 Consules
1599 475 1762 514 fuerunt

1234 539 1316 577 CN.
1345 538 1612 576 CORNELIUS
1645 537 1901 575 Lemnius

1260 599 1628 642 MARCELLINUS,
1661 597 1711 635 L.
1735 596 1877 635 MAR-

1371 671 1472 697 ctus
1505 658 1774 696 Pmmppus.

1284 755 1323 790 In
1341 755 1489 803 collegio
1507 764 1698 803 praetorum
1722 752 1825 800 hujus
1842 765 1904 789 an-

1234 805 1269 840 ni
1311 804 1465 848 fuerunt,
1506 805 1572 840 Cn.
1617 803 1808 845 Domitius,
1895 830 1908 838 .

1235 853 1432 888 Ancharius
1473 863 1507 888 et
1541 853 1582 887 C.
1614 851 1784 886 Claudius
1818 851 1905 886 Pul·

1235 902 1327 943 cher,
1354 911 1393 937 ut
1407 912 1465 948 pro
1482 903 1593 941 Sextio,
1610 910 1677 946 cap.
1699 913 1756 945 53.
1782 900 1834 935 lib.
1855 900 1904 935 11.

1234 950 1279 985 ad
1304 951 1400 985 Frat.
1429 960 1464 985 et
1491 952 1527 985 in
1553 951 1697 985 Cicerone
1729 948 1906 983 Plutarchi

1235 998 1464 1046 cognoscitur.
1517 999 1571 1032 M.
1615 997 1760 1031 Tullius
1807 996 1906 1032 initio

1236 1046 1340 1094 hujus
1371 1047 1449 1082 anni
1478 1046 1575 1081 omni
1599 1045 1718 1092 'studio
1748 1044 1783 1079 in
1801 1044 1836 1079 id
1854 1044 1906 1080 in-

1236 1096 1372 1136 cubuit,
1399 1106 1439 1131 ut
1468 1095 1508 1130 P.
1537 1094 1704 1136 Lentulo,
1731 1094 1793 1140 qui
1821 1093 1907 1128 Cili-

1235 1141 1908 1240 §.¹332322250223¹332b3253²xzoe¹321

1235 1242 1459 1289 Argumento
1499 1241 1577 1276 sunt
1615 1239 1782 1287 epistolae,
1823 1251 1906 1286 quae

1235 1289 1302 1325 hoc
1326 1301 1480 1338 tempore
1506 1290 1548 1324 ad
1578 1289 1770 1324 Lentulum
1798 1288 1908 1324 miffae

1235 1339 1289 1374 lib.
1311 1339 1338 1374 1.
1370 1339 1486 1374 Famil.
1515 1347 1643 1374 extant.
1696 1338 1795 1372 Tum
1816 1349 1906 1384 quo-

1233 1400 1302 1435 que
1331 1388 1520 1423 orationem
1549 1387 1587 1422 de
1622 1399 1690 1434 rege
1723 1385 1905 1429 Ptolemaea,

1233 1435 1333 1483 cujus
1352 1437 1445 1485 apud
1473 1435 1644 1484 Aquilam
1673 1444 1707 1470 et
1734 1435 1907 1470 Fortuna-

1234 1485 1366 1520 tianum
1386 1485 1514 1520 mentio
1542 1484 1602 1525 est,
1629 1483 1782 1518 habuiffe
1810 1483 1907 1518 vide-

1237 1543 1306 1574 tur,
1333 1546 1414 1569 cum
1445 1533 1532 1580 regis
1562 1531 1790 1568 Alexandrini
1814 1531 1906 1567 resti-

1237 1583 1406 1618 tutionem
1426 1581 1581 1618 Lentulo
1598 1581 1656 1617 sua
1672 1580 1832 1616 sententia
1848 1580 1908 1616 de-

1237 1642 1397 1667 cerneret.

1282 1680 1382 1716 XlV.
1412 1679 1558 1715 Kalend.
1586 1678 1764 1714 Februarii
1781 1677 1906 1714 Cicero

1234 1728 1364 1776 scripsit
1380 1729 1422 1764 ad
1441 1730 1497 1775 Q
1510 1728 1664 1763 Fratrem
1687 1727 1770 1773 epist.
1790 1737 1822 1762 2.
1851 1727 1905 1762 lib.

1235 1778 1281 1813 11.
1301 1777 1362 1812 ubi
1381 1778 1440 1819 ait,
1467 1777 1618 1812 Comitia
1642 1775 1801 1818 aedilitia,
1824 1776 1904 1822 qui-

1236 1826 1302 1861 bus
1339 1826 1486 1862 Clodius
1520 1825 1720 1860 aedilitatem
1750 1824 1901 1871 petebat,

1234 1875 1345 1910 edicta
1361 1875 1425 1910 esse
1447 1886 1475 1909 a.
1494 1875 1528 1910 d.
1547 1886 1600 1909 xi.
1619 1873 1698 1909 Kal.
1719 1872 1802 1908 Feb.
1822 1873 1904 1908 Clo-

1236 1924 1314 1959 dius
1349 1923 1460 1959 aedilis
1494 1921 1606 1958 fafitus
1640 1921 1771 1957 Miloni
1813 1921 1905 1957 diem

1236 1973 1336 2014 dixit,
1362 1982 1397 2007 et
1423 1972 1466 2007 de
1491 1972 1527 2007 vi
1553 1971 1595 2006 ad
1612 1970 1785 2019 populum
1803 1982 1906 2005 accu-

1235 2021 1332 2063 savit,
1356 2031 1413 2068 pro
1441 2022 1557 2063 Sextio,
1582 2028 1651 2065 cap.
1669 2032 1728 2063 44.
1756 2021 1788 2053 in
1813 2021 1905 2053 Vati-

1234 2072 1330 2112 nium,
1357 2079 1426 2116 cap.
1451 2079 1505 2112 17.
1531 2078 1566 2104 et
1587 2069 1642 2103 lib.
1663 2068 1709 2103 11.
1742 2067 1787 2102 ad
1808 2069 1904 2103 Frat.

1234 2130 1306 2166 qua
1322 2118 1364 2154 de
1383 2131 1416 2153 re
1442 2117 1512 2154 Dio
1540 2117 1586 2152 ita
1614 2116 1752 2152 scribit:
1780 2117 1906 2152 Clodius

1224 2167 1325 2211 ſsmul
1338 2175 1429 2215 atque
1451 2166 1630 2202 aedilitaeem
1657 2165 1845 2201 Mart-„ilino
1872 2173 1905 2202 et

1236 2216 1386 2262 Philippo
1428 2215 1493 2262 roff.
1536 2217 1620 2257 iniit,
1665 2214 1786 2249 [Miloni
1826 2214 1906 2250 diem

1232 2264 1327 2306 dixit,
1352 2263 1434 2312 quod
1455 2263 1689 2311 gladiatoribus
1706 2273 1804 2310 remp.
1823 2263 1905 2310 obse-

1232 2313 1316 2360 diffit
1334 2327 1345 2348 .·
1387 2326 1455 2361 quae
1487 2316 1567 2348 enim
1601 2314 1660 2358 ipse
1699 2312 1904 2358 commiserat,

1232 2374 1414 2410 quorumque
1442 2365 1559 2397 nomine
1587 2373 1660 2396 rcus
1683 2368 1766 2401 erat.
1793 2373 1828 2395 ca
1856 2361 1905 2396 ilii

1232 2413 1354 2447 crimini
1383 2410 1508 2453 dabat,
1548 2423 1607 2445 non
1639 2409 1719 2458 quod
1750 2409 1904 2445 Mlonem

1233 2460 1462 2497 condemnatum
1477 2463 1518 2496 iri
1523 2461 1683 2507 speraret,
1695 2460 1746 2507 qui
1752 2465 1903 2506 patrones
