2241 2994
636 192 934 234 VARIAE
1021 191 1588 236 LECTIONES.

380 303 441 364 {oz
463 290 499 372 ἲς
524 333 690 372 prohiberet
705 334 731 363 A
744 334 775 364 G
789 341 816 363 ct
824 333 978 373 probibere!
1151 303 1212 372 {og
1237 292 1275 371 232
1294 333 1413 364 afferent
1427 333 1454 362 A
1467 333 1586 370 tfflrune

465 376 501 404 18
523 374 576 412 ipfi
590 375 617 403 R
631 385 674 404 nos
687 374 736 413 ipfi
1239 383 1253 412 3
1259 383 1274 413 ς
1297 374 1376 404 Nam
1389 375 1495 403 necesse
1507 374 1545 404 est
1561 375 1587 403 A
1602 373 1696 413 necgffe
1708 374 1744 413 est
1758 376 1827 405 enim
1847 382 1881 405 u

464 415 502 444 26
524 415 659 453 quoniam
676 416 702 443 A
717 415 743 442 d.

1343 414 1375 444 G
1397 414 1424 451 ψ
1448 415 1485 443 Et
1508 415 1603 452 neceffe
1624 416 1661 453 est
1683 416 1708 446 L
1733 416 1824 455 neaeff
1844 417 1882 454 est

463 468 506 478 —
525 455 702 493 impudicam
715 454 743 484 A
757 456 885 493 impudica
903 455 934 485 G
951 463 998 495 per
1017 459 1101 496 impu·
1357 457 1426 484 em'm

576 496 660 523 dicam
1239 492 1277 532 36
1299 495 1469 533 comprobet
1483 495 1508 525 L
1515 495 1606 534 probet

463 549 504 558 —-
521 535 683 573 judicarant
697 537 727 566 G
743 536 768 572 ψ
773 536 936 575 judicabant
1236 549 1278 555 —
1297 543 1360 563 eam
1376 536 1403 564 A
1417 536 1444 564 d.

466 585 504 614 27
525 585 588 605 eam
603 576 633 605 G
648 577 674 604 d.

463 631 505 640 -
525 617 689 646 damnatam
704 617 730 645 A
741 617 767 652 ψ
780 617 905 645 damnata

465 659 503 686 28
525 657 606 694 Quid
620 658 662 687 ita
675 658 702 686 A
717 657 850 695 Qidnam

466 707 506 734 29
526 698 564 726 est
579 697 608 726 G
623 697 650 726 d.

466 747 500 776 3¹
524 739 682 776 permultos
698 739 725 766 A
741 738 770 766 G
786 737 812 765 R
827 737 919 765 multos

1241 583 1278 611 37
1301 585 1367 603 cum
1384 575 1411 603 A
1425 582 1482 603 tum

1237 627 1279 636 —-
1299 615 1397 644 videat
1411 615 1441 644 G
1455 615 1581 645 videatur

1239 663 1279 691 42
1300 655 1339 684 est
1352 658 1379 685 A
1395 657 1420 684 d.

1240 704 1278 732 43
1300 696 1418 725 alteram
1433 697 1460 732 ψ
1471 697 1559 726 altera
1572 696 1688 726 almam

1237 744 1278 773 44
1298 737 1382 774 pasto
1396 737 1425 766 G
1440 738 1508 766 modo

464 792 506 801 —
526 786 658 816 parentes
681 779 708 806 A
733 784 760 806 et
784 784 906 816 parentes
932 777 959 805 R
982 783 1104 816 parentes
1161 780 1220 813 204
1262 785 1279 804 2
1301 776 1419 806 EtGL
1435 778 1504 808 Rd.

563 819 673 854 fratres
1240 831 1282 839 —
1303 817 1382 846 Nam
1397 818 1423 846 R
1439 819 1465 848 d.

467 867 503 896 3²
525 857 671 886 dedecoris
687 857 714 887 A
726 857 753 887 d.
1262 866 1282 894 4
1302 866 1384 896 putes
1399 859 1426 887 A
1439 858 1468 887 G
1479 864 1561 896 putas

470 908 505 936 33
529 899 567 926 est
583 900 608 927 A
624 898 648 926 d.
1241 912 1282 920 —
1301 898 1406 927 habere
1422 898 1452 927 G
1465 905 1552 927 tenere

467 939 506 977 36
528 939 590 967 Cur
603 939 627 967 L
642 938 736 976 Qare

465 994 507 1001 -·
527 979 616 1017 potest
631 979 661 1007 G
673 981 773 1016 poterit

469 1021 506 1057 38
527 1019 748 1057 intemperantia
761 1020 786 1048 L
802 1020 1014 1058 intemperante-

467 1069 506 1098 39
527 1059 663 1088 audacem
680 1061 707 1089 A
723 1060 821 1088 audace

466 1109 506 1137 40
527 1100 691 1128 damnatam
705 1099 734 1129 G
750 1100 909 1129 damnabant

1264 947 1280 976 5
1302 938 1340 967 Et
1355 940 1382 967 A
1396 939 1432 967 Et
1447 946 1534 967 autem
1547 938 1578 968 G
1592 938 1617 967 L
1633 938 1660 967 R
1675 940 1734 969 Aut

1263 978 1282 1006 6
1303 979 1486 1008 commodum
1501 987 1530 1008 et
1550 978 1591 1008 sui
1611 981 1829 1019 cognoscentem
1850 981 1881 1012 G

1350 1020 1530 1058 cognoscentem
1542 1022 1692 1050 commodum
1697 1022 1745 1058 sui

1264 1068 1282 1096 7
1303 1059 1401 1088 videre
1412 1061 1441 1089 G
1454 1059 1481 1095 ψ
1495 1059 1586 1089 videre
1594 1064 1691 1099 poteris
1706 1063 1731 1091 L
1735 1063 1801 1100 fite

1265 1100 1282 1128 8
1304 1100 1369 1138 quis
1385 1100 1476 1139 speret
1491 1100 1520 1130 G
1535 1101 1562 1131 d.
1585 1102 1610 1130 L
1625 1103 1767 1141 quisperez
1781 1103 1806 1132 R
1821 1112 1882 1141 qua-

467 1150 502 1177 4¹
529 1140 601 1178 quid
616 1141 642 1168 A
657 1142 683 1168 d.
1349 1142 1416 1170 modo
1419 1143 1511 1179 speres

385 1188 444 1220 203
490 1180 640 1209 zinAd.
783 1217 786 1219 Α
1264 1181 1421 1218 9etGd.

490 1231 505 1259 3
529 1221 584 1249 hoc
600 1220 629 1249 G
644 1221 669 1250 L
685 1221 711 1256 ψ
724 1222 750 1250 d.
1243 1235 1284 1243 —
1304 1221 1410 1252 dixerit
1421 1223 1451 1252 G
1467 1222 1491 1251 L
1506 1232 1554 1251 non
1567 1223 1669 1252 dixerit

466 1276 509 1284 —
528 1261 717 1291 observabant
736 1263 762 1291 A
772 1261 920 1298 struebant

487 1311 507 1340 7
529 1301 611 1331 ducit
626 1302 656 1332 G
667 1302 694 1337 ψ
707 1302 807 1331 deditcit

490 1344 506 1371 8
529 1343 614 1372 nostri
628 1343 655 1371 A
669 1343 693 1371 d.

471 1392 503 1412 11
529 1392 616 1421 quarn
635 1383 661 1412 A
677 1393 734 1412 cum

473 1432 509 1452 12
530 1433 627 1452 eorum
645 1424 670 1452 A
685 1425 712 1453 d.
734 1423 764 1452 G
779 1423 870 1453 borum

468 1478 512 1488 —
529 1463 671 1502 supplicio
685 1464 715 1493 G
720 1465 880 1502 supplicium

474 1513 486 1533 ι
494 1514 508 1543 ς
533 1504 614 1542 Qid
631 1506 657 1533 A
667 1506 745 1544 Qu
756 1505 791 1540 est

471 1553 506 1575 21
531 1544 572 1573 At
587 1545 613 1572 A
624 1544 654 1574 G
670 1545 695 1573 L
710 1546 736 1580 ψ
752 1545 790 1572 Er

471 1595 509 1615 22
530 1595 598 1613 num
615 1586 642 1613 A
659 1585 688 1614 G
705 1584 834 1621 anm

471 1640 514 1649 —
534 1624 640 1654 fecisset
655 1626 680 1653 Α
686 1625 781 1663 [ιτξβὶ

473 1675 510 1704 23
532 1665 626 1694 fuiss'et
640 1665 667 1700 ψ
680 1666 738 1703 mser

471 1721 513 1728 —
535 1706 617 1744 Qid
634 1707 659 1735 A
672 1707 702 1736 G
719 1707 743 1736 L
758 1706 784 1735 R
799 1706 860 1735 Cur

474 1748 512 1775 28
534 1747 636 1775 retinet
651 1748 677 1775 A
694 1746 719 1775 R
735 1746 818 1775 reddit
834 1747 863 1775 G
879 1747 951 1775 redit

476 1796 514 1825 ²9
536 1786 670 1815 sermonis
687 1788 711 1815 A
727 1788 752 1816 d.

477 1836 515 1865 34
535 1827 623 1856 modo
636 1828 662 1856 A
680 1827 709 1856 G
726 1827 750 1856 L
767 1828 792 1856 R
804 1830 881 1865 pallo

476 1876 511 1905 35
535 1867 653 1897 virtutes
668 1869 695 1897 A
709 1867 740 1897 G
753 1869 888 1897 virumn·

476 1917 516 1946 39
535 1908 586 1946 qui
603 1909 626 1936 A
639 1908 664 1938 d.

477 1957 517 1985 40
537 1948 648 1985 optima
662 1947 774 1987 Gjusta

498 1997 517 2025 4
538 1988 709 2025 snbjeflione
733 1988 850 2018 rationis
874 1988 904 2017 G
928 1990 1031 2017 ratione
1044 1989 1112 2026 svb-

575 2030 699 2066 jaeHt'onit

498 2078 512 2108 ς
537 2069 624 2098 modo
639 2070 664 2097 A
679 2070 708 2098 G
726 2068 750 2097 L
767 2069 878 2106 Rpaao

496 2120 516 2149 9
539 2109 658 2139 fortunae
676 2108 867 2138 dominationi
883 2110 908 2138 A
924 2109 976 2145 sub
987 2110 1116 2147 fortuna

582 2151 774 2178 dominacionem

482 2200 516 2229 Ις
539 2190 654 2219 retineri
668 2191 697 2219 G
714 2190 738 2219 1,
753 2191 838 2218 teneri

483 2231 518 2260 16
539 2231 609 2260 item
625 2230 653 2260 G
671 2232 729 2268 istae

481 2281 516 2309 17
541 2272 596 2300 fine
611 2272 731 2306 ratione,
752 2279 781 2301 et
795 2281 859 2300 cum
876 2270 984 2300 ratione
999 2271 1025 2300 A
1040 2271 1069 2300 G
1091 2272 1114 2301 L

484 2361 519 2391 ¹9
540 2361 638 2381 omnes
653 2352 680 2382 G
696 2351 722 2387 ψ
737 2353 762 2381 d.

480 2403 516 2430 23
541 2394 622 2431 paeto
640 2394 663 2421 A
680 2393 745 2420 modo

482 2443 519 2472 32
540 2442 595 2461 non
614 2434 637 2462 A
654 2440 678 2461 ct
694 2443 742 2461 non

481 2483 516 2511 33
540 2473 688 2502 videamur
703 2474 731 2502 G
747 2472 887 2501 videantur

480 2523 518 2553 34
539 2513 756 2554 interponentur
772 2514 797 2543 A
813 2515 1014 2552 interponuntur

1249 1269 1286 1290 ιο
1307 1271 1464 1302 numquam
1479 1264 1506 1292 A
1517 1264 1638 1302 nunquid

1243 1316 1285 1324 —
1306 1301 1358 1332 fibi
1373 1305 1400 1332 A
1416 1304 1443 1332 d.

1249 1351 1283 1380 13
1307 1351 1410 1382 campo
1422 1345 1450 1380 ψ
1462 1345 1558 1383 campis

1249 1383 1286 1412 16
1307 1393 1343 1412 ne
1357 1385 1386 1413 G
1404 1386 1451 1414 ubi
1460 1385 1486 1421 ψ
1500 1392 1531 1413 ut

1250 1432 1260 1452 1
1270 1432 1284 1460 7
1307 1425 1500 1454 exornationis
1513 1426 1539 1454 A
1556 1425 1582 1454 L
1594 1425 1622 1459 ᾧ
1636 1426 1765 1454 oration&

1247 1478 1288 1487 —
1309 1463 1444 1495 brevibus
1454 1466 1485 1494 G
1500 1466 1665 1494 breviabiter
1679 1465 1704 1494 L
1719 1467 1839 1496 breuiter

1251 1505 1285 1532 18
1307 1505 1464 1542 ρει-[εξὶυηι
1477 1505 1506 1535 G
1520 1508 1696 1535 “minuatum

1252 1553 1288 1582 19
1309 1553 1375 1574 cum
1392 1548 1418 1575 A
1435 1553 1466 1575 ut
1481 1556 1538 1575 cum

1251 1594 1266 1612 2
1273 1593 1287 1622 3
1310 1585 1347 1613 est
1362 1587 1468 1616 oratori
1483 1589 1510 1616 A
1524 1593 1658 1615 oratorum

1248 1639 1289 1646 -—
1309 1628 1451 1656 contraria
1466 1637 1496 1656 re
1511 1627 1540 1656 G
1554 1627 1576 1656 L
1591 1628 1738 1655 contrarias
1751 1637 1794 1655 ru

1251 1674 1290 1702 30
1310 1665 1547 1697 demonstratione
1557 1667 1585 1696 G
1598 1668 1796 1705 definitioneffin
1804 1677 1890 1706 marg.

1355 1708 1391 1735 al.
1408 1709 1639 1748 demonstratione)

1252 1745 1290 1783 36
1311 1746 1355 1774 Ex
1371 1749 1396 1775 A
1409 1748 1444 1776 Et

1249 1800 1291 1807 —
1311 1787 1447 1816 membris
1465 1789 1490 1817 A
1505 1789 1528 1817 R
1545 1789 1728 1828 membrirsuis

1252 1835 1288 1863 37
1310 1828 1459 1857 exornatio
1475 1830 1500 1858 A
1514 1833 1616 1858 ornatio

1250 1875 1284 1903 4¹
1312 1867 1359 1904 ipsi
1376 1868 1405 1897 G
1419 1869 1447 1897 R
1461 1870 1487 1899 d.

1249 1916 1286 1945 45
1309 1907 1524 1947 distinguuntur
1537 1910 1565 1939 A
1579 1910 1609 1940 G
1626 1910 1650 1940 L
1663 1911 1855 1949 distinguatur

1273 1956 1283 1975 1
1307 1948 1436 1978 oratione
1449 1951 1475 1985 ψ
1489 1952 1515 1978 d.

1270 1997 1286 2026 ς
1309 1987 1394 2026 hujus
1409 1991 1437 2018 G
1450 1991 1597 2030 hujusmodi

1272 2036 1289 2064 7
1311 2029 1390 2067 quod
1408 2031 1431 2058 A
1447 2034 1509 2069 quia

1270 2077 1289 2106 9
1309 2071 1440 2107 pervenit
1454 2072 1480 2106 ψ
1488 2074 1610 2110 provenit

1255 2117 1290 2136 ιο
1311 2119 1345 2138 cx
1362 2111 1390 2139 G
1408 2118 1433 2139 te

1250 2163 1291 2170 —
1310 2151 1490 2181 contortione
1502 2151 1532 2180 G
1544 2155 1705 2182 contrutinet

1257 2197 1286 2217 11
1313 2190 1426 2229 gladim
1442 2193 1471 2221 G
1482 2193 1601 2229 ghtdim

1256 2237 1290 2268 13
1313 2231 1484 2261 consauciari
1502 2234 1526 2261 A
1541 2236 1668 2269 insaciari

1257 2279 1291 2307 ¹4
1312 2270 1395 2300 densa
1410 2273 1434 2307 ψ
1449 2274 1550 2311 defensa

1252 2325 1292 2332 —
1313 2319 1341 2340 et
1355 2314 1503 2342 continens
1519 2315 1547 2343 G
1560 2315 1584 2342 d.
1606 2314 1631 2349 ψ
1646 2320 1673 2343 u
1682 2314 1811 2353 frequen

1256 2351 1291 2379 16
1313 2352 1490 2382 absolutionc
1507 2356 1530 2383 A
1548 2355 1666 2392 efflatio

1256 2401 1288 2429 ¹7
1313 2393 1454 2431 tripartito
1468 2395 1491 2423 A
1505 2398 1646 2433 tripartita

1254 2442 1291 2471 29
1312 2435 1493 2464 contulerunt
1510 2438 1535 2466 A
1553 2435 1583 2466 G
1598 2435 1624 2465 1.
1638 2436 1788 2466 laniarunt

1253 2482 1291 2512 30
1313 2473 1397 2503 nimis
1413 2476 1438 2503 A
1454 2478 1495 2504 ris

1254 2522 1286 2554 3¹
1312 2514 1535 2547 dominationem
1553 2517 1578 2547 A
1591 2518 1743 2556 potestate-
