2241 2994
540 235 621 291 326

542 333 616 368 lum
645 331 798 379 egissent,
835 330 969 373 Cicero,
995 330 1056 377 qui
1087 330 1211 366 statue-

542 392 594 416 rat
626 381 659 415 in
690 389 896 427 perpetuum
926 390 1048 420 tacere,
1083 379 1211 414 sentcn-

538 430 624 464 tiam
645 439 784 475 rogatus
809 428 970 475 pluribus
996 428 1110 463 verbis
1139 429 1210 475 egit

540 477 666 513 Caesari
709 477 847 524 gratias,
889 489 971 524 quae
1011 477 1121 512 oratio
1150 487 1209 523 pro

540 526 699 563 Marcello
727 535 832 561 extat.
872 526 961 560 Vide
988 527 1072 572 φξβ.
1093 540 1126 568 4.
1154 527 1208 560 lib.

539 577 602 612 IV.
630 577 722 611 Fam.
771 574 895 609 Cicero
935 586 1079 622 quoque
1113 575 1210 609 Mar-

540 624 629 660 cello
658 623 828 670 persuasit,
855 633 896 658 ut
922 624 1072 658 Romam
1104 623 1210 657 redire

538 674 656 715 vellet,
681 673 762 720 epist.
783 684 816 719 9.
842 683 894 707 10.
926 679 956 706 et
980 684 1033 708 ιι.
1060 670 1210 718 ejusdem

538 722 630 758 libri.
683 722 754 756 Hac
778 733 872 760 anna,
899 730 940 755 ut
965 721 1031 755 Dio
1056 719 1210 760 testatur,

539 771 645 816 Caesar
664 771 768 816 fastos
797 772 944 810 correxit,
971 780 1141 816 annumque
1167 766 1219 802 ad

537 821 656 866 cursum
663 820 739 865 solis
752 817 1007 858 accommodavit,
1021 825 1056 852 ut
1069 829 1207 852 ccccxv

536 869 654 904 dierum
691 867 768 916 effet,
811 875 840 901 et
874 865 1078 901 intercalario
1110 868 1208 912 mense

530 917 670 963 sublato,
696 928 774 951 unus
789 915 852 950 dies
868 923 980 962 quarto
999 927 1110 962 quoque
1126 927 1208 950 anno

536 966 792 1002 intercalaretur.
844 964 918 1011 Quo
939 972 1041 998 autem
1057 967 1158 1010 magis
1175 966 1208 999 in

531 1017 686 1060 posterum
709 1026 746 1049 ex
770 1013 901 1050 Kalend.
926 1014 1071 1058 Januar.
1089 1020 1206 1058 tempo-

537 1075 607 1098 rum
633 1066 719 1098 ratio
741 1069 932 1109 congrueret,
957 1064 1041 1095 inter
1069 1061 1208 1096 Novem·

537 1112 623 1147 brem
642 1125 680 1147 ac
698 1111 894 1147 Decembrem
912 1109 1038 1156 mensem
1054 1111 1208 1157 interjecit

536 1161 611 1196 duos
637 1162 714 1196 alios
728 1174 740 1195 .-
769 1161 896 1207 fuitque
927 1159 980 1193 hic
1012 1170 1112 1194 annus
1144 1170 1206 1194 xv-

537 1209 676 1254 mensium
693 1221 760 1245 cum
775 1207 991 1250 intercalario,
1016 1209 1069 1255 qui
1086 1219 1124 1242 ex
1139 1219 1209 1242 con-

529 1258 687 1304 fitetudine
714 1260 748 1292 in
787 1269 855 1292 eum
895 1267 1013 1291 annum
1043 1257 1206 1292 inciderat.

538 1308 630 1343 Haec
665 1306 851 1342 Suetonius
880 1308 914 1340 in
943 1305 1018 1350 Caes.
1048 1315 1116 1351 cap.
1146 1316 1206 1346 40.

538 1357 612 1404 lege
645 1365 809 1404 praeterea
851 1353 1091 1396 Macrobium,
1134 1354 1206 1389 Pli-

538 1405 648 1446 nium,
676 1405 838 1445 Dionem,
854 1413 890 1438 et
907 1403 1146 1438 Plutarchum.

589 1453 704 1489 Pridie
720 1453 866 1488 Kalend.
886 1451 1098 1486 intercalares
1114 1450 1208 1499 prio-

538 1515 588 1539 res
605 1503 750 1538 Tullius
767 1510 890 1549 rogatu
907 1499 1053 1535 fratrum
1076 1502 1131 1549 Q
1149 1500 1206 1535 Li-

536 1552 634 1599 garii,
665 1552 740 1599 qui,
775 1550 850 1598 post
879 1549 990 1584 victos
1021 1549 1054 1584 in
1086 1547 1209 1584 Africa

537 1601 779 1648 Pompeianos,
805 1599 876 1633 vita
905 1610 924 1632 a
951 1597 1084 1633 Caesare
1101 1597 1206 1645 impe-

537 1659 635 1692 trata,
664 1658 761 1684 extra
790 1647 925 1683 Italiam
956 1646 990 1680 in
1020 1645 1125 1681 exilio
1154 1646 1206 1681 vi-

537 1698 653 1739 vebat,
693 1708 792 1733 mane
818 1695 860 1730 ad
886 1695 1055 1730 Caesarem
1084 1695 1201 1730 venit:

536 1759 688 1795 cumque
714 1746 834 1781 fratres
859 1754 894 1779 et
922 1743 1127 1791 propinqui·
1143 1743 1205 1779 Li-

535 1796 620 1844 garii
634 1795 787 1843 jacerent
804 1794 846 1829 ad
874 1792 989 1841 pedes,
1015 1792 1139 1828 Cicero
1165 1804 1205 1827 ea

535 1846 578 1880 ess
602 1845 752 1887 locutus,
777 1854 860 1890 quae
883 1841 994 1885 causa,
1019 1853 1101 1889 quae
1118 1851 1204 1876 tem-

536 1906 604 1943 pus
630 1892 838 1942 postulabat,
862 1891 945 1937 epist.
979 1902 1032 1936 ¹5·
1061 1889 1101 1936 [l.
1131 1891 1206 1935 14]

537 1943 592 1978 lib.
611 1943 676 1977 VI.
704 1944 798 1978 Fam.
850 1939 1014 1988 Ligarius
1040 1938 1163 1974 deinde
1189 1951 1209 1973 a

537 1991 591 2040 Q
606 1991 704 2026 AElio
721 1990 909 2025 Tuberone
925 1999 1002 2022 reus
1018 1986 1131 2022 factus
1147 1987 1207 2029 est,

534 2039 676 2087 ejusque
711 2037 942 2087 patrocinium
975 2035 1100 2071 Cicero
1142 2035 1207 2070 sus-

535 2087 638 2137 cepit.
682 2088 781 2123 Tum
811 2085 981 2122 caesarem
1011 2084 1131 2119 dixiffe
1157 2083 1206 2119 fe-

538 2147 631 2179 runt,
657 2137 758 2183 Quid
787 2135 834 2171 est
864 2133 987 2174 causte,
1014 2144 1077 2168 cur
1106 2133 1205 2168 Cice-

538 2198 656 2222 ronem
698 2195 853 2221 orantem
894 2181 1094 2230 aliquandiu
1138 2193 1206 2217 non

538 2235 748 2271 audiamus?
801 2245 880 2269 nam
924 2242 1019 2266 reum
1063 2230 1206 2315 ckuidem

526 2284 714 2322 ,hominem
758 2282 960 2331 improbum
1000 2289 1035 2315 et
1100 2280 1207 2316 ostem

855 235 921 274 M.
981 237 1036 275 Τ.
1097 235 1627 275 CICERONIS

1260 332 1324 367 effe
1343 330 1552 379 jampridem
1579 340 1711 366 certum
1741 329 1799 365 est.
1852 329 1930 367 Ubi

1261 393 1344 415 vero
1373 381 1497 415 Cicero
1526 380 1689 426 ingressus
1716 379 1838 421 dicere,
1865 379 1930 413 mi-

1261 429 1374 464 rificos
1402 440 1517 464 motus
1544 428 1742 469 concitavit,
1769 439 1803 462 et
1819 427 1931 462 oratio

1259 478 1431 526 progressa
1481 490 1562 512 cum
1599 477 1784 511 affectibus
1825 476 1930 519 varia,

1260 536 1335 561 tum
1378 526 1551 560 venustate
1587 525 1796 561 admirabilis
1834 524 1926 560 fuit:

1260 575 1436 622 perspicue
1464 575 1643 621 cognitum
1674 574 1782 615 aiunt,
1815 573 1930 608 varios

1260 624 1391 657 colores
1432 623 1577 657 Caesaris
1619 623 1759 657 vultum
1803 621 1928 664 subire,

1259 670 1399 718 ejusque
1434 671 1588 706 animum
1621 670 1785 705 omnibus
1816 670 1928 705 modis

1259 721 1490 755 commutari:
1544 732 1582 755 ac
1633 720 1794 762 tandem,
1845 731 1929 754 cum

1261 769 1441 804 Pharsalici
1483 769 1594 816 praelii
1632 769 1840 803 mentionem
1878 767 1928 802 fa-

1257 829 1331 852 cere
1363 819 1492 853 Orator
1525 817 1692 865 coepiffer,
1734 816 1929 852 immodicis

1256 865 1576 914 perturbationibus
1627 866 1807 901 incitatum
1850 877 1929 900 cor-

1257 927 1340 963 pore
1356 915 1607 957 contremuiffe,
1620 925 1655 950 et
1672 915 1808 950 libellos
1825 913 1928 962 quos-

1256 964 1337 999 dam
1362 976 1382 999 e
1407 975 1510 998 manu
1533 963 1671 1009 ejecisse.
1715 964 1835 998 Victus
1864 963 1929 1010 igi·

1258 1021 1315 1047 tur
1339 1012 1456 1047 Caesar
1480 1011 1643 1047 orationis
1670 1012 1716 1054 vi,
1743 1011 1928 1059 Ligarium

1258 1061 1399 1096 crimine
1417 1060 1586 1096 liberavit.
1639 1061 1691 1095 lta
1722 1071 1783 1095 nos
1809 1061 1928 1095 locum

1259 1109 1438 1145 Plutarchi
1471 1109 1514 1144 de
1548 1109 1610 1144 hac
1646 1108 1746 1143 causa
1775 1121 1794 1143 a
1827 1107 1929 1144 nobis

1259 1157 1460 1193 conversum
1504 1158 1538 1192 in
1573 1158 1641 1192 fine
1682 1155 1929 1192 Commentarii

1258 1206 1433 1254 Ligariani
1459 1206 1503 1241 ad
1531 1206 1680 1242 ornatifl'.
1708 1207 1822 1241 virum
1840 1206 1929 1241 Ger-

1258 1256 1405 1291 hardum
1433 1255 1661 1302 Juliacensem
1690 1254 1764 1303 jam
1790 1255 1929 1291 dudum

1256 1305 1440 1340 edidimus.

1307 1353 1478 1389 Confecto
1520 1353 1613 1389 bello
1654 1351 1836 1395 Africano,
1878 1353 1927 1388 T.

1257 1402 1428 1450 Qintius
1453 1402 1604 1450 Scapula
1628 1413 1760 1437 novum
1787 1401 1821 1436 in
1846 1401 1928 1437 His-

1259 1463 1361 1499 pania
1390 1461 1606 1486 commovit:
1643 1462 1744 1497 cujus
1771 1450 1929 1486 meminit

1258 1501 1381 1535 Cicero
1409 1501 1492 1545 epist.
1530 1511 1584 1545 ¹3·
1620 1500 1673 1534 lib.
1706 1499 1770 1534 IX.
1808 1499 1926 1534 Famil.

1257 1548 1319 1584 Tu
1339 1549 1413 1595 lege
1438 1548 1589 1583 Dionem
1616 1548 1668 1582 lib.
1699 1547 1838 1584 XLIII.
1866 1547 1929 1583 ubi

1257 1599 1323 1633 Cn.
1366 1597 1587 1644 Pompeium,
1632 1596 1756 1644 Magni
1800 1596 1927 1639 filium,

1258 1646 1439 1694 Hispaniae
1455 1655 1568 1694 partes
1586 1645 1762 1693 plerasque
1780 1645 1813 1680 in
1832 1645 1927 1680 suam

1253 1695 1420 1730 ditionem
1455 1693 1614 1741 redegisse
1643 1694 1757 1729 tradit.
1811 1694 1927 1729 Caesar

1255 1743 1362 1791 igitur
1385 1753 1542 1778 extremo
1573 1743 1637 1778 hoc
1665 1753 1755 1777 anno
1780 1742 1823 1777 ad
1855 1742 1928 1777 bel-

1254 1793 1329 1828 lum
1348 1791 1572 1840 Hispaniense
1587 1790 1777 1838 protectus,
1802 1802 1925 1827 xxvir-

1254 1840 1377 1876 diebus
1397 1841 1430 1875 in
1457 1839 1663 1888 Hispaniam
1692 1841 1860 1888 pervenit,
1887 1849 1928 1875 ut

1259 1890 1444 1938 Appianus
1461 1889 1514 1924 lib.
1537 1890 1578 1924 ll.
1607 1888 1734 1924 scribit.

1307 1939 1392 1974 Hoc
1410 1949 1500 1974 anno
1518 1938 1574 1973 M.
1594 1937 1737 1973 Tullius
1754 1947 1835 1971 cum
1855 1937 1926 1972 Te-

1258 1987 1365 2022 rentia
1383 1999 1490 2022 uxore
1511 1986 1701 2021 divortium
1724 1984 1818 2027 fecit,
1844 1997 1927 2038 quse

1258 2036 1365 2071 Vibio
1397 2034 1496 2070 Rufo
1537 2034 1660 2070 deinde
1695 2043 1804 2081 nupta
1845 2035 1927 2078 fuir,

1258 2084 1396 2119 auftore
1426 2084 1541 2118 Dione
1579 2082 1634 2118 lib.
1668 2083 1784 2118 LVll.
1824 2092 1928 2131 atque

1256 2133 1396 2168 tertium
1436 2142 1470 2167 et
1512 2132 1734 2167 centesimum
1773 2132 1927 2178 explevit

1257 2193 1398 2224 annum,
1426 2191 1465 2216 ut
1495 2179 1610 2217 scribit
1639 2180 1710 2216 Val.
1742 2182 1839 2216 Max.
1872 2179 1926 2217 lib.

1257 2231 1355 2267 Vlll.
1380 2240 1450 2277 up.
1477 2240 1530 2276 ¹3.
