2241 2994
570 204 650 260 384

619 300 741 334 Parere
759 299 912 334 animum
929 298 1051 333 rationi
1070 299 1173 346 pofl‘e,
1189 308 1235 341 et,

567 360 642 396 quo
660 348 718 383 illa
735 348 851 389 ducat,
869 347 973 393 sequi.
992 347 1080 392 ‘Tusa
1100 348 1165 382 111.
1184 359 1233 392 ¹5-

621 397 847 432 Levationem
865 395 1081 443 aegritudinis
1100 395 1132 431 in
1151 397 1234 431 dua-

569 446 635 480 bus
654 446 754 480 rebus
771 445 867 492 poni,
886 445 1088 480 avocatione
1105 456 1123 478 a
1140 446 1229 492 cogi-

567 495 672 530 tanda
698 494 863 536 molestia,
888 503 923 529 et
948 493 1166 529 revocatione
1192 494 1235 528 ad

566 543 766 591 voluptates
787 543 1078 591 contemplandas.
1120 543 1236 588 Tuscu-

567 593 630 628 lan.
654 593 714 628 111.
738 605 786 637 ¹5·

617 641 830 689 Opinionem
869 640 949 675 mali
991 639 1234 687 aegritudinem

566 691 630 726 ess'e
644 700 776 731 natura,
790 691 858 725 sive
870 689 955 723 illud
970 698 1046 723 ante
1059 688 1233 734 provisum

566 749 600 775 et
616 739 836 786 expectatum
855 738 907 780 sit,
939 737 1008 771 sive
1026 737 1233 772 inveterave-

566 788 610 823 rit
626 802 633 823 :
667 799 778 834 neque
806 787 897 821 enim
927 785 1096 821 vetustate
1125 785 1234 821 minui

566 837 668 878 mala,
697 848 757 871 nec
780 835 851 870 fieri
869 834 1109 883 praemeditata
1126 835 1233 870 levio-

565 897 614 921 ra.
651 884 815 930 Tusculan.
838 884 900 920 111.
923 897 973 931 ¹3·
992 894 1042 928 15.

615 934 802 969 Naturales
819 933 957 968 divitias
973 932 1141 979 parabiles
1157 932 1234 974 effe,

565 983 663 1031 quod
684 995 794 1030 parvo
815 982 895 1017 effet
918 992 1040 1017 natura
1063 990 1234 1017 contenta.

562 1033 601 1067 de
618 1032 722 1068 Finib.
742 1032 787 1066 ΙΙ.
808 1034 865 1066 28.

614 1080 890 1116 Diuturnitatem
902 1079 1066 1126 temporis
1080 1079 1122 1113 ad
1137 1079 1235 1114 beate

563 1130 756 1165 vivendum
774 1129 859 1163 nihil
883 1128 1015 1170 afferre,
1042 1139 1102 1163 nec
1123 1127 1233 1163 mino-

564 1191 635 1214 rem
655 1179 871 1226 voluptatem
886 1177 1016 1224 percipi
1035 1177 1069 1212 in
1084 1177 1231 1212 brevita-

563 1239 598 1263 te
615 1227 793 1276 temporis,
819 1238 925 1274 quam
953 1226 977 1261 fi
1002 1225 1060 1260 illa
1086 1226 1126 1261 sit
1150 1225 1232 1260 sern-

563 1278 707 1326 piterna.
735 1276 773 1311 de
789 1276 892 1312 Finib.
916 1275 958 1311 ll.
977 1287 1035 1320 27·

614 1326 760 1362 Nullam
791 1325 826 1360 in
857 1324 1040 1372 sapientem
1070 1325 1143 1358 vim
1169 1324 1234 1358 effe

562 1375 726 1411 fortunae.
758 1373 923 1419 Tusa-ulan.
939 1374 1002 1409 111.
1018 1382 1112 1408 20.et
1127 1371 1164 1407 de
1174 1373 1233 1408 Fi-

562 1425 653 1460 nibus
671 1425 715 1460 11.

614 1474 791 1521 Magnum
808 1472 964 1508 dolorem
983 1472 1136 1512 brevem,
1155 1471 1230 1506 lon-

562 1525 735 1572 ginquum
751 1523 861 1558 levem
874 1521 912 1557 de
924 1521 1054 1557 Finibus
1066 1521 1109 1556 11.
1126 1531 1159 1567 7.
1171 1532 1228 1568 ²9·

561 1583 595 1608 et
612 1574 701 1619 Tusc.
721 1573 768 1608 11.
786 1585 836 1619 ¹9·
1007 1612 1010 1614 ,

610 1623 688 1658 Nec
723 1622 872 1670 gaudere
905 1631 1126 1667 quenquam,
1170 1618 1231 1653 nisi

561 1682 704 1721 propter
721 1682 862 1718 corpus,
889 1681 951 1704 nec
965 1668 1090 1703 dolere.
1117 1667 1155 1702 de
1171 1667 1231 1702 Fi-

561 1722 627 1757 nib.
646 1722 691 1757 11.
713 1731 770 1766 30.

612 1771 769 1806 Mortem
788 1767 873 1804 nihil
891 1767 934 1802 ad
961 1777 1022 1801 nos
1040 1766 1207 1814 pertinere
1222 1779 1230 1800 :

562 1820 660 1868 quod
682 1819 774 1854 enim
798 1817 1002 1852 dissolutum
1025 1815 1077 1857 fit,
1105 1815 1139 1850 id
1168 1815 1233 1849 effe

562 1870 631 1905 sine
650 1867 754 1904 sensu.
780 1867 817 1902 de
835 1866 937 1903 Finib.
958 1865 1004 1900 11.
1026 1877 1077 1911 3¹·

612 1917 648 1952 Si
677 1927 797 1952 uratur
821 1915 963 1963 sapiens,
995 1913 1019 1949 si
1047 1913 1231 1954 crucietur,

562 1967 598 2003 in
623 1965 812 2002 Phalaridis
841 1975 940 2000 tauro
966 1963 990 1998 si
1017 1962 1093 2006 erit,
1119 1963 1231 1997 dietu-

563 2028 654 2059 rum,
679 2027 786 2063 quam
812 2013 914 2049 suave
934 2012 982 2047 est
1006 2011 1094 2047 hoc!
1124 2023 1231 2059 quam

562 2067 628 2101 hoc
648 2076 716 2100 non
731 2063 835 2099 curo!
863 2061 952 2107 Yusc.
974 2061 1016 2096 11.
1038 2071 1072 2107 7.

744 2208 1046 2246 ZENO.

674 2309 756 2346 EN
771 2310 820 2351 Ο,
846 2306 1009 2350 Cittieus,
1038 2315 1082 2340 ex
1107 2305 1230 2353 Cypro

677 2358 796 2401 insula,
809 2357 1006 2393 Stoicorum
1017 2354 1178 2404 princeps
1195 2364 1230 2389 et

563 2419 657 2457 pater
674 2407 754 2450 fuit,
782 2407 888 2443 homo
905 2414 1041 2448 acutus,
1064 2415 1228 2439 verecun-

559 2458 652 2495 diam
662 2467 696 2494 et
709 2457 901 2493 libertatem
919 2453 1085 2503 loquendi
1101 2464 1228 2490 amans.

923 203 1028 243 DE
1098 203 1597 243 DOCTRINA

1290 299 1321 334 Is
1334 311 1415 333 cum
1429 299 1652 334 Polemonem
1666 298 1791 334 affidue
1801 299 1955 343 audisset,

1287 348 1458 395 valdeque
1469 347 1637 382 subtiliter
1647 347 1867 390 dissereret,et
1878 361 1955 396 per-

1287 407 1386 431 acute
1412 406 1619 438 moveretur,
1648 396 1955 444 Peripateticorum

1283 444 1360 480 satis
1369 445 1504 492 copiose
1511 457 1544 480 et
1556 445 1955 493 eleganterconstitutam

1283 493 1498 541 disciplinam
1528 495 1696 540 corrigere
1725 504 1868 529 conatus
1895 494 1953 529 est.

1286 543 1509 577 Partitionem
1549 542 1780 589 Philosophiae
1819 543 1853 577 in
1887 553 1954 578 tres

1286 600 1398 637 partes
1417 590 1565 625 retinuit.
1605 591 1645 625 In
1660 590 1776 625 ceteris
1792 590 1955 626 sentiebat

1286 639 1389 682 idem,
1421 639 1518 673 aliter
1547 639 1768 686 loquebatur,
1800 639 1956 687 nihilque

1285 698 1411 735 praeter
1432 687 1620 722 novitatem
1644 688 1831 722 verborum
1855 688 1955 723 diffc-

1286 737 1391 771 rebat.
1431 737 1500 771 Cui
1519 746 1632 771 tamen
1651 748 1714 771 cur
1733 736 1796 771 hoc
1815 735 1954 780 faceret,

1285 785 1416 820 nullam
1435 785 1570 820 causam
1588 785 1686 820 fuisse
1704 785 1750 820 ait
1762 785 1897 820 Cicero.
1918 786 1956 820 de

1284 834 1386 870 finib.
1407 834 1469 869 IV.
1492 835 1540 869 16.
1571 834 1631 868 ubi
1649 834 1691 868 de
1710 846 1752 868 eo
1770 835 1881 868 multa
1902 834 1955 869 di-

1285 891 1423 918 cuntur.
1467 884 1501 918 Si
1519 883 1674 924 enin-rea,
1695 894 1778 930 quae
1791 883 1888 924 dicit,
1908 883 1955 918 ita

1285 931 1420 966 sentiret
1450 931 1599 978 (inquit)
1632 942 1670 966 ut
1696 932 1802 966 verba
1827 931 1954 978 signifi-

1285 990 1376 1022 cant,
1404 979 1489 1015 nihil
1517 981 1604 1015 inter
1624 992 1704 1015 eum
1731 990 1765 1014 et
1788 981 1844 1015 vel
1868 981 1953 1027 Pyr-

1284 1029 1441 1069 rhonem,
1470 1029 1523 1064 vel
1543 1028 1740 1065 Aristonem
1765 1028 1950 1065 interesset:

1284 1078 1331 1113 sin
1351 1087 1464 1112 autem
1483 1089 1541 1113 eos
1555 1089 1623 1112 non
1642 1078 1780 1124 probat,
1798 1077 1886 1125 quid
1904 1087 1954 1113 at-

1281 1127 1388 1161 tinuit
1405 1138 1487 1161 cum
1506 1127 1558 1170 iis,
1585 1126 1794 1173 quibuscum
1819 1139 1853 1161 re
1870 1138 1954 1162 con-

1283 1175 1431 1219 cinebat,
1458 1175 1572 1211 verbis
1593 1175 1806 1223 discrepare?
1835 1175 1953 1211 Brevi·

1285 1225 1350 1260 bus
1367 1235 1401 1260 et
1419 1224 1528 1259 acutis
1543 1225 1836 1267 conclusionibus,
1854 1225 1953 1272 quod

1283 1274 1399 1317 vellet,
1425 1274 1608 1315 efficiebat,
1628 1273 1846 1308 similitudine
1863 1274 1954 1322 saepe

1284 1333 1396 1365 utenS,
1431 1333 1465 1358 et
1495 1322 1618 1363 visum,
1649 1322 1826 1364 assensum,
1856 1334 1953 1357 com-

1283 1371 1553 1419 prehensionem,
1587 1381 1622 1406 et
1651 1371 1824 1405 scientiam
1855 1371 1951 1418 gestu

1280 1431 1314 1456 et
1333 1420 1554 1456 similitudine
1575 1432 1742 1455 manuum
1765 1419 1955 1467 distingue-

1282 1469 1351 1504 bat.
1408 1471 1517 1511 Nain,
1551 1481 1632 1504 cum
1661 1469 1806 1503 extensis
1835 1469 1953 1516 digitis

1280 1518 1453 1553 adversam
1468 1530 1608 1553 manum
1622 1517 1824 1559 ostenderat,
1838 1519 1953 1564 visiun,

1281 1567 1471 1615 inquiebat,
1500 1566 1694 1614 hujusmodi
1715 1566 1782 1601 est:
1815 1567 1952 1609 deinde,

1281 1629 1363 1651 cum
1394 1617 1540 1664 paulum
1570 1616 1697 1663 digitos
1723 1626 1950 1659 contraxerat,

1281 1665 1407 1712 offensus
1428 1664 1639 1712 hujusmodi:
1661 1675 1736 1699 tum
1752 1677 1833 1699 cum
1852 1665 1953 1712 plane

1282 1715 1533 1762 compresserat,
1561 1725 1793 1761 pugnumque
1812 1713 1950 1757 fecerat,

1282 1764 1564 1810 compreberfionem
1592 1763 1684 1797 illam
1707 1763 1772 1797 effe
1788 1762 1948 1798 dicebat:

1282 1825 1353 1860 qua
1365 1824 1406 1847 ex
1422 1811 1644 1847 similitudine
1656 1811 1758 1846 etiam
1777 1823 1901 1846 nomen
1919 1811 1950 1846 ei

1283 1861 1342 1905 rei,
1372 1861 1471 1909 quod
1500 1871 1576 1896 ante
1606 1873 1674 1896 non
1703 1858 1826 1901 fuerat,
1859 1865 1950 1896 wi·

1281 1915 1367 1955 Λκψιι
1395 1909 1568 1958 imposuit.
1621 1910 1713 1944 Cum
1745 1920 1858 1944 autem
1890 1910 1948 1944 lae-

1282 1972 1362 1995 vam
1390 1971 1531 1994 manum
1555 1959 1767 1999 admoverat,
1792 1968 1827 1992 et
1850 1958 1950 1994 illum

1282 2021 1442 2057 pugnum
1456 2009 1546 2043 arete
1559 2007 1842 2053 vehementerque
1855 2018 1948 2042 com-

1282 2059 1452 2105 presserat,
1470 2058 1634 2103 scientiam
1657 2056 1759 2090 talem
1776 2056 1840 2090 esse
1858 2056 1949 2091 dice-

1284 2107 1361 2148 bat,
1388 2105 1489 2153 cujus
1505 2114 1719 2153 compotem,
1742 2105 1801 2139 nisi
1821 2105 1949 2152 sapien-

1282 2166 1364 2199 tem,
1382 2155 1446 2190 esse
1465 2155 1645 2190 neminem.
1690 2154 1784 2189 Cum
1801 2167 1842 2188 co
1856 2155 1950 2189 Aca-

1281 2205 1405 2240 demiae
1450 2215 1551 2239 novae
1592 2214 1716 2250 magna
1760 2203 1832 2237 rixa
1868 2202 1948 2238 fuit.

1282 2254 1451 2302 Magnam
1482 2262 1646 2301 praeterea
1671 2252 1859 2287 molestiam
1879 2251 1949 2300 pri-

1281 2315 1359 2338 mus
1390 2301 1544 2350 suscepit,
1578 2311 1612 2336 et
1640 2301 1794 2342 minime,
1834 2311 1873 2336 ut
1902 2300 1950 2337 ait

1280 2352 1416 2393 Cicero,
1453 2350 1680 2390 neceffariam,
1717 2349 1947 2385 commentiti-

1280 2413 1378 2437 arum
1394 2399 1592 2436 fabularum
1609 2398 1746 2434 reddere
1764 2399 1947 2439 rationem,

1280 2450 1548 2493 vocabulorum,
1575 2460 1637 2484 cur
1649 2448 1807 2497 quidque
1824 2447 1871 2484 ita
1887 2459 1947 2495 ap-
