2335 3009
973 215 1204 272 [159]

511 488 1681 554 RHETORICORUM

408 709 599 785 AD
686 708 780 784 C.
850 703 1777 788 HERENNIUM

815 957 1209 995 LIBER

392 1155 421 1192 Ῑ.
499 1154 533 1189 N
553 1153 666 1201 primo
684 1152 788 1194 libro,
802 1151 972 1195 Herenni,
991 1150 1067 1186 bre-

505 1203 592 1238 viter
609 1201 842 1249 exposuimus,
854 1214 938 1248 quas
953 1200 1068 1236 causas

394 1252 542 1300 recipere
558 1261 728 1286 oratorem
759 1261 945 1298 oporteret,
971 1260 1004 1284 et
1031 1249 1064 1284 in

393 1301 524 1348 quibus
543 1299 666 1335 officiis
684 1299 764 1334 artis
781 1299 955 1333 elaborare
983 1310 1063 1333 con-

392 1350 536 1391 veniret,
562 1359 597 1384 et
625 1360 665 1383 ea
693 1347 808 1383 officia
837 1360 908 1394 qua
939 1347 1068 1382 ratione

391 1398 556 1434 facillime
585 1396 748 1444 consequi
774 1397 893 1444 poffet.
935 1397 1068 1430 Verum

390 1448 474 1496 quia
502 1459 613 1494 neque
638 1447 682 1481 de
704 1445 868 1481 omnibus
896 1445 998 1481 rebus
1025 1445 1065 1479 si-

390 1497 466 1532 mul
504 1497 572 1531 dici
605 1505 751 1544 poterat,
777 1505 811 1529 et
833 1494 876 1529 de
904 1495 1063 1529 maximis

389 1546 544 1594 primum
562 1545 779 1580 scribendum
797 1542 879 1586 fuit,
905 1555 978 1591 quo
997 1555 1063 1578 cae-

390 1606 460 1630 tera
478 1595 542 1630 tibi
571 1593 725 1629 faciliora
743 1592 886 1640 cognitu
907 1593 1062 1627 videren-

391 1654 471 1686 tur·,
500 1645 546 1679 ita
564 1643 664 1678 nobis
682 1642 849 1691 placitum
867 1641 928 1685 est,
955 1651 995 1676 ut
1011 1653 1062 1685 ea,

390 1705 473 1740 quae
491 1692 698 1728 difficillima
714 1692 831 1734 effent,
850 1691 1063 1739 potiffimum

391 1742 626 1777 scriberemus.

440 1790 628 1827 Causarum
647 1789 711 1825 tria
739 1789 817 1824 sunt
842 1801 975 1837 genera,
1006 1789 1063 1824 de·
1080 1817 1091 1825 .

365 1840 668 1885 γῐηοῃίὶηιῐὶνυιῃ,
697 1839 975 1881 deliberativum,
1003 1837 1062 1885 ju-

390 1889 522 1925 diciale.
540 1889 664 1924 Multo
682 1888 929 1923 difficillimum
947 1886 1060 1934 estju-

391 1938 521 1974 diciale.
568 1939 666 1985 Ergo
684 1937 717 1971 id
737 1937 889 1984 primum
909 1936 1063 1971 absolve-

391 1999 480 2024 muS.
521 1988 605 2023 Hoc
624 1997 657 2021 et
676 1986 788 2033 priore
808 1986 897 2020 libro
914 1985 1062 2033 egimus,

391 2047 472 2072 cum
501 2037 544 2072 de
573 2037 731 2084 quinque
761 2035 905 2070 oratoris
939 2034 1063 2069 officiis

389 2086 623 2128 tractaremus,
663 2097 817 2131 quorum
847 2083 1001 2119 inventio
1030 2093 1064 2119 et

388 2134 500 2181 prima
516 2144 551 2170 et
576 2134 783 2169 difficillima
808 2132 878 2169 est:
906 2145 945 2167 ea
974 2145 1062 2180 quo-

390 2195 460 2230 que
482 2183 580 2218 nobis
597 2184 660 2218 erit
678 2183 743 2218 hoc
770 2183 804 2218 in
822 2182 912 2218 libro
938 2194 1062 2229 prope-

390 2232 536 2267 modum
567 2230 733 2275 absoluta,
760 2243 794 2268 et
811 2239 956 2280 parvam
982 2243 1060 2278 par-

389 2291 458 2315 tem
476 2279 549 2328 ejus
568 2281 601 2315 in
617 2281 755 2316 tertium
775 2282 940 2316 volumen
957 2279 1059 2316 trans-

388 2329 549 2365 feremus.
576 2330 630 2364 De
647 2329 701 2364 sex
725 2330 881 2376 partibus
898 2329 1061 2366 orationis

388 2379 543 2427 primum
579 2378 720 2413 scribere
756 2379 959 2426 incepimus.
1018 2380 1058 2414 In

388 2429 503 2476 primo
524 2427 613 2462 libro
632 2427 738 2462 locuti
758 2427 874 2462 sumus
893 2427 935 2462 de
960 2439 1058 2463 exor-

388 2477 459 2521 dio,
482 2476 683 2520 narratione,
708 2476 884 2519 divisione,
903 2488 962 2512 nec
980 2477 1059 2524 plu-

1297 957 1362 996 ΙΙ.

1120 1150 1214 1186 ribus
1229 1152 1356 1195 verbis,
1371 1164 1478 1200 quam
1493 1156 1619 1191 necesse
1632 1156 1712 1200 fuit,
1729 1171 1790 1195 nec

1120 1200 1234 1235 minus
1252 1201 1416 1245 dilucide,
1444 1215 1550 1250 quam
1576 1215 1608 1240 te
1626 1207 1713 1241 velle
1730 1220 1790 1243 ex-

1117 1249 1362 1286 istimabamus.
1407 1253 1541 1288 Deinde
1575 1254 1790 1302 conjunctim

1115 1299 1157 1332 de
1191 1299 1452 1335 confirmatione
1481 1311 1516 1336 et
1549 1304 1790 1341 confutatione

1118 1346 1304 1381 dicendum
1352 1347 1432 1385 fuit.
1501 1351 1621 1399 Qare
1667 1365 1791 1400 genera

1118 1395 1405 1432 constitutionum
1459 1408 1494 1433 et
1545 1411 1663 1436 earum
1710 1415 1790 1450 par-

1117 1454 1167 1480 tes
1217 1445 1438 1492 aperuimus:
1478 1460 1521 1482 ex
1567 1461 1640 1496 quo
1688 1452 1791 1488 simul

1115 1493 1370 1536 ostendebatur,
1397 1497 1578 1543 quomodo
1595 1499 1790 1537 constituti-

1113 1555 1215 1578 onem
1231 1553 1265 1579 et
1277 1555 1388 1591 partes
1401 1545 1666 1591 constitutionis,
1693 1551 1791 1586 causa

1115 1593 1235 1640 polita,
1263 1593 1399 1641 reperiri
1423 1606 1608 1642 oporteret.
1652 1599 1789 1635 Deinde

1114 1642 1311 1684 docuimus,
1333 1641 1584 1690 judicationem
1618 1649 1786 1694 quemad-

1114 1691 1260 1727 modum
1279 1692 1391 1739 quaeri
1409 1694 1607 1730 conveniret
1626 1710 1633 1730 ε
1650 1709 1720 1743 qua
1739 1698 1789 1733 in-

1115 1750 1230 1783 venta,
1266 1742 1470 1785 curandum,
1497 1754 1538 1778 ut
1571 1746 1683 1780 omnis
1702 1747 1790 1783 ratio

1115 1789 1222 1825 totius
1240 1789 1402 1825 orationis
1426 1791 1469 1826 ad
1486 1803 1560 1827 eam
1578 1793 1786 1832 conferatur.

1114 1838 1236 1873 Postea
1283 1839 1527 1876 admonuimus
1568 1842 1633 1877 esse
1674 1845 1788 1880 causas

1113 1888 1322 1935 complures,
1364 1889 1495 1936 quibus
1521 1891 1636 1938 plures
1663 1894 1787 1929 consti-

1114 1937 1263 1972 tutiones
1290 1947 1350 1972 aut
1363 1948 1476 1985 partes
1501 1940 1789 1978 constitutionum

1114 1986 1469 2023 accommodarentur.

1163 2035 1208 2070 11.
1237 2035 1431 2083 Reliquum
1449 2037 1632 2074 videbatur
1649 2040 1724 2083 effe,
1749 2052 1788 2077 ut

1114 2083 1379 2128 ostenderemus,
1406 2098 1488 2133 quae
1508 2087 1595 2122 ratio
1610 2089 1718 2136 poss‘et
1734 2090 1785 2125 in-

1114 2133 1289 2168 ventiones
1317 2135 1359 2170 ad
1390 2147 1674 2184 unamquamque
1703 2151 1785 2174 con-

1113 2181 1324 2218 stitutionem
1343 2194 1403 2218 aut
1420 2195 1551 2232 partem
1569 2187 1784 2223 constitutio-

1112 2231 1164 2266 nis
1182 2233 1466 2269 accommodare:
1493 2238 1528 2269 ‘et
1557 2235 1636 2269 item
1664 2237 1783 2283 quales

1112 2282 1436 2328 argumentationes,
1462 2295 1548 2329 quas
1575 2284 1690 2320 Graeci
1721 2292 1783 2321 ἐπι-

1110 2335 1269 2378 χειςίνματκ
1294 2332 1482 2378 appellant,
1508 2331 1614 2379 sequi,
1641 2343 1675 2368 et
1697 2346 1783 2381 qua-

1110 2380 1157 2414 les
1215 2379 1328 2422 vitari,
1380 2390 1575 2427 oporteret:
1630 2394 1783 2429 quorum

1111 2438 1300 2476 utrumque
1317 2429 1462 2473 pertinet
1480 2429 1523 2464 ad
1549 2431 1781 2467 confirmatio-

1111 2489 1189 2513 nem
1207 2487 1240 2513 et
1258 2476 1542 2516 confutationem.
1586 2480 1721 2517 Deinde
1739 2482 1783 2517 ad
