2335 3009
587 250 685 289 AD
745 245 1260 287 HERENNIUM
1321 247 1455 286 LIB.
1509 249 1565 288 ΙΙ.

381 358 446 394 pro
487 355 580 382 certo
627 345 782 387 sumitur,
825 344 922 391 quod
967 343 1055 378 inter

380 407 499 429 omnes
531 407 601 429 non
640 394 783 436 constat,
827 393 910 440 quia
951 393 1054 427 etiam

380 455 472 478 nunc
486 443 519 477 in
533 442 764 482 controversia
772 442 832 483 est,
845 442 909 476 hoc
924 442 1050 475 modo:

428 491 500 527 Eho
530 499 579 533 tu,
617 490 675 531 dii,
710 491 820 537 quibus
849 490 888 533 est
916 491 1053 535 potestas

478 548 575 574 motus
587 540 730 586 superiim
749 548 840 586 atque
857 539 1002 582 inferum.

427 588 542 623 Pacem
551 591 633 623 inter
644 592 676 631 se
695 588 870 630 conciliant,
886 587 1049 634 conferunt

477 637 676 672 concor-diarii.

377 685 470 720 Nam
488 685 534 720 ita
551 698 615 732 pro
638 685 698 720 suo
709 683 788 731 jure
806 685 870 719 hoc
888 684 1047 730 exemplo

377 734 477 769 usum
489 734 735 781 Cresphontem
749 733 884 768 Ennius
897 733 1046 774 induxit,

376 782 471 828 quasi
490 781 563 830 jam
582 782 657 817 satis
676 782 774 817 certis
793 781 982 816 rationibus
1003 782 1048 816 ita

375 831 440 865 effe
457 831 720 867 demonstrasset.
772 832 857 865 Item
885 830 1046 865 vitiosum

376 880 435 922 est,
450 881 547 927 quod
558 879 631 927 jam
650 879 745 927 quasi
764 878 834 913 sero
853 889 956 926 atque
970 879 1046 913 aeto

377 929 516 975 negotio
546 929 614 964 dici
646 929 793 969 videtur,
820 928 884 962 hoc
914 927 1043 962 modo:

376 979 415 1012 In
430 986 560 1012 mentem
578 978 697 1021 mihist
721 977 857 1024 veniffi’t,
886 976 1046 1021 ¹Quirites,

375 1037 434 1060 non
451 1027 659 1073 commififfim,
685 1033 723 1060 ut
739 1026 818 1060 hunc
834 1027 868 1059 in
883 1025 980 1059 locum
1000 1037 1046 1059 res

374 1076 523 1116 veniret;
550 1088 621 1109 nam
649 1076 714 1117 hoc,
740 1083 796 1108 aut
820 1074 877 1107 hoc
884 1074 1019 1121 feciffem
1034 1087 1045 1107 .-

365 1123 427 1167 sed
449 1135 494 1157 me
517 1124 584 1159 tunt
612 1125 677 1159 haec
700 1125 786 1157 ratio
802 1123 904 1168 fugit.
958 1124 1044 1156 Item

375 1171 538 1206 vitiosum
572 1173 631 1215 est,
675 1183 757 1206 cum
790 1171 836 1212 id,
879 1171 977 1218 quod
1011 1171 1044 1205 in

375 1230 494 1266 aperto
511 1221 638 1256 delicto
660 1220 811 1268 positum
837 1219 896 1262 est,
933 1230 1045 1254 tamen

374 1269 491 1316 aliqua
508 1269 574 1304 levi
593 1269 721 1317 tegitur
747 1267 952 1310 defenfione,
979 1268 1045 1302 hoc

373 1317 500 1352 modo:

422 1365 499 1401 Cum
517 1373 548 1401 te
564 1365 747 1412 expetebant
763 1376 876 1407 omnes,
885 1364 1046 1411 florentis-

460 1415 542 1458 fimo

421 1464 532 1510 Regno
559 1463 695 1511 reliqui:
723 1475 802 1498 nunc
828 1462 979 1508 desertum
1003 1462 1044 1497 ab

470 1513 618 1555 omnibus,

421 1562 543 1596 Summo
570 1561 689 1608 periclo
713 1560 784 1607 sola
819 1568 856 1596 ut
884 1561 1044 1606 restituam

465 1621 557 1657 paro.

419 1657 557 1694 XXVI.
585 1659 672 1694 Item
690 1657 853 1694 vitiosum
870 1657 928 1698 est,
944 1658 1042 1705 quod

371 1707 406 1742 in
439 1709 540 1743 aliam
575 1717 719 1755 partem,
753 1719 792 1742 ac
826 1707 960 1741 dictum
988 1708 1040 1749 fit,

370 1757 480 1804 potest
509 1757 629 1804 accipi.
682 1757 722 1791 Id
752 1756 799 1791 est
829 1755 1040 1802 hujusmodi,

370 1815 423 1848 ut,
450 1806 474 1840 fi
492 1805 570 1853 quis
599 1815 722 1853 potens
751 1816 790 1839 ac
819 1803 979 1839 factiosus
1006 1804 1041 1839 in

370 1854 535 1890 concione
551 1854 690 1897 dixerit,
713 1856 817 1890 Satius
833 1854 874 1897 est
892 1855 942 1887 uti
957 1855 1039 1899 regi·

370 1902 438 1945 bus,
463 1916 557 1950 quam
586 1903 676 1938 malis
704 1902 831 1949 legibus.
882 1903 978 1937 Nam
1006 1910 1041 1936 et

369 1950 436 1987 hoc
469 1953 599 1987 tametfi
644 1952 689 1987 rei
724 1950 908 1998 arguendae
943 1950 1041 1985 causa

368 2001 479 2047 potest
493 2002 558 2036 fine
570 2001 698 2036 malitia
711 2001 795 2042 dici,
807 2010 919 2034 tamen
933 2010 1039 2046 prop-

370 2058 421 2083 ter
436 2050 624 2097 potentiam
642 2049 728 2095 ejus,
755 2049 816 2096 qui
845 2048 942 2090 dicit,
969 2060 1039 2082 non

368 2096 496 2133 dicitur
513 2099 580 2133 sine
597 2099 703 2134 atroci
722 2097 918 2145 suspicione.
952 2097 1040 2132 Item

368 2146 529 2182 vitiosum
546 2147 606 2188 est,
632 2147 722 2182 falsis
750 2157 808 2182 aut
834 2145 1038 2193 vulgaribus

368 2195 628 2231 definitionibus
647 2197 708 2230 uti.
753 2195 861 2230 Falsae
879 2195 955 2230 sunt
973 2195 1036 2229 hu-

362 2242 526 2291 jusmodi,
554 2245 576 2279 si
596 2257 675 2292 quis
692 2245 783 2279 dicat
797 2243 955 2292 injuriam
972 2244 1038 2278 effe

368 2293 512 2342 nullam,
534 2293 593 2328 nisi
611 2305 692 2340 qizae
709 2305 751 2328 ex
770 2293 959 2341 pulsatione
977 2302 1037 2327 aut

368 2341 527 2376 convicio
559 2342 698 2376 constet.
745 2343 914 2388 Vulgares
945 2342 1034 2383 sunt,

368 2402 451 2437 quae
491 2389 714 2425 nihilominus
755 2390 788 2425 in
831 2391 930 2425 aliam
967 2401 1037 2424 rem

368 2439 540 2473 transferri
559 2439 719 2486 poss‘unt:
737 2449 776 2473 ut
794 2439 818 2473 si
836 2439 914 2486 quis
931 2438 1036 2480 dicat,

366 2487 620 2534 Quadruplator,
647 2495 682 2523 ut
702 2487 842 2523 bmviter
857 2487 1038 2534 describam,

1699 263 1772 304 Ι73

1105 343 1249 389 capitalis
1278 344 1325 388 est.
1371 345 1427 389 Est
1454 347 1532 379 enim
1563 346 1719 389 improbus
1749 354 1780 381 et

1099 393 1224 438 pestifer
1258 395 1346 427 civis.
1399 394 1492 428 Nam
1530 394 1638 429 nihilo
1668 393 1777 442 magis

1104 441 1397 488 quadruplatoris,
1424 454 1528 488 quam
1548 442 1645 483 furis,
1669 456 1776 491 quam

1104 489 1221 531 sicarii,
1249 500 1308 524 aut
1332 490 1530 536 proditoris,
1558 492 1673 527 attulit
1690 493 1773 527 defi-

1102 537 1277 573 nitionem.
1322 539 1408 572 ltern
1442 539 1604 574 vitiosum
1632 541 1679 575 est
1709 554 1774 588 pro

1099 597 1302 633 argumento
1319 586 1460 628 sumere,
1475 588 1570 634 quod
1591 589 1624 622 in
1642 589 1771 636 disqui-

1100 635 1217 670 sitione
1253 635 1403 682 positum
1435 635 1505 670 est:
1547 646 1598 677 ut,
1627 637 1662 680 fi
1689 641 1770 684 quis,

1097 695 1184 730 quem
1193 686 1282 729 furti
1299 693 1427 730 arguat,
1454 683 1550 726 dicat,
1568 697 1636 720 eum
1653 687 1704 733 effe
1716 687 1772 722 ho-

1097 736 1206 767 minem
1235 734 1419 779 improbum,
1457 745 1606 775 avarum,
1630 735 1772 780 fraudu-

1097 781 1213 815 lentum
1230 799 1239 823 ;
1267 784 1296 816 ei
1312 784 1358 816 rei
1385 781 1587 825 testimonium
1605 782 1666 829 effe,
1692 784 1779 831 quod*

1085 830 1152 872 fibi
1167 830 1301 874 furtum
1326 832 1449 871 fecerit.
1503 831 1589 866 Item
1607 833 1769 868 vitiosum

1096 878 1155 921 est,
1175 879 1439 914 controversiam
1458 881 1689 916 controverfia
1704 882 1769 917 dis-

1096 927 1235 969 solvere,
1263 928 1328 962 hoc
1356 928 1484 963 modo:
1514 929 1590 964 Ncn
1613 933 1768 973 convenit,

1097 976 1251 1021 Censores,
1265 978 1351 1020 istum
1368 977 1457 1011 vobis
1464 977 1653 1023 satisfacere
1668 991 1704 1013 ex
1721 992 1768 1022 eo,

1097 1025 1175 1070 quod
1189 1027 1248 1066 ait,
1267 1024 1303 1069 se
1319 1038 1377 1060 non
1388 1026 1517 1072 potuiſje
1532 1025 1638 1073 adeste,
1665 1030 1712 1063 ita
1733 1037 1769 1063 ut

1085 1074 1224 1118 juratus
1231 1074 1355 1119 suerat.
1399 1074 1496 1120 ,Qucd
1499 1075 1534 1118 st
1548 1076 1591 1110 ad
1605 1079 1769 1112 exercitum

1097 1134 1156 1155 non
1172 1122 1311 1168 vensset‚
1336 1123 1406 1157 idne
1423 1125 1546 1158 tribuno
1561 1124 1693 1159 militum
1719 1125 1768 1161 di-

1096 1178 1170 1204 ceret
1186 1172 1203 1204 ?
1232 1172 1315 1205 Hoc
1334 1171 1410 1205 ideo
1428 1171 1590 1207 vitiosum
1607 1174 1665 1214 est,
1685 1175 1768 1221 quia

1096 1231 1164 1253 non
1189 1220 1348 1267 expedita
1378 1230 1437 1254 aut
1448 1219 1604 1267 judicata
1623 1234 1684 1263 res,
1712 1222 1768 1258 sed

1097 1267 1261 1314 impedita
1285 1279 1319 1303 et
1344 1268 1378 1303 in
1406 1269 1505 1304 simili
1538 1272 1767 1307 controversia

1094 1316 1216 1362 posita,
1266 1317 1412 1364 exempli
1463 1318 1542 1352 loco
1585 1318 1767 1365 perfertur.

1093 1365 1180 1398 Item
1199 1364 1361 1399 vitiosum
1377 1365 1436 1407 est,
1456 1377 1536 1400 cum
1556 1366 1603 1408 id,
1630 1367 1672 1402 de
1693 1381 1767 1416 quo

1094 1412 1226 1447 summa
1243 1413 1472 1448 controversia
1488 1415 1548 1456 est,
1567 1427 1691 1462 parum
1707 1429 1765 1452 ex-

1094 1461 1243 1508 peditur,
1280 1471 1314 1496 et
1347 1462 1441 1508 quasi
1475 1464 1680 1500 transactum
1710 1467 1765 1510 sit,

1093 1510 1312 1557 relinquitur,
1341 1511 1405 1546 hoc
1424 1512 1551 1547 modo:

1145 1562 1256 1605 Aperte
1264 1559 1366 1605 fatur
1381 1560 1486 1601 dimo,
1501 1561 1538 1604 fi
1552 1562 1721 1609 intelligas.

1141 1608 1217 1642 Tali
1241 1610 1315 1643 auri
1331 1620 1434 1651 arma,
1460 1609 1562 1656 qualis
1590 1614 1643 1659 qui
1662 1611 1763 1658 gefflt,

1181 1657 1266 1704 fuit,

1139 1706 1250 1753 Jahn,
1258 1707 1358 1751 potiri
1358 1706 1392 1748 fi
1395 1707 1572 1751 studeamus
1587 1709 1739 1755 Pergamo
1749 1723 1761 1744 .·

1140 1755 1222 1800 ‚Quae
1254 1767 1306 1800 ego
1334 1755 1481 1800 profiteor
1511 1755 1562 1802 effe
1593 1769 1671 1800 mea,
1714 1769 1765 1795 me

1189 1816 1305 1850 aequum
1322 1804 1360 1848 est
1372 1804 1443 1845 frui

1138 1852 1303 1887 Fraternis
1319 1854 1430 1895 armis,
1456 1853 1585 1900 mihique
1599 1854 1762 1900 adjudica-

1188 1913 1264 1942 rrer,

1139 1949 1197 1984 Vel
1210 1949 1291 1996 quod
1302 1952 1505 1999 propinquus,
1531 1951 1586 1986 vel
1599 1952 1677 2000 quod
1690 1956 1760 1988 vit·-

1185 2000 1262 2033 tutis
1278 1999 1416 2034 aemulus.

1089 2047 1175 2082 Item
1204 2047 1366 2082 vitiosum
1394 2048 1453 2090 est,
1491 2048 1602 2096 ipsum
1632 2050 1693 2084 fibi
1724 2050 1758 2086 in

1088 2095 1147 2131 sua
1175 2096 1329 2131 oratione
1357 2097 1537 2137 diffentire,
1574 2108 1608 2132 et
1640 2110 1759 2134 contra

1087 2157 1138 2187 ea,
1165 2157 1246 2192 quae
1275 2156 1352 2180 ante
1381 2146 1517 2189 dixerit,
1543 2147 1665 2189 dicere,
1692 2149 1758 2183 hoc

1087 2194 1217 2229 modo:

1135 2244 1245 2290 ⁴Quare
1267 2243 1400 2289 accusem
1417 2243 1510 2285 hunc,
1536 2255 1645 2291 nequeo
1661 2254 1755 2291 expu-

1184 2292 1280 2326 tando
1296 2291 1450 2327 evolvere.

1134 2339 1223 2376 Nam
1228 2342 1264 2384 st
1277 2349 1418 2382 veretur,
1443 2339 1519 2387 quid
1532 2351 1598 2374 eum
1612 2341 1755 2389 accusem,

1185 2391 1237 2437 qui
1253 2390 1292 2431 est
1304 2389 1417 2434 probus
1430 2390 1455 2423 ,θ’

1137 2439 1191 2473 Sin
1218 2436 1454 2473 inverecundum
1477 2438 1578 2473 animi
1602 2439 1755 2486 ingenium

1178 2486 1312 2533 peffdet‚
