2335 3009
487 217 568 257 144
701 207 1102 247 LIBRORUM
1160 208 1680 250 INCERTORUM

485 303 776 349 desertiffimus,
808 313 847 342 et
876 303 1051 342 custodia
1084 303 1280 342 sacrorum
1313 318 1392 344 non
1420 305 1598 353 honoris,
1630 306 1694 346 sed
1728 307 1874 354 oneris,

485 369 787 408 existimabitur.

541 436 733 474 DoNAT.
759 435 846 473 Vita
866 432 1035 488 Terent]
1058 435 1266 474 Comoedia
1284 435 1337 474 est
1357 437 1528 477 imitatio
1547 440 1651 485 vitae,
1669 438 1874 492 speculum

480 500 796 546 consuetudinis,
826 500 957 552 imago
978 501 1165 539 veritatis.

540 565 757 618 FFSTus.]
790 567 1039 605 Ructaretur.

539 631 700 684 IDEM]
733 631 904 685 Tesqua.

538 697 774 750 Pomm]
807 699 961 736 Ferem.

539 763 680 801 H1ER.
700 772 753 816 ep.
772 763 983 816 L1v.st1per
995 761 1092 801 obitu
1107 763 1313 816 Paulina]
1337 763 1463 803 Caesar
1482 778 1575 804 cum
1597 765 1784 819 quosdam
1805 779 1873 806 or·

483 842 575 867 nare
600 829 742 874 voluit,
775 843 854 868 non
875 829 965 868 illos
987 827 1220 875 honestavit,
1251 829 1315 868 sed
1335 841 1563 870 ornamenta
1583 832 1663 885 ipsa
1684 833 1870 886 turpavit.

539 896 692 934 Lacr.
725 895 813 934 Lib.
840 909 913 934 111.
945 903 1025 947 cap.
1053 894 1139 947 16.]
1173 896 1294 934 Recte
1321 897 1484 936 Tullius
1506 898 1641 937 civiles
1663 900 1781 944 viros,
1804 899 1874 951 qui

482 973 608 1014 remp.
631 962 868 1013 gubernent,
899 961 967 1014 qui
990 961 1104 1001 urbes
1126 970 1193 999 aut
1212 974 1329 1000 novas
1350 962 1604 1008 constituant,
1635 973 1701 1002 aut
1726 963 1874 1002 consti-

482 1035 585 1064 tutas
607 1026 789 1078 aequitate
811 1035 1007 1070 tueantur,
1038 1026 1108 1077 qui
1128 1025 1291 1063 salutem
1311 1035 1350 1063 et
1370 1026 1593 1065 libertatem
1615 1028 1780 1073 civium,
1812 1028 1874 1067 vel

483 1091 597 1128 bonis
627 1090 798 1143 legibus,
829 1091 888 1128 vel
923 1090 1143 1128 salubribus
1174 1090 1362 1136 confinis,
1393 1091 1454 1129 vel
1478 1092 1642 1144 judiciis
1672 1093 1872 1145 gravibus,

480 1155 723 1201 conservent,
755 1154 1015 1208 philosophia:
1036 1155 1262 1194 doctoribus
1287 1156 1457 1210 praefert.

536 1220 622 1260 Lib.
645 1235 685 1259 v.
717 1229 798 1273 cap.
835 1220 918 1273 11.]
951 1221 1114 1260 Etenim
1143 1221 1170 1259 fi
1202 1235 1319 1260 nemo
1350 1223 1418 1268 est,
1455 1224 1551 1277 quin
1583 1225 1708 1263 emori
1743 1225 1871 1274 malit,

480 1299 601 1340 quam
622 1287 799 1324 converti
831 1287 872 1324 in
904 1286 1078 1339 aliquam
1108 1286 1275 1339 figuram
1309 1288 1452 1334 bestiae‚
1483 1291 1662 1341 quamvis
1696 1289 1872 1330 hominis

480 1363 656 1391 mentem
679 1353 724 1390 s1t
744 1351 980 1397 habiturus;
1018 1362 1167 1405 quanto
1187 1353 1240 1391 est
1262 1354 1455 1400 miserius,
1487 1357 1527 1393 in
1549 1355 1725 1395 hominis
1748 1357 1873 1410 figura

480 1419 614 1457 animo
635 1418 706 1457 effe
727 1418 886 1457 efferato
905 1419 918 1456 ?
951 1418 1060 1457 Mihi
1082 1419 1245 1472 quidem
1266 1429 1376 1459 tanto
1397 1421 1565 1468 videtur,
1596 1432 1746 1475 quanto
1771 1437 1871 1477 prae-

479 1484 655 1523 stabilior
675 1483 728 1522 est
748 1483 902 1522 animus
923 1497 1100 1538 corpore.

536 1549 625 1590 Lib.
650 1563 711 1588 v1.
743 1559 824 1603 cap.
847 1550 934 1603 24.]
959 1552 1043 1590 Lex
1064 1552 1141 1590 Dei
1162 1553 1358 1605 praeclara,
1380 1562 1418 1592 et
1439 1554 1596 1600 divina;
1620 1554 1771 1608 semper
1786 1569 1873 1608 quae

480 1618 595 1661 κᾶε,
612 1625 650 1654 et
672 1614 830 1653 honesta
843 1616 959 1668 jubet
974 1635 985 1661 3
1001 1625 1104 1655 vetat
1119 1629 1234 1670 prava
1249 1627 1287 1656 et
1303 1619 1444 1671 turpia,
1458 1619 1523 1657 cui
1544 1630 1745 1671 parentem
1761 1620 1872 1659 sanc-

480 1681 632 1720 tiffimae
653 1693 696 1718 ac
712 1680 928 1719 certiffimae
950 1681 1043 1734 legi,
1069 1681 1172 1734 juste
1192 1696 1235 1721 ac
1256 1683 1434 1736 legitime
1455 1684 1601 1723 neceffe
1621 1685 1674 1723 est
1693 1685 1836 1724 vivere.

535 1745 624 1785 Lib.
658 1760 742 1785 v11.
773 1755 854 1799 cap.
890 1745 951 1799 8.]
987 1748 1190 1799 Qoniam
1226 1758 1390 1802 utraque
1423 1763 1556 1788 earum
1592 1751 1872 1790 sententiarum

478 1813 718 1852 doetiffimos
739 1812 879 1851 habuit
899 1815 1072 1852 austores
1091 1833 1102 1859 ς
1126 1815 1322 1868 nec‚quid
1343 1816 1440 1854 certi
1461 1816 1522 1862 fit,
1543 1816 1708 1856 divinari
1729 1818 1869 1871 potest.

534 1878 623 1917 Lib.
648 1892 732 1917 vn.
763 1887 843 1931 cap.
871 1878 955 1931 11.]
997 1879 1115 1918 Nihil
1143 1879 1230 1926 effe,
1262 1881 1369 1934 quod
1397 1882 1442 1920 fit
1471 1883 1654 1922 manibus
1686 1883 1871 1923 humanis

478 1943 714 1989 laboratum,
755 1944 862 1997 quod
894 1958 973 1983 non
1006 1946 1218 1998 aliquando
1249 1947 1295 1984 ad
1327 1947 1535 1986 interitum
1566 1949 1778 2002 redigatur,
1809 1950 1870 1988 vel

479 2010 622 2063 injuria
639 2009 865 2054 hominum,
879 2010 937 2048 vel
961 2011 1041 2063 ipsa
1061 2011 1298 2050 confectrice
1319 2027 1448 2052 rerum
1465 2015 1646 2053 omnium
1669 2016 1869 2055 vetustate.

534 2075 759 2113 MARCEL.
783 2073 845 2112 lib.
870 2088 942 2113 xv.
964 2084 1045 2128 cap.
1067 2075 1128 2128 v.]
1167 2077 1219 2114 Et
1240 2090 1465 2131 quanquam
1486 2080 1770 2132 optatissimum
1801 2082 1870 2128 est,

478 2149 669 2194 perpetuo
690 2139 890 2179 fortunam
911 2154 1030 2193 quam
1052 2141 1360 2181 florentiffimam
1383 2158 1630 2197 permanere;
1657 2147 1722 2184 illa
1740 2157 1870 2186 tamen

478 2206 722 2260 aequabilitas
751 2207 840 2245 vitae
862 2220 941 2245 non
963 2217 1117 2246 tantum
1139 2207 1256 2247 habet
1280 2209 1445 2255 sensum,
1477 2221 1670 2263 quantum
1701 2227 1794 2252 cum
1820 2227 1869 2253 ex

479 2272 584 2310 saevis
601 2280 638 2310 ct
659 2271 822 2325 perditis
840 2272 954 2311 rebus
975 2273 1022 2311 ad
1039 2273 1243 2313 meliorem
1262 2275 1401 2314 statum
1420 2275 1576 2314 fortuna
1594 2289 1809 2317 revocatur.

534 2336 623 2376 Lib.
640 2351 734 2376 xlx.
750 2346 830 2391 cap.
849 2338 1105 2391 xudnfina]
1120 2340 1224 2379 Cum
1244 2355 1411 2393 parcere,
1424 2343 1482 2380 vel
1505 2343 1655 2389 laedcre,
1670 2344 1866 2397 potuisset,

479 2402 704 2455 ignoscendi
727 2417 902 2456 qua-rens
924 2404 1068 2450 causas,
1092 2418 1169 2443 non
1191 2408 1381 2459 puniendi
1403 2409 1646 2449 occasiones:
1676 2409 1782 2463 quod
1798 2411 1868 2464 ju—

475 2468 575 2507 dicis
598 2468 694 2507 lenti
716 2478 754 2507 et
774 2469 1003 2509 considerati
1023 2470 1076 2510 est
1098 2472 1318 2525 proprium.
