2241 2994
387 395 419 424 Ρ.

390 435 442 455 221

386 1315 444 1335 222

646 280 943 331 VARIAE

473 426 507 453 18
530 423 562 452 Id
579 423 608 452 G
623 423 661 452 Ae

470 474 508 494 20
529 463 584 492 fuit
600 464 625 491 A
641 463 668 491 d.

470 514 503 534 21
528 504 568 532 ite
582 511 706 531 mecum.
728 501 755 530 A
770 500 796 529 R
812 499 839 538 ψ
861 509 956 530 euntem
977 500 1051 530 illum
1072 501 1102 529 G

575 547 676 571 eundem
689 541 762 571 illum

469 593 508 621 24
529 583 581 611 fint
595 583 622 610 A
628 585 694 618 sunt

470 634 505 662 25
530 623 582 651 smt
593 624 619 651 A
635 622 665 651 G
681 620 779 658 defient

471 674 507 702 ²7
530 663 695 692 Tusculano
707 662 733 697 ψ
746 660 921 701 Tusculanum

469 714 504 742 33
527 703 630 732 notitia
646 704 671 732 A
682 705 773 731 notha

466 759 508 768 —
528 743 639 772 domini
653 741 680 778 ψ
694 744 804 771 dominae

467 794 506 823 34
525 783 661 822 Perspicit
675 782 701 810 R
711 783 834 821 perspicit
846 790 930 811 autem
941 780 967 818 ψ
977 780 1102 819 perspici·

573 832 618 852 fur
631 831 715 851 aldem

468 864 506 902 36
525 863 590 892 vifit
606 864 632 892 A
649 863 721 900 ursit
734 861 759 896 ψ
773 862 799 891 d.

464 919 507 927 —-
526 903 629 942 probat
642 903 668 937 ψ
677 901 808 940 probavit

468 954 505 982 37
526 944 601 972 clare
617 944 642 972 A
658 943 687 971 G
703 943 729 977 ψ
742 942 808 971 clam

467 986 504 1022 38
522 983 582 1021 jam
600 984 626 1012 A
641 983 669 1011 d.

464 1040 506 1047 —
525 1024 603 1052 exire
619 1024 645 1052 A
662 1021 757 1061 sztjam
770 1025 840 1051 exire

469 1074 506 1103 39
528 1065 607 1092 Itane
624 1065 649 1092 A
667 1064 787 1101 Itaneest

465 1114 506 1143 40
528 1104 643 1132 Salerno
658 1105 684 1132 A
699 1104 724 1139 ψ
738 1104 763 1132 F
763 1102 850 1132 alerno

465 1154 500 1182 4¹
525 1144 582 1172 huc
596 1144 622 1178 ψ
634 1145 677 1172 hic

465 1194 501 1222 43
524 1184 641 1213 domum
657 1185 684 1212 A
694 1186 723 1212 in
737 1185 833 1212 domum

463 1240 505 1248 -·-
525 1225 644 1262 conjicit
655 1226 681 1253 A
695 1223 725 1252 G
742 1225 767 1252 R
783 1225 888 1262 conjecit

465 1274 506 1302 44
525 1275 583 1303 <1⁰0
598 1265 623 1299 ψ
637 1276 690 1303 qua

486 1316 506 1343 4
526 1305 680 1344 angiporto
693 1304 720 1332 R
735 1302 762 1339 ψ
776 1305 916 1342 angiportu

488 1356 503 1385 5
526 1354 624 1374 contra
640 1346 668 1373 G
674 1347 707 1382 se
720 1353 809 1373 contra
824 1345 849 1379 ψ
855 1344 886 1380 se
900 1343 972 1373 ultra

486 1396 503 1423 7
527 1385 663 1414 Sannioni
678 1386 704 1413 A
719 1386 833 1413 Anniani

487 1429 504 1454 δ
524 1433 684 1461 cor-rogaret
694 1426 720 1459 ψ
734 1432 836 1463 rogaret

463 1474 499 1494 10
520 1473 667 1504 comparat
682 1465 712 1494 G
726 1472 855 1504 conpereat
869 1467 954 1495 omnia
964 1461 1100 1501 decempa-

573 1514 645 1534 raret

468 1555 501 1575 12
523 1545 710 1574 commodasse
725 1545 755 1574 G
770 1546 795 1574 R
811 1545 975 1583 accomodaffl

466 1595 500 1624 13
522 1586 629 1615 interea
645 1587 671 1614 A
685 1585 714 1614 G
729 1586 756 1614 R
771 1586 797 1621 ψ
810 1587 837 1615 d.

468 1635 504 1663 14
524 1626 574 1664 qui
590 1627 616 1661 «ᾧ
631 1629 695 1664 quia

467 1676 501 1704 ²3
525 1676 619 1695 annuo
634 1666 660 1702 ψ
674 1669 758 1695 animo

465 1717 503 1744 ²4
523 1706 687 1735 describunt
702 1707 726 1734 A
742 1705 919 1742 describumur

466 1756 501 1783 ²7
523 1746 740 1776 delcstationem
753 1748 780 1775 A
795 1746 950 1775 deleffionem

466 1796 504 1824 30
526 1794 557 1815 ut
572 1787 601 1816 G
617 1795 665 1815 aut

465 1836 500 1864 33
524 1827 649 1864 denique
665 1828 691 1855 A
708 1827 795 1855 deinde

465 1868 501 1904 38
523 1866 546 1894 is
561 1866 590 1894 G
605 1867 646 1894 his

464 1916 501 1944 43
525 1907 653 1945 quinque
668 1907 694 1935 A
709 1907 736 1936 d.

462 1962 503 1968 -
523 1947 669 1976 hominem
685 1947 711 1975 A
723 1947 748 1981 ψ
761 1946 870 1975 homines

463 1996 504 2023 44
525 1986 661 2026 Irrumpit
677 1988 701 2015 A
717 1990 815 2025 irrupit

462 2037 500 2065 45
524 2037 628 2066 magna
642 2026 668 2061 ψ
683 2032 798 2056 maxima

483 2078 499 2096 2
522 2068 591 2105 quin
608 2069 632 2096 R
649 2070 756 2106 quinon

461 2123 502 2131 -
523 2108 593 2136 fitA
610 2108 638 2136 G
656 2107 784 2147 Rdaesuit

483 2157 502 2185 4
522 2148 726 2177 obmutuerunt
739 2149 767 2176 G
782 2147 1001 2185 obn¹imuerunt(in
1010 2159 1095 2187 marg.

569 2191 588 2205 “
598 2188 771 2217 obmutuerunt
783 2189 820 2222 ’Ἴ

462 2243 503 2251 -
523 2228 601 2257 illius
616 2228 645 2256 G
661 2229 686 2256 d.

483 2278 498 2306 5
522 2269 626 2306 abjecit
645 2269 787 2307 Asubjecit
801 2268 829 2296 G
842 2268 867 2296 R
881 2269 905 2304 ψ
920 2270 1015 2307 adjecit

484 2319 502 2347 9
525 2309 668 2337 mansuete
685 2311 709 2337 A
724 2310 873 2346 manficctem

466 2358 501 2377 η
524 2349 598 2378 datis
613 2349 639 2383 ψ
653 2350 713 2377 date

461 2403 502 2411 —
523 2389 592 2417 meis
608 2389 632 2416 A
647 2390 674 2417 d.

466 2438 500 2467 13
524 2429 647 2457 definitis
662 2430 687 2463 ᾧ
700 2430 728 2457 de
739 2432 803 2458 mite

463 2478 498 2506 ¹4
519 2469 599 2497 istum
617 2471 642 2498 A
657 2470 682 2497 d.
707 2470 734 2498 G
749 2470 815 2499 hunc
829 2469 967 2508 &fadum
981 2471 1015 2507 est

460 2524 501 2532 —-
521 2510 645 2538 clamore
659 2510 685 2538 A
697 2521 728 2539 ex
741 2510 847 2538 clamore

466 2548 501 2579 16
520 2549 673 2590 pediseque
688 2552 715 2580 A
731 2550 758 2579 G
775 2551 800 2586 ψ
808 2551 954 2589 pedgffiqua

1156 431 1212 451 222

1152 1352 1208 1381 223

1037 279 1598 323 LECTIONES.

1239 423 1272 450 18
1295 421 1451 451 incolumes
1462 422 1495 451 ad
1506 421 1724 452 adolescentiam
1734 425 1875 463 perducas

1342 464 1368 490 A
1385 462 1413 490 G
1430 462 1457 497 ψ
1470 463 1645 501 incolumisfi:
1659 464 1824 501 adolestentia

1236 511 1269 529 21
1297 511 1351 530 non
1370 504 1394 530 A
1409 514 1468 532 num

1237 550 1272 577 ²3
1295 541 1386 570 satura
1402 551 1451 571 tuo
1467 540 1591 578 dafinam
1605 554 1654 572 meo

1237 590 1272 617 24
1295 582 1461 610 Metuebam
1475 583 1500 611 A
1511 583 1598 612 verba
1611 583 1749 614 metuebam

1235 629 1270 658 25
1294 621 1374 648 ess‘em
1393 623 1419 650 A
1433 623 1460 650 d.

1237 659 1274 688 26
1296 660 1325 688 in
1343 661 1368 688 A
1384 669 1412 689 tu
1427 665 1455 689 in

1235 709 1272 736 27
1295 700 1338 729 vis
1354 700 1403 729 ubi
1417 701 1495 739 qaejus
1508 701 1561 730 eibi

1233 755 1275 762 —
1295 741 1480 779 turpiffimum
1494 742 1522 770 G
1537 743 1702 780 turpiſjfmum
1715 744 1748 778 est

1234 790 1270 820 29
1291 781 1406 809 occidar
1420 782 1553 819 equidem
1573 784 1597 811 A
1613 783 1639 818 ψ
1655 786 1750 813 occides
1771 786 1870 823 quidem

1343 821 1371 849 G
1387 824 1490 850 occidar

1236 869 1273 897 30
1296 861 1334 890 At
1345 862 1370 896 ψ
1382 863 1429 889 Ait

1232 915 1276 923 -—
1295 902 1345 930 ille
1362 902 1386 929 A
1402 901 1431 929 G
1448 902 1472 929 R
1485 902 1510 937 ψ
1524 902 1551 932 d.

1236 951 1268 980 31
1294 942 1380 971 etiam
1395 941 1560 971 sententiose
1581 942 1706 982 loqueris
1725 944 1751 972 A
1767 945 1792 974 R
1804 947 1868 983 sm-

1341 985 1434 1011 nntias
1457 982 1578 1021 eloqueris
1600 984 1626 1018 ψ
1647 985 1795 1023 sententiose
1818 986 1868 1015 elo-

1337 1034 1422 1061 quel'ls

1236 1072 1271 1100 32
1296 1072 1388 1101 neque
1403 1063 1428 1091 ei
1446 1062 1474 1091 G
1490 1075 1533 1092 nec
1545 1066 1610 1093 enim

1236 1112 1275 1140 34
1295 1111 1324 1131 et
1339 1103 1365 1131 A
1380 1103 1407 1132 d.

1235 1152 1250 1180 3
1256 1152 1270 1181 5
1294 1152 1473 1173 commovere
1487 1144 1515 1173 G
1531 1155 1701 1174 commoveare

1234 1183 1272 1220 36
1291 1182 1387 1221 inquit
1402 1184 1429 1212 G
1446 1185 1473 1212 d.

1232 1237 1274 1244 —
1293 1224 1491 1261 examplexare
1507 1224 1535 1253 G
1552 1225 1576 1253 R
1591 1225 1616 1259 ψ
1631 1224 1777 1262 amplexare

1234 1265 1270 1300 38
1295 1264 1354 1292 Cur
1371 1265 1398 1292 A
1416 1264 1439 1292 R
1453 1266 1530 1303 ,Quid

1233 1313 1270 1340 42
1294 1313 1384 1333 morte
1397 1305 1506 1343 eripere
1521 1306 1548 1334 A
1563 1304 1590 1342 ψ
1603 1307 1705 1336 dirimet
1719 1314 1796 1337 morte

1256 1353 1266 1372 1
1291 1344 1356 1373 esset
1371 1345 1400 1373 G
1407 1347 1500 1383 fm'ffiw

1253 1394 1269 1413 2
1292 1385 1373 1414 datos
1390 1386 1416 1413 A
1430 1387 1520 1414 datum

1252 1434 1272 1462 4
1293 1425 1370 1464 quod
1386 1426 1413 1454 A
1429 1425 1458 1454 G
1475 1426 1500 1453 R
1515 1427 1620 1465 idquod

1252 1476 1266 1503 5
1289 1465 1434 1494 observare
1450 1466 1476 1494 A
1492 1465 1518 1501 ψ
1533 1467 1683 1502 conservare

1238 1514 1273 1534 10
1294 1505 1449 1535 sermonem
1464 1507 1493 1535 G
1508 1515 1602 1544 oportet
1613 1508 1748 1543 sermonem
1764 1507 1788 1535 R
1805 1508 1869 1544 scri

1339 1550 1524 1575 mocinationem
1535 1547 1628 1576 debetis
1641 1550 1715 1585 (sup.
1728 1548 1777 1576 lin.
1789 1550 1808 1564 “
1820 1546 1868 1576 vel

1338 1590 1462 1614 rationem
1469 1587 1476 1600 '
1481 1589 1487 1599 '
1491 1589 1508 1620 )

1236 1636 1245 1654 1
1258 1636 1265 1654 1
1292 1625 1491 1654 Conformatio
1506 1627 1531 1654 A
1547 1628 1715 1665 Confirmatio

1235 1676 1266 1704 ¹5
1291 1667 1422 1699 formata,
1445 1674 1472 1694 et
1487 1667 1510 1693 ei
1527 1667 1551 1694 R
1566 1667 1689 1705 xleforma
1703 1670 1727 1696 ei
1740 1675 1764 1696 et

1236 1707 1270 1734 16
1293 1714 1340 1734 aut
1354 1707 1379 1740 ψ
1393 1715 1421 1735 ue

1236 1756 1270 1784 19
1294 1756 1347 1774 non
1365 1746 1391 1774 G
1410 1748 1475 1775 mihi

1232 1797 1264 1815 21
1292 1786 1457 1820 certiffimis,
1485 1787 1638 1815 clariffimis
1662 1787 1690 1815 G
1719 1788 1865 1825 certiffimus

1335 1827 1485 1863 clariffi‘mus
1498 1827 1524 1861 ψ
1538 1829 1685 1864 certfflmat
1699 1827 1849 1865 clariffi’mus

1232 1876 1268 1904 ²7
1291 1867 1438 1904 patiemini
1456 1868 1481 1895 A
1498 1868 1526 1896 G
1542 1867 1569 1902 ψ
1581 1872 1702 1906 parinum·

1233 1917 1269 1944 29
1291 1908 1326 1935 L.
1342 1908 1367 1935 A
1381 1908 1409 1935 G
1426 1908 1450 1934 d.

1232 1957 1263 1985 3¹
1294 1958 1349 1976 non
1366 1949 1390 1975 A
1408 1947 1436 1976 G
1452 1960 1510 1977 num

1229 2003 1269 2009 —
1292 1996 1387 2016 utatur
1399 1987 1427 2016 G
1443 1998 1529 2017 utetur

1232 2037 1267 2065 32
1290 2038 1370 2066 reges
1382 2029 1450 2063 ejeci
1468 2030 1496 2057 G
1512 2040 1536 2056 co
1551 2040 1620 2067 regn
1633 2031 1704 2067 ejcm

1229 2070 1264 2105 38
1285 2077 1370 2106 atque
1393 2069 1531 2097 inanimas
1553 2071 1578 2098 Α
1595 2071 1623 2098 G
1641 2079 1715 2108 atque
1731 2073 1862 2098 inanima-

1334 2118 1376 2136 las
1392 2110 1414 2136 R
1430 2110 1454 2143 ψ
1467 2109 1492 2138 d.

1230 2158 1266 2187 39
1290 2156 1383 2176 tamen
1399 2148 1428 2176 G
1440 2149 1464 2176 d.

1228 2199 1267 2226 40
1289 2189 1529 2217 commiseratione
1547 2190 1571 2216 A
1593 2192 1620 2217 in
1641 2191 1862 2227 commiserationis

1337 2229 1363 2256 R
1377 2231 1594 2262 commaeseratiom'!
1792 2241 1793 2244 ¹

1227 2278 1261 2306 41
1289 2269 1466 2307 Significaxio
1481 2270 1505 2302 «ᾧ
1528 2269 1699 2307 Dt'gnficatio

1226 2325 1266 2331 —
1286 2310 1323 2337 est
1340 2311 1364 2336 A
1380 2309 1409 2337 G
1424 2311 1457 2347 est
1471 2320 1508 2337 res

1227 2359 1263 2387 43
1287 2348 1324 2377 est
1339 2349 1368 2377 G
1376 2350 1415 2386 sit

1227 2399 1267 2428 44
1287 2389 1518 2417 exuberationem
1535 2389 1560 2416 A
1575 2388 1602 2416 G
1621 2389 1646 2417 R
1662 2389 1687 2423 ψ
1700 2393 1859 2428 exuperalio-

1335 2441 1387 2457 nim

1251 2479 1261 2498 1
1287 2469 1517 2498 exuberationem
1534 2469 1559 2497 A
1577 2468 1605 2497 G
1621 2469 1646 2497 R
1661 2470 1686 2505 ψ
1699 2473 1859 2509 exuperatio·

1335 2520 1387 2537 nlm

1246 2552 1262 2579 8
1285 2549 1426 2587 accipitur
1441 2549 1470 2579 G
1485 2552 1614 2588 accipitur
1624 2559 1710 2580 tamen
