2241 2994
539 192 618 250 388

539 295 639 330 multa
655 305 718 329 non
731 292 888 339 defidero!
915 294 1031 330 Nudis
1049 293 1210 341 pedibus,

540 342 648 391 iisque
667 343 864 385 duriffimis,
889 341 960 378 fere
982 343 1112 390 semper
1128 352 1209 378 erat.

541 391 654 427 Hunc
672 391 802 426 fidibus
820 391 941 427 docuit
958 391 1127 427 seneftute
1142 389 1212 426 fere

541 439 741 475 eonfec‘kum
755 439 983 475 nobilissimus
996 440 1134 481 fidicen,
1147 439 1210 487 qui

541 488 688 524 Connus
705 488 878 524 vocitatus
893 489 952 524 est.
987 489 1137 524 Dicendi
1151 499 1210 523 ex—

539 536 775 572 ercitationem
787 537 987 584 exagitavit,
1007 547 1110 584 atque
1127 549 1209 572 con-

540 585 699 633 tempsit:
718 584 817 632 cujus
836 596 948 621 tamen
966 586 1146 626 samona,
1165 585 1209 619 ab

541 633 594 678 iis,
621 635 684 681 qui
702 634 801 670 illum
819 635 1014 677 audierunt,
1039 637 1138 677 (cum
1157 633 1208 680 ip-

541 682 573 718 se
594 684 726 719 nullam
754 683 886 719 literam
911 682 1112 730 reliquisset)
1132 693 1209 730 per·

539 730 682 779 scriptos
712 732 804 766 varie
833 731 1049 778 copioseque,
1085 730 1210 765 Cicero

539 780 587 815 ita
603 779 748 816 studiose
766 779 860 826 legit,
880 790 919 816 ut
936 792 1020 815 cum
1035 791 1076 815 eo
1089 778 1210 815 vixisse

539 828 601 864 fibi
627 828 735 864 videri
759 829 861 864 dicat.
906 829 995 865 Sunt
1022 828 1208 870 Socratica,

565 877 703 924 let-aque
718 877 888 913 mirabilia
900 877 1112 920 Stoicorum,
1125 889 1208 924 quae

537 890 718 961 garadoxa
736 926 975 968 nominantur3
995 925 1207 973 primusque,

540 986 559 1009 a
577 974 678 1010 rebus
695 975 842 1010 occultis
864 985 898 1011 et
925 975 970 1009 ab
995 975 1065 1021 ipsa
1087 983 1209 1009 natura

539 1023 718 1063 involutis,
752 1028 808 1069 (ut
840 1023 918 1059 sunt
952 1023 1099 1065 numeri,
1133 1034 1207 1058 mo-

539 1074 673 1118 tusque,
712 1081 746 1106 et
776 1072 866 1107 unde
895 1071 1012 1107 omnia
1040 1072 1207 1113 oriantur,

538 1132 654 1165 quove
674 1120 836 1163 recidant,
869 1121 1014 1156 siderum
1035 1119 1208 1168 magnitu-

538 1169 646 1210 dines,
674 1169 864 1209 intervalla,
881 1169 1012 1211 cursus,
1031 1181 1066 1204 et
1083 1169 1209 1204 cunfta

538 1217 707 1259 coelestia)
747 1217 780 1252 in
815 1218 947 1264 quibus
981 1230 1100 1254 omnes
1130 1228 1208 1254 ante

537 1276 618 1300 eum
643 1265 843 1313 Philosophi
866 1267 1027 1313 occupati
1051 1266 1206 1309 fuerunt,

538 1314 697 1349 avocavit
711 1315 983 1362 Philosophiam,
993 1327 1027 1350 et
1045 1316 1088 1350 ad
1099 1315 1207 1351 vitam

537 1375 759 1400 communem
778 1364 948 1406 adduxit·,
975 1375 1015 1400 ut
1034 1365 1078 1400 de
1099 1363 1207 1400 virtu·

538 1411 633 1446 tibus
650 1422 683 1447 et
701 1412 807 1454 vitiis,
823 1413 1037 1459 omninoque
1047 1414 1090 1448 de
1108 1413 1207 1448 bonis

538 1461 640 1495 rebus
657 1470 691 1496 et
715 1461 812 1496 malis
836 1472 1028 1508 quaereret3
1056 1462 1208 1496 coelestia

537 1519 654 1544 autem
669 1509 722 1544 vel
741 1511 863 1557 procul
881 1511 945 1545 esse
963 1523 982 1546 a
997 1511 1108 1546 nostra
1124 1523 1206 1558 cog-

539 1558 668 1593 nitione
701 1558 859 1599 censeret,
895 1559 963 1601 vel,
1003 1559 1028 1594 fi
1062 1561 1208 1594 maxime

537 1607 677 1654 cognita
690 1607 806 1649 effent,
831 1607 916 1642 nihil
935 1612 1047 1642 tamen
1061 1609 1103 1643 ad
1124 1608 1208 1643 bene

538 1654 729 1690 vivendum
762 1655 942 1698 conferre·,
980 1657 1028 1692 ob
1061 1668 1207 1704 eamque

538 1703 674 1739 causam
709 1715 790 1739 eum
824 1704 922 1740 aiunt
951 1705 1208 1752 Philosophiam

538 1751 582 1787 de
612 1753 706 1788 coelo
726 1753 914 1795 devocasse,
938 1763 974 1789 et
1000 1754 1034 1789 in
1061 1754 1208 1790 urbibus

539 1801 730 1844 collocasse,
756 1813 791 1836 et
816 1801 850 1836 in
876 1802 1002 1838 domus
1026 1803 1130 1838 etiam
1157 1803 1207 1838 in-

540 1850 737 1886 troduxiffe.
784 1851 822 1886 In
852 1851 1015 1886 omnibus
1046 1850 1116 1887 fere
1145 1851 1208 1887 ser-

543 1899 720 1941 monibus,
746 1899 808 1946 qui
827 1911 845 1933 a
865 1900 1020 1941 Platone,
1045 1910 1080 1936 et
1092 1902 1208 1936 Xeno·

542 1947 684 1999 phonte,
709 1958 744 1982 et
760 1947 921 1984 AEschine
938 1949 1114 1996 perscripti
1131 1949 1209 1986 sunt

541 1995 735 2043 diligenter,
772 1996 817 2031 ita
850 1997 1015 2044 disputat,
1050 2009 1090 2033 ut
1123 1998 1208 2034 nihil

543 2045 689 2080 affirmet
720 2044 798 2091 ipse,
825 2044 957 2081 refellat
986 2047 1092 2082 alios:
1124 2047 1208 2082 nihil

542 2093 573 2130 se
592 2094 672 2129 scire
688 2094 792 2135 dicat,
812 2094 869 2128 nisi
887 2095 919 2129 id
940 2095 1072 2141 ipsum;
1095 2107 1208 2143 eoque

485 2157 490 2166 ·
542 2143 702 2190 praestare
735 2143 868 2184 ceteris,
902 2145 998 2190 quod
1031 2144 1092 2184 illi,
1127 2157 1208 2192 quae

543 2191 703 2234 nesciant,
730 2191 810 2226 scire
839 2191 868 2226 se
893 2202 1038 2239 putent:
1072 2193 1151 2241 ipsc,
1179 2194 1209 2229 le

543 2240 628 2275 nihil
648 2240 740 2282 scire,
760 2240 791 2275 id
807 2252 916 2275 unum
931 2241 1030 2278 sciat:
1058 2244 1105 2277 ob
1117 2254 1208 2278 eam-

543 2301 611 2335 que
635 2289 768 2324 causam
795 2289 824 2324 se
847 2290 1001 2325 arbitrari
1026 2291 1070 2326 ab
1095 2291 1208 2339 Apol-

543 2337 610 2372 line
644 2338 802 2372 omnium
838 2338 1114 2385 sapientiffimum
1145 2341 1209 2376 elle

541 2387 687 2428 (hilum,
715 2387 810 2433 quod
840 2388 913 2422 lut-c
937 2388 1016 2423 esset
1039 2400 1106 2424 una
1123 2389 1207 2436 sapi·

540 2435 643 2478 entia,
671 2448 738 2470 non
759 2436 912 2472 arbitr-iri
932 2436 994 2473 sese
1012 2437 1092 2474 scire
1109 2439 1207 2489 quod

895 196 1000 238 DE
1069 192 1569 235 DOCTRINA

1259 293 1394 329 nesciat.
1438 293 1535 340 Qae
1568 302 1652 326 cum
1680 289 1809 326 diceret
1843 300 1928 325 con-

1260 342 1396 384 stanter,
1414 351 1449 377 et
1467 342 1501 376 in
1517 352 1557 376 ea
1573 339 1735 376 sententia
1751 349 1928 386 permane·

1260 401 1322 432 ret,
1346 390 1460 426 omnis
1478 388 1552 437 ejus
1571 388 1683 425 oratio
1704 398 1781 424 tum
1807 387 1842 423 in
1858 386 1929 422 vir-

1260 450 1335 475 tute
1360 439 1544 481 laudanda,
1567 448 1603 474 et
1626 437 1661 473 in
1683 437 1848 473 omnibus
1866 436 1928 471 ho·

1260 488 1414 523 minibus
1442 487 1484 522 ad
1510 486 1650 522 virtutis
1684 485 1838 521 studium
1868 496 1927 520 co-

1259 536 1436 572 hortandis
1471 534 1758 571 consumebatur:
1795 532 1928 581 perfec-

1259 595 1336 620 tum
1367 584 1430 619 fibi
1459 596 1549 631 opus
1573 584 1640 619 effe
1666 592 1772 625 ratus,
1798 583 1823 618 fi
1848 581 1929 630 quis

1259 633 1336 668 satis
1356 633 1437 668 esset
1463 632 1656 667 concitatus
1685 631 1745 667 sua
1767 631 1929 667 cohorta-

1259 682 1365 724 tione,
1407 681 1450 717 ad
1491 680 1646 716 studium
1679 679 1928 727 cognoscendae

1258 729 1561 778 percipiendaeque
1590 728 1754 765 virtutis:
1796 728 1928 776 quibus

1257 779 1350 815 enirn
1379 779 1415 814 id
1438 777 1633 827 persuasum
1659 777 1752 821 esset,
1779 786 1820 812 ut
1841 776 1929 812 nihil

1259 828 1401 863 mallent
1418 828 1449 863 se
1465 828 1542 869 effe,
1567 839 1676 875 quam
1694 826 1805 862 bo'nos
1822 825 1929 867 viros,

1258 876 1298 912 iis
1314 877 1481 924 reliquam
1494 875 1633 912 facilem
1643 875 1709 911 effe
1721 874 1926 911 doctrinam.

1258 925 1511 974 Sophistarum,
1537 925 1598 972 qui
1617 923 1860 971 arrogantibus
1879 923 1927 958 sa-

1258 986 1300 1009 ne
1321 973 1436 1010 verbis
1457 974 1580 1009 docere
1604 972 1637 1008 se
1661 971 1928 1020 profitebantur,

1256 1021 1506 1070 quemadmodum
1524 1021 1616 1067 causa
1644 1021 1777 1068 inferior
1783 1020 1858 1064 fieri
1870 1021 1928 1064 fic·

1253 1074 1363 1117 perior
1373 1070 1482 1117 poffet,
1504 1069 1684 1118 opiniones
1702 1069 1929 1117 percunQan-

1258 1121 1305 1156 do
1334 1130 1439 1167 atque
1463 1119 1719 1166 interrogando,
1745 1128 1783 1154 ut
1806 1129 1826 1154 e
1849 1118 1929 1154 Pla-

1258 1179 1338 1205 tone
1357 1168 1501 1215 intelligi
1515 1168 1638 1216 potest,
1651 1167 1772 1204 elicere
1784 1166 1928 1207 solebat,

1258 1229 1298 1254 ut
1315 1219 1357 1254 ad
1385 1230 1436 1259 ea,
1461 1229 1545 1265 quae
1572 1216 1594 1252 ii
1621 1216 1876 1264 respondissent,
1903 1216 1928 1252 [ι

1257 1267 1344 1314 quid
1369 1267 1556 1309 videretur,
1582 1265 1722 1308 diceret,
1747 1266 1791 1301 de
1815 1265 1929 1301 omni-

1259 1316 1324 1351 bus
1350 1315 1550 1363 disputans:
1577 1315 1659 1351 Hac
1682 1314 1775 1350 enim
1798 1314 1929 1350 ratione

1257 1374 1378 1400 contra
1394 1363 1532 1400 alterius
1554 1363 1756 1411 opinionem
1769 1363 1928 1399 differen-

1256 1413 1306 1454 di,
1333 1412 1510 1455 facillime,
1536 1414 1634 1460 quod
1650 1412 1863 1448 veriffirnum
1879 1411 1927 1447 es-

1258 1461 1316 1504 set,
1333 1461 1476 1497 inveniri
1495 1463 1589 1509 posse
1599 1460 1794 1508 judicabat.
1831 1462 1929 1497 Xan·

1258 1511 1380 1559 thippe
1407 1509 1480 1558 ejus
1506 1523 1596 1546 uxor
1618 1510 1805 1557 praedicare
1830 1509 1930 1546 solita

1257 1559 1317 1602 est,
1343 1560 1464 1595 eodem
1484 1560 1588 1595 vultu
1607 1559 1738 1607 semper
1759 1558 1791 1595 se
1808 1559 1928 1594 vidisse

1257 1619 1439 1644 exeuntem
1458 1608 1558 1643 illum
1572 1609 1691 1651 domo,
1705 1618 1741 1644 et
1757 1619 1927 1644 reverten-

1257 1667 1348 1693 tem:
1377 1669 1458 1692 cum
1484 1657 1577 1692 enirn
1603 1657 1741 1699 mentis,
1765 1669 1786 1692 a
1805 1669 1875 1705 qua
1898 1657 1926 1694 is

1257 1705 1414 1753 fingitur,
1443 1706 1538 1741 nulla
1558 1706 1651 1742 fieret
1668 1705 1828 1747 mutatio,
1854 1717 1928 1742 erat

1257 1766 1400 1802 quoque
1412 1757 1540 1803 semper
1551 1755 1640 1790 idem
1650 1755 1781 1796 vultus,
1789 1755 1925 1790 eadem-

1257 1815 1326 1850 que
1359 1803 1466 1839 frons.
1515 1804 1732 1845 lnduftione,
1769 1816 1852 1851 quae
1883 1816 1927 1840 ex

1258 1851 1418 1899 pluribus
1429 1852 1675 1888 collationibus
1684 1853 1840 1901 pervenit
1852 1865 1926 1900 quo

1257 1901 1348 1944 vult,
1375 1913 1528 1948 quaeque
1551 1902 1677 1937 Graece
1703 1909 1836 1946 {any-y>-
1864 1915 1926 1937 no·

1259 1949 1422 1993 minatur,
1450 1950 1642 1997 plurimum
1653 1950 1701 1986 est
1715 1951 1795 1986 usus
1809 1951 1842 1985 in
1862 1951 1925 1986 ser-

1259 1999 1433 2041 monibus,
1460 2009 1494 2034 et
1521 1998 1751 2035 societatibus.
1802 2000 1927 2035 Faceta

1257 2047 1360 2083 etiam
1378 2057 1412 2083 et
1427 2048 1573 2095 eleganti
1592 2048 1700 2084 ironia
1715 2049 1926 2085 diffimulan-

1259 2096 1375 2143 tiaque
1415 2097 1519 2144 longe
1551 2097 1715 2132 omnibus
1755 2098 1926 2145 praestitit.

1258 2145 1384 2181 Homo
1411 2146 1502 2181 enim
1532 2145 1674 2181 minime
1703 2146 1854 2194 ineptus,
1891 2158 1927 2183 et

1260 2194 1349 2230 idem
1371 2194 1473 2230 etiam
1495 2193 1638 2237 facetus,
1665 2207 1748 2231 cum
1773 2197 1817 2231 de
1842 2196 1926 2244 sapi.

1257 2243 1347 2278 entia
1376 2243 1617 2291 disputaretur,
1653 2244 1739 2280 hanc
1767 2245 1829 2280 fibi
1857 2245 1926 2293 ipse

1257 2292 1469 2333 detrahebat.
1508 2293 1555 2328 eis
1586 2293 1735 2329 tribuere
1765 2293 1926 2338 illudens,

1257 2341 1319 2388 qui
1336 2353 1411 2376 eam
1436 2341 1498 2377 fibi
1520 2353 1738 2389 arrogarent:
1768 2353 1807 2378 ut
1830 2343 1925 2397 apud

1259 2390 1439 2426 Platonem
1457 2392 1490 2425 in
1514 2391 1648 2426 coelum
1676 2390 1741 2427 fert
1763 2392 1924 2427 laudibus

1259 2440 1497 2488 Protagoram,
1515 2441 1703 2490 Hippiam,
1722 2441 1925 2484 Prodicum,
