2241 2994
735 226 1349 268 HISTORIA.

351 323 451 359 vium
469 322 632 359 nominat.
667 322 791 359 Deinde
814 329 921 369 aperte
949 321 1016 368 (in-

351 375 430 418 quit
447 372 613 414 Velleius)
631 372 763 406 Antonii
783 383 820 405 ac
845 370 1019 406 Dolabellae

352 420 512 466 Consulum
547 422 650 466 erupit
682 419 795 464 furor.
850 420 1021 465 Sestertiam

342 469 459 514 septies
474 467 595 510 millies,
621 467 786 513 depositum
803 479 823 501 α
843 467 880 502 C.
899 467 1021 513 Caesare

351 516 397 550 ad
410 516 503 559 aedem
521 517 610 562 Opis,
637 523 812 562 occupatum
838 516 878 559 est
894 516 935 550 ab
952 519 1019 552 An-

350 567 443 599 tonio.
496 564 594 599 Hinc
620 564 743 600 Cicero
761 566 794 599 in
813 564 902 599 Phil.
924 564 968 600 11.
988 575 1017 599 c-

353 616 409 660 38.
454 613 518 649 Ubi
533 613 574 656 est
583 614 698 660 sbpties
715 613 824 648 millies
831 613 1019 659 sestertidm‚

350 661 432 709 quod
456 664 490 696 in
515 662 645 704 tabulis,
669 675 736 710 quae
753 662 832 708 fient
860 662 904 696 ad
930 663 1019 708 Opis,

344 711 510 757 patebat?
536 711 753 746 Mentionem
782 709 930 756 ejusdem
961 721 1019 758 pe-

351 759 466 794 cuniae
483 758 565 793 facit
584 759 711 806 Philip.
735 759 758 794 I.
785 768 854 804 cap.
876 772 908 799 7.
927 767 956 793 et
977 760 1018 794 V.

351 821 386 850 4.
413 817 447 842 et
468 807 564 854 epist.
589 807 642 842 16.
672 808 713 853 [l.
739 808 812 853 ¹4]
841 807 900 842 lib.
919 808 1020 842 XlV.

351 855 394 890 ad
416 858 489 891 Att.
525 857 688 902 Rapinas,
714 856 839 903 inquit,
848 856 964 901 scribis
980 855 1024 890 ad

349 906 429 951 Opis
439 904 525 946 fieri.

402 953 545 1001 Qubus
587 955 623 988 in
653 953 745 988 villis
777 963 810 988 et
845 952 929 988 locis
963 954 1019 988 M.

351 1001 474 1037 Cicero
493 1004 637 1037 mensem
653 1002 810 1050 Aprilem
829 1013 863 1037 et
881 1002 1019 1037 Maium

351 1050 546 1086 rusticando
593 1050 742 1098 posuerit
791 1050 918 1096 epistolae
965 1051 1019 1086 lib.

349 1099 452 1134 XIV.
485 1098 530 1133 ad
553 1100 625 1134 Att.
662 1099 906 1140 demonstrant,
933 1110 1019 1146 quas

350 1147 418 1182 illis
437 1148 608 1183 mensibus
627 1147 766 1196 scripsit.
818 1148 902 1182 Hoc
932 1159 1020 1195 quo-

351 1208 420 1242 que
449 1209 489 1231 ex
520 1196 633 1231 iisdem
663 1206 697 1231 et
726 1208 768 1231 ex
796 1196 879 1243 epist.
910 1208 937 1231 1.
965 1197 1018 1231 lib.

349 1245 434 1280 XV.
480 1245 709 1292 cognoscitur,
762 1247 808 1280 A.
860 1244 1021 1279 Hirtium

351 1292 417 1328 cos.
437 1294 651 1340 designatum
676 1293 786 1328 mense
816 1294 916 1328 Maio
939 1305 1018 1328 curn

350 1343 518 1377 Cicerone
536 1342 569 1376 in
588 1342 778 1376 Puteolano
804 1340 913 1376 fuisse.
966 1342 1020 1377 lbi

351 1399 428 1425 turn
462 1390 649 1425 sermonem
682 1390 720 1425 de
746 1392 829 1426 Fato
862 1390 1020 1425 habitum

350 1437 449 1474 fuiffe
477 1439 544 1487 ipse
569 1439 667 1474 initio
697 1439 776 1475 libri
803 1438 838 1473 de
855 1439 941 1473 Fato
958 1438 1019 1474 tes-

349 1496 453 1523 tatur.

400 1537 456 1572 De
483 1537 623 1572 Timaeo
653 1536 819 1578 Platonis,
845 1535 906 1584 qui
935 1536 1022 1571 liber

350 1585 386 1620 de
426 1585 638 1628 Univerfimte
679 1585 885 1627 inscribitur,
927 1595 1021 1620 certo

350 1633 424 1669 sciri
474 1646 541 1669 non
586 1634 706 1681 potest,
750 1646 823 1681 quo
866 1644 1020 1680 tempore

350 1682 494 1735 scriptus
520 1682 647 1718 fuerit:
675 1695 781 1730 quare
812 1682 844 1717 in
875 1683 1020 1717 Corradi

350 1731 593 1778 remeetur-am,
620 1732 678 1766 cui
708 1731 795 1766 liber
813 1731 869 1765 ille
885 1742 1018 1777 tempo-

351 1780 446 1814 ribus
464 1779 551 1814 hisce
569 1780 706 1815 videtur
723 1780 922 1821 conversus,
950 1792 1017 1814 non

351 1828 480 1864 invitus
503 1829 692 1863 descendo:
720 1841 802 1862 cum
833 1827 1017 1875 praesertim

350 1878 491 1919 constet,
527 1877 742 1918 Ciceronem,
777 1877 837 1911 nist
865 1887 1017 1910 extremo

350 1926 415 1961 hoc
453 1936 618 1972 tempore,
657 1926 802 1961 Graecos
841 1924 1018 1972 scriptores

351 1986 418 2009 non
436 1975 578 2010 vertisse.
618 1975 707 2009 Vide
733 1974 944 2022 prooemium
963 1973 1016 2008 lib.

348 2024 375 2059 1.
393 2022 430 2058 de
446 2023 550 2058 finib.

399 2072 566 2106 Extremo
597 2071 707 2106 mense
742 2071 842 2105 Maio
874 2070 1017 2105 Tullius

350 2120 500 2154 Romam
543 2120 657 2154 versus
701 2118 928 2167 proficiscens,
978 2129 1017 2154 ut

350 2169 496 2202 Kalend.
514 2169 610 2213 Junii
630 2169 662 2203 in
681 2169 808 2210 senatu,
835 2168 920 2202 sicut
941 2169 1016 2202 An-

351 2217 465 2251 tonius
507 2217 668 2259 edixerat,
712 2218 846 2258 adeffet,
890 2217 1019 2264 scripsit

349 2265 521 2312 epistolae,
548 2277 629 2312 quae
660 2266 757 2301 initio
786 2266 840 2300 lib.
868 2266 950 2301 XV.
977 2265 1022 2299 ad

349 2316 450 2350 Attis.
493 2313 665 2360 leguntur.
715 2315 892 2356 Kalendis,
936 2326 1017 2348 cum

350 2362 527 2398 Antonius
566 2363 715 2397 Romam
754 2364 796 2404 se,
834 2363 1018 2410 peragratis

350 2422 588 2446 veteranorum
638 2411 802 2453 coloniis,
855 2411 1017 2458 stipatum

351 2460 451 2496 armis
500 2459 673 2503 retuliffet,
716 2459 881 2496 senatores
922 2470 1017 2495 metu

1657 245 1734 287 ³33

1068 322 1236 369 perterriti
1253 331 1390 371 repente
1406 321 1633 372 diffugerunt,
1655 325 1738 360 Phi·

1067 370 1122 416 lip.
1151 371 1194 405 11.
1222 381 1288 417 cap.
1316 381 1373 415 4²-
1401 383 1451 407 iv.
1482 374 1603 408 Nonas
1630 373 1739 421 igitur

1071 418 1194 453 Cicero
1212 419 1255 453 ab
1273 420 1358 454 urbe
1375 419 1500 463 abfuit,
1526 423 1607 467 epist.
1629 424 1660 457 8.
1680 422 1735 457 lib.

1070 467 1153 501 XV.
1170 466 1216 501 ad
1231 469 1303 502 Att.
1326 479 1385 502 nec
1403 469 1436 503 in
1456 470 1576 504 urbem
1596 469 1737 510 rediisse,

1070 514 1130 550 nisi
1160 515 1270 563 pridie
1297 515 1442 553 Kalend.
1474 519 1665 565 Septembr.
1685 519 1736 553 vi-

1069 564 1180 599 detur.

1120 614 1175 648 Eo
1193 622 1347 660 tempore
1372 613 1415 647 de
1443 613 1577 648 Officiis
1597 613 1739 651 scribere

1069 662 1240 708 aggressus
1258 661 1317 704 est,
1343 661 1428 708 epist.
1452 674 1506 707 13.
1527 662 1580 698 lib.
1599 664 1679 699 XV.
1697 664 1742 699 ad

1069 713 1143 746 Att.
1188 710 1242 745 sed
1277 710 1353 758 post
1395 710 1543 745 reditum
1579 722 1598 745 e
1637 712 1738 747 cursu

1070 758 1228 795 Achaico
1245 758 1401 794 absolvit.
1452 760 1535 794 Hoc
1554 771 1634 794 vero
1653 770 1737 795 tem-

1072 819 1167 854 pore,
1201 819 1281 842 cum
1314 807 1450 843 haberet
1473 806 1533 854 jus
1558 808 1741 854 legationis

1071 856 1202 898 liberae,
1228 867 1266 890 ea
1291 866 1404 891 mente
1425 856 1487 891 iter
1513 856 1546 891 in
1564 857 1737 893 Graeciam

1071 904 1234 951 ingressus
1269 904 1328 947 est,
1368 914 1409 939 ut
1449 906 1576 940 Rornae
1617 906 1742 941 adeffet

1070 953 1214 988 Kalend.
1234 953 1421 998 Januariis,
1446 953 1576 1001 quibus
1596 954 1738 990 Hirtius

1069 1011 1103 1035 et
1121 1001 1228 1036 Pansa
1252 1001 1468 1037 consulatum
1494 1014 1589 1038 erant
1606 1003 1737 1045 inituri,

1070 1050 1188 1096 Philip.
1225 1051 1250 1085 1.
1291 1061 1357 1097 cap.
1394 1061 1426 1086 2.
1464 1061 1498 1086 et
1527 1053 1561 1085 in
1594 1053 1740 1086 Cicerone

1070 1098 1286 1134 Plutarchus.
1314 1111 1365 1134 vr.
1386 1100 1509 1134 Nonas
1526 1100 1678 1145 Quintil.
1696 1112 1739 1135 ex

1072 1148 1231 1195 Arpinati
1253 1147 1399 1182 scribens
1418 1148 1553 1190 Attico,
1579 1149 1658 1195 epist.
1679 1150 1755 1185 26.-

1070 1196 1124 1230 lib.
1144 1197 1226 1231 XV.
1259 1196 1317 1238 ait,
1345 1196 1374 1231 se
1397 1196 1515 1231 itinera
1533 1197 1576 1231 sic
1594 1209 1738 1244 compo-

1072 1244 1178 1285 suisse,
1206 1253 1244 1279 ut
1270 1245 1384 1280 Nonis
1408 1245 1562 1280 Puteolis
1578 1247 1669 1287 esset,
1697 1246 1737 1281 si-

1069 1303 1129 1327 cut
1146 1293 1227 1336 fuit,
1253 1293 1334 1339 epist.
1360 1304 1388 1328 ι.
1416 1293 1470 1328 lib.
1488 1295 1588 1330 XVI.
1615 1296 1658 1329 ad
1673 1297 1737 1329 At-

1068 1343 1173 1376 ticum.
1226 1342 1318 1376 Cum
1346 1351 1459 1376 autem
1490 1343 1742 1387 Brundufium,

1070 1390 1202 1436 iterque
1220 1389 1318 1430 illud,
1333 1390 1430 1437 quod
1448 1390 1568 1425 tritum
1587 1391 1619 1426 in
1637 1393 1737 1426 Grae-

1070 1438 1158 1473 ciam
1191 1439 1250 1481 est,
1293 1439 1415 1474 Cicero
1449 1439 1583 1482 vitaret,
1622 1450 1661 1474 ut
1691 1441 1738 1475 ait

1070 1488 1191 1532 Philip.
1214 1489 1238 1522 1.
1266 1497 1333 1533 cap.
1356 1500 1386 1532 3.
1424 1488 1533 1522 Veliae
1557 1487 1625 1523 fuit
1649 1501 1736 1524 xiii.

1069 1537 1216 1572 Kalend.
1248 1536 1366 1571 Sextil.
1394 1537 1476 1581 epist.
1498 1548 1554 1571 20.
1581 1537 1634 1571 lib.
1656 1537 1736 1573 Vll.

1069 1585 1185 1620 Famil.
1211 1597 1362 1632 eumque
1386 1586 1476 1619 diem
1501 1585 1546 1620 ibi
1575 1585 1744 1628 constitit,

1069 1636 1148 1680 epist.
1180 1635 1212 1668 6.
1245 1634 1297 1668 lib.
1325 1634 1424 1668 XVI.
1463 1634 1506 1668 ad
1527 1636 1600 1669 Att.
1638 1635 1738 1669 Velia

1069 1682 1285 1730 proficiscens
1320 1682 1436 1725 ‘Topica
1464 1683 1508 1716 ad
1540 1683 1735 1724 Trebatium,

1069 1744 1149 1766 curn
1193 1731 1305 1765 secum
1340 1731 1444 1765 libros
1483 1743 1550 1765 non
1587 1732 1736 1773 haberet,

1069 1780 1233 1814 memoria
1261 1779 1414 1826 repetita,
1442 1780 1473 1813 in
1505 1780 1573 1826 ipsa
1596 1781 1737 1827 naviga·

1069 1829 1161 1863 tione
1195 1828 1404 1874 conscripsit,
1443 1837 1476 1862 et
1519 1829 1653 1875 Rhegio
1696 1828 1736 1863 li-

1070 1877 1170 1911 brum
1189 1877 1232 1910 ad
1261 1877 1466 1911 Trebatium
1485 1877 1573 1912 misit
1602 1891 1635 1912 v.
1665 1878 1743 1911 Ka·

1069 1926 1159 1960 lend.
1191 1925 1310 1960 Sextil.
1349 1925 1433 1970 epist.
1476 1937 1527 1971 ¹9·
1567 1926 1622 1961 lib.
1654 1926 1733 1961 VII.

1067 1975 1179 2010 famil.
1206 1984 1239 2008 et
1256 1977 1288 2008 in
1300 1977 1444 2019 prooemio
1459 1977 1489 2008 T
1487 1977 1647 2020 epicorum.

1117 2023 1258 2057 Miserat
1274 2023 1374 2056 etiarn
1394 2023 1499 2069 paulo
1517 2034 1592 2057 ante
1609 2023 1651 2058 ad
1670 2024 1736 2058 At-

1067 2071 1176 2106 ticurn
1195 2071 1282 2106 duos
1302 2071 1407 2105 libros
1434 2071 1476 2105 de
1494 2072 1626 2111 Gloria,
1652 2073 1735 2117 epist.

1069 2122 1126 2155 28.
1168 2120 1206 2166 [l.
1238 2122 1314 2165 27.]
1349 2120 1402 2154 lib.
1433 2121 1511 2155 XV.
1548 2132 1581 2154 et
1609 2121 1640 2155 6.
1679 2121 1732 2155 lib.

1067 2169 1168 2203 XVI.
1207 2168 1252 2202 ad
1283 2169 1357 2203 Au.
1412 2169 1574 2203 Meminit
1611 2169 1735 2203 horum

1068 2218 1237 2252 librorum
1258 2217 1324 2264 ipse
1341 2216 1395 2250 lib.
1417 2217 1459 2250 ll.
1481 2217 1518 2250 de
1535 2216 1650 2261 Officiis
1666 2227 1732 2263 cap.

1069 2279 1102 2314 9.
1121 2276 1154 2301 et
1173 2266 1308 2300 Gellius
1325 2265 1378 2298 lib.
1399 2265 1478 2298 XV.
1499 2275 1561 2309 cap.
1584 2266 1616 2299 6.
1645 2266 1733 2299 Scri-

1068 2316 1120 2349 bit
1146 2315 1180 2349 in
1208 2314 1358 2361 epistolis
1385 2313 1582 2347 Franciscus
1602 2313 1732 2348 Petrar-

1068 2364 1144 2406 cha,
1183 2363 1213 2397 se
1243 2363 1304 2396 hos
1334 2361 1439 2395 libros
1471 2362 1632 2404 habuisse,
1671 2363 1733 2410 qui

1061 2411 1135 2460 jam
1155 2411 1322 2457 nusquam
1340 2421 1513 2457 apparent.

1117 2460 1240 2496 Cicero
1256 2459 1377 2495 deinde
1403 2459 1438 2494 in
1461 2459 1612 2494 Siciliam
1630 2458 1734 2496 trans-
