2335 3009
518 193 591 232 116
947 195 1470 235 POEMATUM

514 294 651 346 Nempe
669 294 794 333 Helice
813 302 981 333 extremae
999 293 1245 333 circumdatur
1261 294 1402 346 agmine
1419 294 1557 342 cauda,

515 360 600 410 Qa
605 360 724 411 spirae
728 360 834 410 finus
853 359 910 410 est,
941 368 1050 413 caput
1066 360 1111 412 est
1132 359 1362 412 Cynosuridos
1381 360 1438 399 Ur
1453 376 1484 399 ce
1495 377 1510 400 .-

516 425 608 474 Qae
627 434 744 462 tamen
764 425 868 478 qsque
879 425 982 478 pedes
991 425 1128 477 summo
1147 425 1244 463 illum
1263 439 1287 462 a
1310 425 1446 464 vertice
1466 427 1601 480 tangit.

516 489 742 541 Retrogrado
760 490 818 529 hic
837 490 967 529 iterum
986 490 1090 542 cursu
1110 490 1338 529 convertitur
1356 492 1500 543 anguis.

518 553 629 591 Huic
651 568 728 592 non
753 569 827 593 una
847 556 966 593 modo
986 566 1104 608 caput
1124 569 1264 593 ornans
1284 555 1394 594 stella
1413 557 1576 602 relucet,

517 620 665 658 Verum
687 630 862 673 tempora
883 621 970 659 sunt
991 621 1144 674 duplici
1163 621 1319 673 fulgore
1339 631 1484 668 notata,

517 685 551 722 E
574 685 830 738 trucibusque
849 686 976 724 oculis
997 686 1076 724 duo
1096 685 1244 724 fervida
1263 686 1417 725 lumina
1435 687 1614 741 flagrant,

516 751 651 802 Atque
673 765 752 789 uno
772 761 952 790 mentum
974 752 1139 790 radianti
1159 752 1279 791 fidere
1302 752 1437 793 lucet:

518 815 731 869 Obstipum
753 826 885 869 caput,
915 826 954 855 et
976 817 1087 856 tereti
1107 818 1258 856 cervice
1277 817 1483 864 reflexum,

517 881 721 920 Obtutum
743 883 782 920 in
804 882 967 921 caudam
985 884 1146 937 majoris
1165 883 1285 936 figere
1304 884 1425 924 dicas.

518 948 687 1000 Oppqfita
705 957 873 987 extremae
890 949 1019 1002 capitis
1024 951 1120 1003 sum
1137 949 1286 989 dextera
1304 950 1442 990 caudae.

516 1013 608 1051 Hoc
629 1023 747 1067 caput
767 1013 834 1052 hic
853 1015 1018 1067 paulum
1038 1014 1114 1053 sese
1134 1015 1343 1068 subitoque
1362 1016 1557 1062 recondit,

516 1077 640 1115 Ortus
662 1078 731 1116 ubi
752 1088 868 1131 atque
888 1079 1022 1118 obitus
1043 1089 1193 1131 partem
1214 1080 1478 1119 admiscentur
1496 1082 1538 1119 in
1558 1093 1695 1121 unam.

513 1142 634 1193 Qod
655 1151 817 1195 tangens
838 1143 977 1182 defeffa
996 1145 1105 1182 velut
1124 1146 1328 1184 moerentis
1349 1146 1482 1200 imago

513 1207 693 1246 Vertitur
709 1227 720 1253 ς
752 1208 846 1247 hanc
864 1223 959 1247 nemo
979 1218 1074 1248 certo
1093 1209 1164 1248 tibi
1178 1209 1292 1250 dicere
1302 1210 1421 1264 pfft,

510 1274 596 1312 Aut
615 1273 786 1326 quisnam,
817 1274 943 1326 quasit
947 1273 1076 1327 fiffus,
1105 1275 1206 1313 labor
1221 1291 1236 1315 .·
1265 1285 1427 1316 attamen
1447 1277 1544 1316 illam

511 1338 736 1390 Engonafin
757 1339 946 1384 vocitant,
977 1339 1144 1391 genibus
1164 1341 1273 1393 quod
1293 1342 1386 1381 nixa
1403 1341 1566 1383 feratur,

510 1403 582 1443 Illa
594 1403 691 1456 petit
710 1403 801 1442 binis
818 1404 980 1443 manibus
996 1405 1141 1459 divetsst
1157 1406 1324 1452 locorum,

509 1470 636 1522 Atque
653 1468 813 1508 humeros
817 1470 957 1523 stepera
975 1471 1078 1522 tetfis
1094 1470 1314 1524 dzspenditur
1334 1472 1442 1520 ulnis,

512 1535 568 1573 Et
572 1535 689 1588 super
706 1549 771 1574 ora
789 1535 889 1574 cavis
893 1536 1085 1589 spirantia
1103 1536 1251 1576 naribus
1269 1538 1384 1591 ignem

511 1601 694 1653 Serpentis
709 1600 943 1654 dextraefigis
963 1602 1110 1655 vesttgia
1120 1604 1276 1656 plantae.

513 1666 596 1704 Hic
617 1667 685 1705 illa
705 1667 852 1705 eximio
872 1668 994 1720 pofita
1013 1668 1067 1706 est
1085 1668 1242 1722 fulgore
1261 1683 1406 1709 corona
1422 1686 1432 1710 :

512 1733 625 1770 Hanc
643 1731 883 1771 Ariadnaeum
902 1733 1069 1772 Bacchus
1088 1734 1236 1786 testatus
1253 1749 1406 1775 amorem

511 1798 645 1836 Intulit
663 1798 700 1836 in
720 1797 857 1842 caelum,
888 1812 959 1851 qua
978 1799 1077 1837 Nixi
1091 1808 1198 1852 terga
1199 1800 1405 1853 fhtifimnt.

512 1865 641 1915 Juxta
659 1863 818 1901 humeros
822 1864 968 1916 strtum
985 1864 1030 1916 est
1043 1879 1058 1902 :
1088 1875 1249 1918 propter
1269 1876 1388 1919 caput
1408 1867 1717 1920 Anguitenentis

512 1929 646 1980 Qem
666 1928 772 1966 claro
794 1927 1003 1980 perhibent
1024 1929 1260 1982 Ophiucum
1286 1933 1447 1971 nomine
1469 1933 1598 1979 Graii,

512 1995 577 2048 Fst
599 2004 707 2048 caput
728 1994 835 2039 illius,
848 1997 1056 2048 stemmoque
1072 2010 1117 2034 ex
1131 1997 1268 2036 vertice
1286 1998 1386 2037 Nixi

510 2061 692 2113 Perfacile
708 2060 858 2099 alterius
875 2060 1064 2100 candentia
1066 2061 1193 2112 fidem
1211 2064 1334 2116 nost-es.

512 2127 624 2166 Huic
645 2126 779 2180 supera
797 2125 975 2179 duplices
996 2126 1181 2166 humeros
1201 2129 1316 2167 affixa
1335 2129 1490 2169 videtur

510 2192 645 2237 Stella,
677 2192 826 2230 micans
848 2191 916 2229 tali
936 2191 1076 2244 specie,
1108 2193 1255 2245 talique
1277 2194 1418 2241 nitore,

512 2259 548 2297 F
550 2259 667 2310 algeat
687 2266 742 2301 ut,
767 2257 870 2309 pleno
888 2271 966 2296 cum
985 2257 1114 2296 lumine
1132 2259 1244 2297 Luna
1262 2259 1413 2312 ''ff'‘ffl‘·

512 2324 597 2361 Non
611 2332 685 2375 par
701 2323 744 2375 1st
759 2322 908 2375 geminis
927 2322 1086 2362 manibus
1107 2324 1227 2376 vigor,
1257 2334 1291 2362 ct
1310 2325 1391 2364 licet
1410 2325 1477 2365 dlis

511 2390 590 2428 Nec
610 2389 724 2427 nullus
729 2387 912 2441 splendor,
942 2389 1065 2439 necstt
1079 2390 1289 2442 parvgffi'ma
1308 2392 1421 2437 moles,

512 2456 688 2494 Attamen
709 2454 753 2507 ‹st
774 2455 888 2493 tenuis
909 2453 1055 2509 dg'spcrfh
1073 2455 1201 2495 lumine
1203 2456 1350 2509 degor.

1855 504 1904 546 55

1852 819 1907 858 60

1846 1486 1903 1529 70

1847 1817 1900 1858 75
