2241 2994
582 245 1427 286 PHILOSOPHORUM.

314 350 396 374 cum
410 339 560 387 graviter
573 340 635 375 filii
649 349 794 375 mortem
809 349 980 381 moereret,

313 389 460 424 veniffe
453 401 487 423 in
505 388 798 434 Psycomantium,
820 401 979 436 quaeren-

313 446 383 471 tem
401 449 482 483 quae
506 435 620 472 fuisset
648 446 753 472 tantae
779 437 981 472 calamitatis

313 485 435 520 causa:
464 485 545 520 huic
571 485 606 519 in
625 485 758 520 tabellis
775 495 842 521 tres
866 484 981 532 hujus·

313 533 408 568 modi
427 533 613 569 verficulos
630 534 750 570 datos:

361 631 490 676 Ignaris
513 630 650 666 homines
673 633 707 666 in
730 633 804 666 vita
829 631 982 666 mentibus

411 686 520 714 errant
535 693 546 713 :

360 728 542 774 Euthynous
552 730 690 774 potitur,
707 728 857 774 fatorum
874 739 980 763 mune-

409 788 457 819 re,
482 776 573 812 letho.

360 826 412 859 Sic
432 825 503 870 fuit
528 825 637 861 utilius
656 824 751 869 finiri
773 825 831 872 ¹Ps
829 836 898 874 que
937 826 980 860 ti-

409 873 509 922 bique.

361 970 507 1006 Nullam
539 971 632 1019 poffe
659 973 724 1007 effe
758 971 980 1007 indolentiam

311 1021 443 1054 tenuit:
465 1033 545 1056 nam
562 1020 649 1056 istud
670 1021 754 1056 nihil
771 1021 897 1062 dolere,
918 1021 980 1055 im-

312 1068 485 1105 manitatis
497 1069 561 1104 effe
580 1069 612 1104 in
631 1070 758 1110 animo,
785 1069 933 1117 stuporis
948 1069 981 1104 in

311 1127 467 1164 corpore.
506 1118 594 1164 Yusc.
615 1119 680 1154 111.
703 1119 736 1153 6.

412 1263 880 1300 CHRYSIPPUS.

411 1360 451 1394 H
464 1361 569 1396 RYS
586 1362 598 1396 1
613 1362 642 1396 P
656 1361 684 1396 P
700 1362 785 1403 US,
823 1361 981 1403 Solensis,

366 1422 396 1452 A
431 1410 606 1445 Cleanthis
638 1410 838 1463 diicipulus,
877 1410 983 1444 homo

310 1456 379 1492 fuit
405 1458 592 1493 accerrimo
618 1459 768 1506 ingenio,
794 1458 856 1505 qui
879 1458 980 1493 fulci-

311 1518 347 1541 re
365 1507 537 1553 porticum
561 1509 756 1543 Stoicorum
779 1508 892 1542 dietus
918 1507 978 1549 est,

312 1554 346 1590 in
364 1555 495 1602 quibus
507 1557 552 1590 ab
563 1568 605 1591 eo
619 1557 701 1591 nihil
718 1555 979 1603 praetermissum

312 1603 512 1650 putabatur.
555 1605 676 1640 Notus
692 1605 782 1640 enim
804 1604 861 1640 ille
879 1604 978 1640 versi-

313 1652 435 1688 culus:

413 1755 444 1786 Ei
461 1756 496 1795 μὶ
515 1755 569 1797 γὶς
593 1753 620 1788 -51
638 1752 805 1798 Χρέως-ος,
831 1757 877 1786 eux
899 1749 929 1787 :w
952 1753 980 1788 ῖῖν

498 1804 507 1816 Ι

458 1817 521 1838 §⁸0OE-

359 1896 491 1932 Contra
520 1895 750 1931 Academicos
782 1905 817 1931 et
845 1896 978 1931 Aristo-

310 1956 388 1980 nem
406 1945 448 1980 de
466 1945 600 1980 summo
620 1945 712 1980 bono
728 1945 980 1992 diligentissime

310 1994 510 2041 disputavit.
557 1995 613 2028 De
636 2005 709 2040 quo
739 1994 886 2041 putabat
912 2004 979 2030 tres

310 2043 394 2078 solas
418 2043 482 2078 esse
511 2043 702 2085 sententias,
728 2055 810 2090 quae
840 2043 978 2078 defendi

310 2093 460 2137 poffint:
487 2102 547 2128 aut
571 2092 663 2127 enim
682 2091 891 2127 honestatem
915 2092 980 2128 effe

311 2140 414 2175 finem
441 2140 627 2183 bonorum,
658 2150 718 2175 aut
747 2141 977 2188 voluptatem,

311 2198 371 2224 aut
398 2199 598 2237 utrumque.
641 2190 737 2224 Nam
770 2201 833 2237 qui
863 2190 979 2225 dicant

311 2237 484 2272 summum
508 2239 641 2273 bonurn
667 2238 703 2273 id
725 2238 802 2281 effe,
827 2238 852 2273 fi
881 2250 978 2274 vace-

311 2297 389 2320 mus
402 2286 496 2321 omni
515 2287 679 2330 molestia,
695 2299 753 2322 eos
771 2287 978 2322 invidiosum

312 2346 437 2370 nomen
466 2335 658 2382 voluptatis
682 2334 822 2382 fugere,
856 2336 910 2371 sed
944 2337 978 2371 in

312 2383 488 2418 vicinitate
504 2384 646 2420 versari:
674 2385 771 2432 quod
790 2383 900 2420 facere
919 2397 978 2420 eos

309 2433 426 2476 etiam,
451 2431 514 2486 qui
531 2433 618 2468 illud
643 2433 733 2468 idem
756 2445 837 2468 cum
862 2433 976 2469 hones-

311 2492 379 2518 tate
413 2480 681 2529 conjungerent:
710 2493 771 2517 nec
791 2481 904 2518 multo
931 2482 974 2517 se

1621 261 1697 302 395

1032 352 1093 375 cus
1109 352 1180 383 eos,
1206 342 1266 388 qui
1289 342 1329 376 ad
1355 341 1561 376 honestatem
1586 341 1696 389 prima

1031 399 1163 424 natutae
1182 390 1366 424 commoda
1383 389 1616 437 adjungerent.
1643 392 1697 425 De

1030 438 1211 484 voluptate
1245 449 1359 473 autem
1394 450 1476 473 cum
1513 439 1696 479 honestate,

1032 497 1101 521 non
1131 497 1292 533 magnam
1320 498 1400 522 cum
1430 487 1547 522 ceteris
1576 487 1697 522 habuit

1031 534 1297 569 contentionem.
1313 534 1473 570 Multum
1484 548 1600 582 operae
1613 548 1696 570 con-

1030 582 1196 624 sumebat,
1232 583 1317 618 dum
1349 583 1478 617 morbis
1509 595 1698 631 corporum

1030 641 1287 678 compararetur
1310 631 1514 666 morborum
1535 632 1638 666 animi
1657 632 1697 666 si-

1031 679 1203 715 militudo.
1247 681 1411 726 Cumque
1428 680 1470 714 de
1491 680 1698 727 perturbati·

1030 729 1156 763 onibus
1186 728 1291 763 animi
1320 728 1510 776 disputans,
1536 740 1698 775 magnam

1030 787 1162 824 partem
1175 777 1208 812 in
1228 777 1266 812 iis
1282 777 1467 824 partiendis
1483 787 1518 811 et
1535 777 1698 812 definien-

1030 826 1084 861 dis
1100 827 1180 861 effet
1197 836 1412 873 occupatus;
1441 826 1510 867 illa,
1538 826 1623 860 sicut
1645 838 1698 860 ce-

1031 885 1182 909 terorum
1196 875 1407 916 Stoicorum,
1428 874 1611 921 perexigua
1624 886 1697 909 ora-

1031 923 1080 958 tio
1096 933 1180 965 erat,
1195 935 1265 970 qua
1279 923 1470 958 mederetur
1488 935 1624 966 animis,
1637 935 1698 958 nec

1029 983 1087 1006 eos
1099 972 1318 1006 turbulentos
1331 972 1394 1006 effe
1405 981 1588 1018 pateretur.
1617 974 1696 1006 Stu-

1031 1019 1121 1055 diose
1139 1020 1255 1055 omnia
1272 1021 1481 1067 conquisivit
1494 1030 1613 1055 contra
1631 1020 1700 1055 sen-

1032 1069 1086 1104 sus
1114 1080 1148 1104 et
1183 1069 1472 1117 perspicuitatem,
1510 1079 1699 1116 contraque

1029 1129 1168 1153 omnem
1192 1117 1485 1160 consuetudinem,
1511 1128 1700 1165 contraque

1032 1166 1209 1201 rationem.
1254 1167 1308 1201 De
1326 1178 1399 1213 quo
1421 1166 1519 1214 queri
1547 1166 1699 1202 solebant

1032 1215 1151 1257 Stoici,
1189 1215 1299 1262 ipsum
1335 1215 1396 1249 fibi
1428 1215 1697 1262 respondentem,

1032 1262 1224 1299 inferiorem
1244 1263 1354 1305 fuiss'e,
1380 1274 1414 1298 et
1432 1263 1510 1298 inde
1526 1274 1697 1299 armatum

1033 1313 1256 1347 Carneadem.
1300 1314 1429 1347 Totam
1449 1313 1491 1346 de
1514 1312 1699 1348 divinatio-

1034 1373 1075 1395 ne
1108 1362 1247 1396 duobus
1282 1361 1378 1395 libris
1410 1361 1598 1408 explicavit
1629 1362 1698 1396 sen-

1034 1410 1188 1451 tentiam,
1233 1422 1302 1444 uno
1333 1420 1497 1456 praeterea
1533 1410 1575 1444 de
1611 1409 1698 1445 som-

1036 1458 1112 1499 niis,
1143 1471 1211 1492 uno
1236 1460 1278 1492 de
1304 1459 1464 1498 oraculis,
1490 1470 1571 1504 qua:
1599 1458 1698 1493 innu-

1031 1507 1206 1541 merabilia
1233 1507 1387 1553 collegit,
1414 1519 1475 1542 nec
1504 1507 1617 1541 ullum
1643 1512 1700 1553 (ut

1028 1565 1100 1590 erat
1124 1555 1157 1589 in
1187 1557 1282 1590 omni
1308 1555 1444 1590 historia
1467 1554 1636 1597 curioius)
1659 1557 1698 1592 si-

1029 1616 1071 1639 ne
1091 1604 1264 1651 locuplete
1289 1604 1428 1639 au&ore
1463 1614 1567 1651 atque
1606 1604 1697 1640 teste.

1029 1652 1225 1687 Stoicorum
1239 1653 1340 1687 etiam
1358 1651 1569 1687 somniorum
1587 1652 1697 1688 vafer-

1030 1702 1137 1736 rimus
1156 1701 1320 1748 interpres
1339 1700 1419 1742 fuit,
1446 1711 1481 1736 et
1503 1701 1546 1736 de
1563 1701 1700 1737 Natura

1029 1751 1186 1785 Deorum
1218 1750 1324 1785 libros
1350 1749 1501 1797 scripsit:
1543 1762 1698 1797 quorum

1029 1808 1231 1845 argumenta
1248 1798 1337 1839 sunt,
1363 1797 1400 1832 de
1411 1798 1495 1834 Nat.
1508 1800 1605 1834 Deor.
1619 1799 1644 1834 I.
1664 1810 1699 1835 et

1029 1848 1075 1882 11.
1114 1847 1284 1882 Praeterea
1301 1846 1343 1882 de
1359 1847 1505 1894 legibus.
1544 1848 1600 1882 Ex
1618 1849 1697 1894 qui-

1032 1896 1097 1931 bus
1115 1905 1188 1931 tota
1199 1896 1242 1930 de
1260 1895 1333 1942 lege
1351 1895 1526 1931 Ciceronis
1548 1896 1697 1943 disputa.

1030 1944 1079 1979 tio
1096 1944 1233 1991 sumpta
1243 1944 1302 1986 est,
1322 1944 1451 1979 tametsi
1469 1944 1620 1980 Platonis
1638 1957 1696 1980 ex-

1028 1993 1147 2041 emplo
1163 1994 1206 2027 de
1226 1993 1381 2040 Legibus
1401 1993 1582 2028 disseritur.
1625 1994 1696 2034 De?

1028 2042 1135 2089 nique
1163 2042 1206 2077 de
1236 2041 1443 2082 Rhetorica·,
1477 2042 1533 2077 sed
1562 2043 1620 2085 sic,
1649 2043 1697 2078 ait

1028 2091 1164 2133 Cicero,
1183 2100 1223 2125 ut
1237 2090 1259 2125 si
1273 2091 1353 2137 quis
1364 2090 1597 2126 obmutescere
1613 2103 1694 2126 con-

1029 2139 1187 2187 cupierit,
1216 2139 1300 2174 nihil
1323 2139 1418 2174 aliud
1436 2139 1546 2186 legere
1561 2139 1693 2175 debeat.

1029 2189 1085 2224 De
1096 2188 1282 2223 dialecticis
1296 2188 1339 2222 ab
1352 2199 1393 2222 eo
1408 2188 1556 2223 maxime
1567 2187 1614 2222 est
1626 2188 1693 2223 ela-

1030 2237 1277 2273 boratum.1n
1291 2237 1420 2283 quibus
1438 2236 1600 2283 quaedam
1613 2248 1693 2284 pro-

1029 2286 1192 2334 ponebat,
1221 2296 1302 2332 quae
1327 2297 1368 2319 ne
1387 2284 1455 2331 ipse
1470 2284 1613 2331 quidem
1630 2297 1693 2332 po-

1029 2335 1096 2370 tuit
1125 2334 1324 2370 diffolvere:
1358 2333 1475 2387 Quale
1504 2333 1591 2367 illud
1619 2333 1693 2375 est·,

1029 2383 1065 2418 Si
1089 2383 1175 2418 dicis
1203 2392 1234 2417 te
1259 2382 1408 2423 mentiri,
1434 2393 1625 2427 verumque
1642 2382 1694 2417 cli-

1027 2433 1098 2474 cis·‚
1126 2430 1298 2466 mentiris:
1326 2430 1412 2465 dicis
1425 2440 1538 2465 autem
1553 2440 1585 2465 te
1599 2442 1692 2465 men-

1027 2480 1095 2523 titi,
1115 2491 1305 2525 verumque
1329 2478 1432 2514 dicis:
1461 2479 1612 2515 mentitis
1631 2479 1693 2526 igi-

1235 2527 1396 2562 Dddz
