2335 3009
754 209 1369 249 HISTORIA.

375 305 552 341 universus
577 303 745 340 exercitus
774 303 921 339 consulis
948 304 1041 351 ligna

375 355 419 389 ad
437 354 566 400 Syllam
584 353 776 388 transtulit:
805 353 934 400 Scipio,
959 365 1040 387 curn

375 402 522 437 interimi
541 402 659 448 posset,
685 401 839 435 dimissus
855 401 913 436 est.
946 401 1040 436 Haec

375 451 502 485 Livius
518 449 573 484 lib.
592 449 785 484 LXXXV.
828 450 950 496 Itaque
969 449 1040 484 Sci-

373 499 434 545 pio
451 498 614 532 fluffibus
632 497 734 544 Reip.
752 498 927 544 expulsus,
946 497 1039 536 Mas-

373 547 457 582 filiae
475 547 590 594 postea
608 546 641 580 in
657 546 761 581 exilio
778 546 876 581 vixit.
903 548 968 582 Cic.
980 557 1039 591 pro

374 596 488 637 Sextio,
514 605 582 640 cap.
604 606 635 640 3.
687 595 771 629 Hoc
789 607 879 629 anno
896 595 1038 649 Capito-

374 643 460 678 lium
487 643 660 678 incensum
685 643 765 685 fuit,
792 642 891 690 cujus
920 656 1037 678 menii-

374 691 426 726 nit
452 691 515 727 Cic
554 694 588 727 in
615 691 713 727 Catil.
744 692 811 726 ΙΙΙ.
837 701 906 737 cap.
940 706 974 735 4.
1006 702 1040 726 et

374 740 561 786 Dionylius
591 739 868 775 Halicarnasseus
891 740 944 774 lib.
975 740 1038 775 IV.

375 788 437 823 Tu
464 789 538 834 lege
563 788 791 824 Plutarchum
817 788 851 823 in
881 788 973 832 Sylla,
1011 796 1041 823 et

374 838 527 883 August.
553 847 618 884 cap.
641 850 699 881 24,
724 837 779 871 lib.
802 837 848 873 II.
877 837 914 871 de
939 839 1040 873 civit.

375 886 451 921 Dei.

375 1035 484 1074 Anno
505 1033 613 1074 Urbis
633 1035 728 1088 671.
772 1035 951 1074 Ciceronis
972 1047 993 1074 2
1000 1048 1037 1087 5.

517 1104 708 1143 Consules
739 1103 902 1145 fuerunt

490 1165 715 1204 PAP1R1th
757 1166 919 1204 CARBO
959 1166 1038 1206 111.

485 1226 535 1265 C.
567 1225 762 1264 MARms
795 1227 844 1265 C.
878 1227 927 1264 F.

376 1165 458 1203 CN.

422 1323 568 1359 Horum
605 1321 786 1359 consulum
825 1321 955 1359 mentio
992 1322 1041 1358 est

373 1372 469 1420 apud
505 1371 708 1408 Ciceronem
741 1379 851 1407 contra
894 1371 1039 1414 Rullum,

375 1422 536 1467 111.cap.
568 1432 601 1457 2.
653 1420 738 1455 Hoc
767 1432 869 1462 anno,
906 1431 989 1455 curn
1021 1432 1040 1454 a

375 1469 543 1505 Marianis
573 1468 656 1504 urbs
690 1469 880 1504 etiamnum
911 1478 1039 1504 tenere-

375 1528 446 1559 tur,
484 1519 529 1553 L.
562 1516 796 1565 Damasippus
832 1527 961 1565 praetor
996 1529 1040 1552 ex

375 1567 555 1602 voluntate
579 1567 621 1602 C.
642 1566 747 1601 Marii
773 1566 932 1608 consulis,
958 1578 1041 1602 cum

376 1615 541 1650 Senatum
590 1615 827 1658 contraxisset,
876 1627 1040 1659 omnem,

375 1675 459 1711 quae
478 1663 512 1699 in
529 1663 615 1699 urbe
630 1673 714 1706 erat,
737 1663 952 1699 nobilitatem
969 1675 1041 1699 tru-

375 1711 517 1748 cidavit.
570 1711 696 1747 Livius
737 1713 789 1748 lib.
829 1713 1041 1749 LXXXVI.

378 1761 485 1797 Tunc
521 1759 718 1796 interfectus
747 1759 817 1796 fuit
855 1761 896 1797 C.
926 1761 1044 1797 Carbo

377 1809 526 1846 consulis
568 1808 684 1852 frater,
727 1810 770 1845 de
808 1822 882 1857 quo
920 1810 1044 1845 Cicero

377 1859 461 1904 epist.
493 1870 550 1893 21.
588 1857 643 1894 lib.
673 1859 739 1894 lX.
775 1858 886 1894 Famil.
937 1859 1044 1893 Periit

377 1917 454 1942 tum
497 1919 640 1954 quoque
673 1908 712 1942 P.
751 1907 936 1950 Antistius,
975 1908 1041 1942 Cn.

378 1955 536 2004 Pompeii
562 1955 666 1998 socer,
693 1956 736 1990 de
765 1967 836 2002 quo
866 1956 989 1991 Cicero
1009 1958 1043 1991 in

378 2005 490 2046 Bruto,
503 2014 567 2051 cap.
587 2017 646 2051 90.
664 2014 698 2039 et
716 2005 940 2052 QScaevola
955 2016 1044 2052 pon-

379 2051 464 2088 tifex
494 2053 678 2096 maximus,
704 2065 809 2108 quem
834 2053 961 2088 Livius
987 2053 1043 2088 lib.

380 2080 748 2137 LXXXV1.sci·ibit
790 2102 824 2137 in
876 2102 1047 2138 vestibulo

381 2149 465 2184 aedis
491 2150 604 2185 Vestae
620 2151 770 2186 occisum
789 2150 1044 2188 fuiffe.l·1inc

381 2198 504 2234 Cicero
522 2199 583 2234 lib.
601 2199 664 2234 111.
683 2200 725 2234 de
742 2201 825 2235 Nat.
844 2201 949 2235 Deor.
968 2211 1044 2245 cap.

382 2257 440 2292 3²·
493 2249 720 2292 Temperantiae
733 2248 925 2296 prudentiaeq
928 2259 964 2282 ue
975 2248 1046 2293 spe-

379 2297 477 2330 cimen
493 2302 567 2329 ante
572 2295 607 2338 s
606 2297 775 2332 mulacrum
791 2299 884 2342 Vqstae
902 2297 1047 2343 pontifex

380 2355 466 2379 max.
480 2343 520 2387 est
532 2343 578 2396 Q
597 2344 732 2379 Scaevola
750 2345 938 2381 trucidatus.
967 2346 1046 2380 Me-

383 2391 483 2428 minit
511 2390 659 2438 ejusdem
690 2393 742 2428 lib.
781 2395 843 2429 111.
884 2393 922 2428 de
951 2395 1047 2428 Orat.

379 2451 447 2488 cap.
467 2452 500 2487 3.
554 2441 713 2476 Tandem
741 2441 848 2490 Sylla,
873 2441 949 2478 fuso
966 2443 1048 2478 Car-

464 2539 532 2577 To
545 2550 597 2577 M.
630 2538 704 2578 IX.

1681 227 1758 267 257

1093 304 1192 338 bonis
1226 305 1390 347 exercitu,
1431 306 1463 340 in
1495 306 1613 341 urbem
1649 308 1754 349 venit,

1090 364 1201 398 eoque
1218 363 1371 408 tempore
1398 353 1470 400 eius
1499 355 1655 390 immanis
1677 368 1754 390 cru-

1091 401 1210 435 delitas
1241 414 1273 436 in
1293 403 1383 436 cives
1400 403 1525 443 extitit
1551 404 1593 438 de
1611 416 1680 451 qua
1697 404 1755 438 Ci—

1091 461 1169 483 cero
1198 449 1250 483 lib
1282 451 1326 484 ll.
1356 450 1392 484 de
1410 452 1536 495 Officiis,
1564 462 1631 497 cap.
1660 456 1690 487 8
1720 463 1754 487 et

1089 498 1231 532 Orosius
1250 497 1301 532 lib.
1315 500 1357 531 V.
1385 510 1449 544 cap.
1474 511 1530 534 21.
1572 502 1668 535 Tum
1687 502 1753 536 Cn.

1091 546 1233 593 Pomp<
1227 559 1277 580 iu
1319 546 1352 580 in
1375 547 1526 582 Siciliam
1543 561 1623 583 cum
1646 549 1753 596 impe-

1090 607 1140 629 rio
1174 607 1193 628 a
1235 596 1362 629 Senatu
1400 596 1517 631 missus
1560 597 1754 632 Carbonem

1088 642 1261 678 consulem
1298 655 1440 691 captum
1476 644 1656 688 interfecit,
1696 647 1755 681 Li-

1089 693 1162 726 vius
1178 692 1231 727 lib.
1248 692 1461 728 LXXXIX.
1513 694 1555 728 P
1554 694 1706 729 utarchus
1722 696 1755 728 in

1089 741 1246 786 Pompeio,
1273 749 1303 775 et
1320 741 1388 775 alii.
1441 743 1496 776 De
1524 755 1597 789 quo
1620 742 1753 784 Cicero,

1091 789 1186 836 epist.
1212 800 1265 824 zi.
1281 790 1340 824 lib.
1360 790 1426 825 IX.
1455 791 1551 826 Fam.
1578 793 1648 826 Hoc
1663 803 1752 832 vero,

1091 840 1144 884 qui
1160 837 1291 883 Lilybaei
1311 851 1331 872 a
1359 840 1502 884 Pompeio
1529 841 1625 884 nostro
1651 842 1690 884 est
1705 843 1753 874 in-

1089 886 1249 931 terfefflus,
1274 887 1442 932 improbior
1461 900 1556 930 nemo,
1582 901 1643 924 meo
1661 889 1753 934 judi*-

1089 937 1146 976 cio,
1166 935 1246 981 fuit.
1298 937 1420 983 Atque
1438 936 1483 970 ira
1499 938 1684 984 Pompeius
1702 937 1754 971 Si-

1091 984 1205 1019 ciliam
1224 984 1342 1019 multis
1361 985 1515 1032 undique
1531 986 1677 1020 cinctam
1696 998 1753 1033 pe-

1092 1032 1221 1074 riculis,
1249 1045 1316 1067 non
1334 1043 1457 1068 terrore
1477 1034 1570 1076 belli,
1597 1034 1650 1069 sed
1669 1035 1755 1068 cele-

1091 1082 1189 1116 ritate
1205 1082 1348 1123 consilii,
1382 1082 1579 1129 explicavit.
1630 1085 1695 1118 Cic:
1723 1087 1754 1116 z'n

1089 1130 1292 1172 Maniliana,
1315 1140 1382 1176 cap.
1406 1143 1459 1166 ii.

1075 1208 1078 1210 .
1138 1178 1273 1214 Eodem
1311 1188 1465 1232 tempore
1511 1180 1556 1215 L.
1597 1180 1754 1216 Licinius

1090 1226 1253 1270 Murena,
1279 1237 1375 1275 pater
1387 1240 1472 1275 ejus,
1498 1241 1604 1276 quem
1632 1230 1755 1264 Cicero

1090 1275 1259 1318 defendit,
1284 1288 1303 1310 a
1330 1277 1424 1323 Sylla
1446 1289 1527 1312 cum
1553 1277 1689 1313 duabus
1708 1278 1753 1313 le-

1090 1323 1253 1370 gionibus
1283 1324 1317 1359 in
1343 1326 1426 1360 Asia
1447 1326 1596 1369 relictus,
1624 1326 1754 1362 bellum

1088 1371 1369 1408 Mithridaticum
1388 1374 1590 1409 renovavit:
1617 1375 1660 1410 de
1682 1387 1755 1421 quo

1088 1420 1274 1468 Appianus
1307 1423 1340 1456 in
1378 1422 1616 1458 Mithridatico.
1668 1424 1754 1459 Mu-

1089 1481 1168 1504 rena
1198 1481 1279 1505 vero
1309 1470 1549 1506 Mithridatem
1576 1472 1754 1507 vehemen-

1089 1517 1210 1554 tissime
1237 1519 1558 1568 vigilantissimeque
1580 1530 1754 1565 vexatum,

1090 1568 1274 1614 reprefl‘um
1308 1580 1434 1615 magna
1464 1580 1507 1604 ex
1541 1579 1649 1616 parte,
1683 1581 1755 1605 non

1089 1617 1299 1663 oppressum,
1317 1616 1467 1664 reliquit,
1486 1626 1526 1652 ut
1543 1618 1589 1653 ait
1605 1618 1679 1654 Cic.
1692 1628 1756 1666 pro

1089 1667 1246 1708 Murena,
1272 1675 1341 1711 cap.
1366 1678 1407 1711 15
1387 1679 1419 1711 5.
1446 1675 1480 1700 et
1497 1666 1604 1709 addit,
1631 1677 1700 1714 cap.
1720 1679 1753 1712 5.

1092 1713 1206 1748 filium
1222 1713 1299 1749 viro
1327 1713 1508 1749 fortiffimo
1534 1717 1665 1762 parenti
1693 1715 1754 1752 suo

1091 1774 1219 1810 magno
1237 1761 1460 1809 adjumento
1452 1775 1486 1798 in
1505 1764 1677 1811 periculis,
1705 1765 1755 1819 so-

1092 1811 1176 1846 latio
1205 1810 1239 1845 in
1257 1810 1448 1854 laboribus,
1473 1812 1729 1858 gratulationi
1720 1825 1756 1848 in

1091 1858 1236 1894 vitioria
1257 1858 1367 1896 fuisse.
1418 1861 1613 1896 Lucullum
1642 1871 1756 1897 autem

1091 1907 1277 1955 quaesturae
1291 1908 1496 1944 diuturnum
1510 1919 1659 1958 tempus,
1671 1911 1756 1945 Mu-

1093 1968 1172 1991 rena
1189 1956 1320 1992 bellum
1349 1957 1384 1992 in
1406 1958 1521 1993 Ponto
1548 1970 1696 2006 gerente,
1722 1959 1756 1994 in

1094 2005 1189 2041 Asiae
1217 2017 1301 2052 pace
1326 2005 1579 2054 consumpsiffe,
1604 2008 1695 2043 idern
1723 2010 1757 2043 in

1095 2053 1223 2090 Lucullo
1241 2054 1356 2089 scribit
1372 2064 1440 2100 cap.
1464 2067 1493 2091 1.

1144 2103 1312 2138 Extremo
1334 2103 1398 2139 hoc
1416 2115 1505 2139 anno
1522 2105 1616 2151 Sylla
1631 2105 1758 2148 effecit,

1095 2150 1164 2185 ab
1156 2161 1321 2199 interrege
1339 2162 1376 2187 ut
1395 2153 1553 2188 Dictator
1577 2154 1757 2195 diceretur

1095 2201 1142 2234 ait
1159 2183 1302 2236 CiceroD
1299 2211 1344 2246 ep.
1363 2203 1414 2236 18.
1429 2201 1467 2245 [l.
1487 2202 1627 2248 15.]l1·b.
1641 2204 1703 2238 lX.
1717 2203 1761 2236 ad

1095 2249 1168 2284 Att.
1194 2249 1388 2298 Qomodo
1407 2249 1440 2284 id
1457 2250 1606 2285 effecerit
1627 2250 1761 2297 copioie

1096 2299 1259 2343 Appianas
1269 2306 1298 2332 et
1309 2298 1503 2332 Plutarchus
1523 2298 1684 2334 scribunt.
1704 2299 1759 2334 In-

1097 2356 1205 2380 terrex
1223 2345 1291 2381 fuit
1310 2346 1354 2381 L.
1372 2346 1527 2381 Valerius
1541 2348 1700 2389 Flaccus,
1719 2349 1761 2382 de

1098 2406 1170 2440 quo
1191 2396 1265 2429 Cic.
1283 2405 1357 2429 orat
1378 2395 1436 2430 111.
1464 2406 1583 2431 contra
1602 2397 1761 2438 Rullum,

1100 2454 1175 2491 cap.
1197 2455 1227 2478 2.
1280 2445 1425 2479 Omnium
1446 2444 1541 2490 legum
1557 2444 1764 2494 iniquffmam

1372 2539 1466 2579 Kk
