2335 3009
794 195 1395 240 FRAGMENTA.

391 298 446 336 Et
467 303 634 351 quantos
655 294 781 334 radios
796 295 968 348 jacimus
989 294 1036 333 de
1057 294 1208 334 lumine
1230 296 1374 342 nostro,

392 364 517 415 Qeis
538 361 646 400 hunc
667 374 890 399 convexum
910 361 996 399 caeli
1017 361 1288 412 contingimus
1309 362 1461 410 orbem,

391 429 465 467 Sex
485 437 600 467 tantae
620 436 808 481 poterunt
828 427 898 464 sub
919 440 1012 465 eum
1033 427 1236 465 succedere
1255 437 1398 481 partes,

389 494 488 532 Bina
507 494 590 546 pari
610 493 734 546 spatio
754 492 917 531 caelestia
937 493 1044 545 signa
1064 501 1256 531 tenentes.

390 559 613 597 Zodiacum
633 557 741 597 hunc
764 559 894 597 Graeci
915 558 1106 603 vocitant,
1137 558 1337 611 nostrique
1358 560 1493 598 Latini

390 625 543 663 Orbem
565 624 793 677 signiferum
817 623 1084 677 perhibebunt
1105 625 1267 663 nomine
1287 639 1377 664 vero
1395 642 1404 665 :

389 691 496 730 Nam
515 691 617 743 gerit
638 690 704 729 hic
725 691 884 728 volvens
907 690 967 728 bis
990 690 1053 728 sex
1074 690 1248 728 ardentia
1268 691 1388 744 figna.

388 756 549 796 AEstifer
568 757 621 794 est
641 757 814 809 pandens
836 756 1027 794 ferventia
1046 756 1166 794 fidera
1186 757 1338 796 Cancer
1355 773 1364 796 z

389 822 513 860 Hunc
535 822 666 860 subter
686 821 844 875 fulgens
867 822 972 860 cedit
993 822 1050 860 vis
1073 831 1180 860 torva
1201 823 1346 861 Leonis
1366 839 1374 862 :

389 889 522 939 Qem
544 888 664 926 rutilo
686 888 862 941 sequitur
881 887 1083 926 collucens
1105 901 1268 940 corpore
1289 889 1414 942 Virgo
1433 904 1441 927 ε

389 955 495 992 Exin
517 956 696 1007 projesstae
717 955 821 993 claro
842 968 936 992 cum
957 954 1109 992 lumine
1131 953 1294 994 Chelae:

389 1020 555 1073 Ipsaque
576 1021 829 1073 consequitur
850 1021 985 1058 lucens
1007 1021 1064 1058 vis
1086 1034 1228 1073 magna
1248 1022 1378 1074 Nepai
1396 1037 1406 1060 z

388 1086 485 1125 Inde
506 1087 787 1139 Sagittipotens
808 1086 943 1124 dextra
963 1085 1110 1124 flexum
1132 1095 1238 1124 tenet
1258 1101 1392 1126 arcum
1411 1103 1422 1126 ι

389 1150 478 1189 Post
499 1150 606 1189 hunc
627 1165 692 1189 ore
713 1150 796 1189 fero
817 1151 1081 1203 Capricornus
1103 1151 1238 1189 vadere
1258 1153 1387 1204 pergit
1406 1168 1415 1191 z

390 1216 593 1254 Humidus
615 1216 706 1254 inde
727 1217 806 1254 loci
826 1216 998 1254 collucet
1020 1217 1217 1268 Aquarius
1238 1217 1324 1255 orbi
1344 1233 1354 1257 t

388 1282 494 1320 Exin
516 1281 796 1333 squammifero
816 1281 1009 1334 serpentes
1030 1281 1148 1319 fidere
1171 1282 1297 1320 Pisces
1317 1299 1326 1321 :

388 1348 513 1399 Qeis
535 1361 666 1386 comes
687 1347 742 1386 est
761 1348 874 1385 Aries
897 1347 1065 1386 obscuro
1085 1348 1237 1386 lumine
1258 1348 1407 1395 labens,

388 1413 618 1465 Inflexoque
639 1427 742 1466 genu
763 1415 937 1466 projecto
957 1426 1120 1466 corpore
1140 1415 1312 1460 Taurus,

388 1480 442 1517 Et
465 1480 629 1517 Gemini
650 1480 798 1517 clarum
815 1481 1004 1532 jactantes
1026 1478 1183 1517 lucibus
1205 1480 1356 1532 ignem.

388 1545 489 1583 Haec
509 1545 564 1583 sol
585 1554 728 1583 aeterno
749 1545 938 1584 convestit
958 1545 1111 1584 lumine
1131 1545 1312 1592 lustrans,

386 1612 532 1649 Annua
551 1611 764 1650 conficiens
786 1612 953 1650 vertenti
974 1621 1150 1666 tempora
1169 1612 1299 1651 cursu.

386 1676 470 1714 Hic
490 1685 659 1728 quantus
682 1677 793 1715 terris
814 1676 1019 1715 confectus
1041 1677 1207 1729 pellitur
1227 1678 1349 1723 orbis,

387 1742 643 1780 Tantundem
663 1742 732 1780 ille
753 1753 886 1795 patens
909 1742 1043 1795 supera
1063 1742 1297 1781 mortalibus
1317 1742 1414 1782 edit.

387 1808 459 1846 Sex
480 1809 592 1846 omni
613 1808 763 1861 semper
782 1808 929 1846 cedunt
950 1808 1121 1846 labentia
1141 1810 1268 1853 noCte,

385 1875 468 1912 Tot
488 1874 630 1912 caelum
651 1874 780 1912 rursus
802 1873 998 1926 fulgentia
1018 1874 1123 1927 figna
1143 1874 1329 1913 revisunt.

386 1939 478 1979 Hoc
500 1940 669 1994 spatium
692 1950 847 1978 tranans
868 1940 980 1996 caecis
1002 1954 1081 1979 nox
1101 1940 1265 1979 conficit
1287 1941 1455 1987 umbris,

382 2006 506 2058 Qod
527 2007 661 2059 supera
682 2015 798 2044 terras
820 2006 946 2060 prima
966 2006 1013 2044 de
1034 2008 1146 2045 ηοᾶε
1166 2006 1349 2046 relictum
1370 2007 1438 2052 est,

386 2071 581 2124 Signifero
601 2087 649 2111 ex
669 2073 778 2118 orbe,
811 2082 849 2111 et
870 2073 1068 2125 signorum
1090 2087 1137 2111 ex
1157 2072 1296 2111 ordine
1315 2072 1480 2112 fultum.

386 2137 506 2188 Qod
526 2138 552 2176 fi
574 2138 663 2176 solis
683 2152 769 2176 aves
792 2147 918 2177 certos
940 2139 1174 2191 cognoscere
1194 2139 1345 2184 cursus,

387 2204 510 2241 Ortus
533 2203 731 2256 signorum
753 2207 945 2244 nocturno
967 2215 1144 2258 ternpore
1163 2204 1259 2243 vises
1279 2221 1288 2244 :

386 2269 493 2307 Nam
515 2269 664 2322 semper
684 2272 838 2324 fignum
859 2272 1037 2310 exoriens
1059 2273 1182 2310 Titan
1203 2271 1325 2309 trahit
1345 2283 1485 2309 unum.

386 2334 454 2371 Sin
476 2343 606 2373 autem
627 2335 802 2376 officiens
824 2337 941 2389 signis
963 2350 1077 2375 mons
1099 2337 1272 2375 obstruet
1293 2337 1410 2381 altus,

388 2401 472 2438 Aut
493 2400 666 2439 adiment
686 2401 817 2441 lucem
838 2416 938 2440 caeca
957 2403 1127 2456 caligine
1148 2403 1270 2441 nubes
1289 2421 1300 2447 ;

387 2467 524 2505 Certas
547 2467 627 2521 ipse
648 2478 758 2507 notas
779 2469 864 2509 caeli
883 2468 931 2507 de
951 2470 1126 2521 tegmine
1146 2469 1316 2514 sumens,

1391 2533 1427 2571 R
1462 2546 1482 2573 2

1708 836 1785 876 570

1703 1165 1779 1205 575

1702 1482 1782 1535 580

1698 1810 1776 1864 585

1699 2152 1777 2192 590

1702 2471 1801 2523 595'
