2335 3009
530 238 595 283 38*
986 230 1474 274 EPISTOLAE

532 340 658 378 etiarn
680 336 844 391 sapiens,
875 332 960 387 qui,
992 345 1071 386 qua
1088 344 1287 385 quemque
1311 343 1351 369 re
1370 338 1498 383 putat,
1528 328 1649 368 modo
1677 328 1852 376 honesta,
1881 328 1930 368 ad

535 405 829 459 rempublicam
843 399 1057 455 juvandam
1077 398 1181 452 poffe
1200 397 1356 443 adduci,
1373 396 1447 436 hac
1467 397 1608 435 utitur.
1641 397 1697 435 At
1717 397 1757 434 in
1777 395 1932 449 Lepido

541 468 866 524 reprehendimur
874 485 886 512 ;
906 466 974 505 cui
995 478 1088 503 cum
1108 463 1271 502 statuam
1291 463 1333 500 in
1349 461 1501 501 Rostris
1516 461 1789 506 statuissemus,
1806 461 1929 499 iidem

540 538 653 576 illam
673 535 900 575 evertimus.
946 532 1034 571 Nos
1067 530 1184 568 illum
1213 528 1363 567 honore
1382 527 1602 566 studuimus
1623 541 1645 565 a
1663 526 1796 565 furore
1816 539 1929 565 revo-

542 617 656 642 care:
696 601 794 641 vicit
826 597 997 638 amentia
1029 594 1210 634 levissimi
1247 593 1424 632 hominis
1458 592 1626 631 nostram
1662 592 1930 645 prudentiam.

544 669 633 709 Nec
655 678 785 707 tamen
806 674 962 704 tantum
982 663 1024 701 in
1045 659 1244 700 statuenda
1263 659 1407 713 Lepidi
1438 658 1560 697 statua
1577 657 1726 696 factum
1745 657 1800 696 est
1820 658 1931 704 mali,

543 743 739 788 quantum
766 733 807 771 in
835 728 1040 769 evertenda
1059 727 1169 766 boni.
1215 726 1313 764 Satis
1334 725 1461 763 multa
1480 725 1527 763 de
1547 723 1765 763 honoribus
1784 739 1794 763 z
1826 736 1934 763 nunc

544 801 593 839 de
613 813 728 854 poena
747 811 869 853 pauca
888 797 977 835 sunt
997 793 1176 832 dicenda.
1223 791 1408 831 Intellexi
1427 791 1536 830 enim
1555 804 1603 830 ex
1623 791 1702 829 tuis
1723 790 1820 843 saepe
1839 790 1934 829 lite-

546 867 614 912 ris,
646 875 683 904 te
704 866 744 903 in
765 865 828 910 iis,
855 875 954 916 quos
975 861 1082 899 bello
1100 858 1292 904 devicisti,
1323 858 1576 897 clementiam
1598 866 1705 896 tuam
1726 857 1826 895 velle
1846 857 1936 894 lau-

545 931 643 970 dari.
685 929 881 969 Existimo
900 926 1085 981 equidem
1106 924 1208 963 nihil
1229 937 1250 962 a
1269 933 1322 970 te,
1354 923 1424 962 nifi
1445 923 1649 977 sapienter.
1690 921 1763 961 Sed
1783 921 1937 961 sceleris

546 1009 706 1050 poenam
733 993 1030 1048 praetermittere
1064 990 1124 1043 (id
1154 989 1263 1028 enim
1293 987 1362 1034 est,
1392 987 1500 1041 quod
1527 996 1688 1025 vocatur
1716 985 1936 1039 ignoscere)

545 1062 667 1100 etiam
689 1061 715 1099 fi
736 1061 776 1098 in
797 1060 945 1098 caeteris
967 1057 1082 1096 rebus
1105 1054 1308 1094 tolerabile
1327 1053 1395 1098 est,
1426 1053 1468 1090 in
1495 1052 1571 1090 hoc
1602 1053 1709 1090 bello
1737 1052 1940 1104 pernicio-

547 1125 635 1165 sum
657 1134 768 1178 puto.
798 1124 973 1164 Nullum
992 1123 1102 1160 enim
1122 1107 1274 1158 bellum
1294 1117 1411 1157 civile
1430 1117 1510 1155 fuit
1530 1118 1571 1155 in
1592 1116 1720 1156 nostra
1738 1117 1941 1170 republica

544 1192 747 1237 omnium,
777 1204 864 1244 quae
884 1188 1075 1228 memoria
1094 1199 1180 1225 mea
1198 1184 1375 1230 fuerunt,
1406 1184 1447 1222 in
1468 1197 1549 1238 quo
1578 1183 1685 1222 bello
1705 1197 1801 1229 non,
1832 1193 1941 1222 utra-

548 1271 707 1311 cunque
728 1269 813 1310 pars
834 1254 998 1299 viciffet,
1030 1263 1161 1291 tamen
1193 1251 1324 1303 aliqua
1354 1249 1483 1288 forma
1501 1249 1592 1287 esset
1623 1248 1758 1287 futura
1776 1249 1940 1302 reipub-

549 1323 651 1362 licae.
698 1323 791 1360 Hoc
823 1319 930 1358 bello
961 1319 1124 1357 victores
1156 1330 1275 1368 quam
1301 1315 1589 1368 rempublicam
1610 1314 1728 1352 fimus
1748 1313 1940 1359 habituri,

551 1403 632 1428 non
653 1387 768 1427 facile
792 1385 1047 1424 affirmarim:
1079 1383 1192 1421 victis
1224 1391 1329 1420 certe
1361 1381 1470 1420 nulla
1501 1394 1678 1434 unquam
1708 1381 1797 1420 erit.
1843 1381 1942 1419 Dixi

550 1455 675 1508 igitur
696 1452 903 1492 sententias
924 1451 965 1489 in
986 1449 1227 1494 Antonium,
1253 1448 1335 1487 dixi
1357 1448 1398 1486 in
1420 1447 1635 1500 Lepidum,
1666 1447 1838 1492 severas;
1872 1459 1942 1484 ne·-

550 1533 630 1573 que
662 1528 742 1557 tam
771 1515 986 1556 ulciscendi
1014 1513 1140 1559 causa,
1170 1526 1291 1567 quam
1320 1521 1365 1551 ut
1398 1521 1437 1551 et
1469 1513 1510 1551 in
1542 1511 1708 1565 praesens
1739 1511 1943 1550 sceleratos

548 1586 656 1624 cives
679 1584 820 1622 timore
840 1581 888 1620 ab
920 1579 1189 1635 impugnanda
1220 1579 1344 1633 patria
1373 1578 1606 1617 deterrerem
1624 1596 1637 1623 ς
1668 1585 1708 1615 et
1742 1577 1782 1615 in
1815 1576 1945 1630 poste-

552 1665 658 1696 rum,
690 1650 976 1688 documentum
1007 1646 1229 1691 statuerem,
1262 1659 1309 1683 ne
1341 1645 1430 1698 quis
1456 1645 1574 1682 talem
1595 1643 1807 1682 amentiam
1827 1643 1947 1681 vellet

552 1717 717 1755 imitari.
763 1715 1003 1767 Qanquam
1033 1711 1117 1751 haec
1148 1711 1311 1765 quidem
1343 1711 1547 1755 sententia,
1587 1722 1666 1748 non
1702 1709 1826 1760 magis
1861 1721 1948 1747 mea

553 1781 647 1827 suit,
679 1793 799 1833 quam
830 1779 1042 1818 omnium:
1075 1779 1117 1815 in
1149 1790 1228 1830 qua
1245 1777 1402 1815 videtur
1421 1775 1522 1814 illud
1541 1775 1614 1813 esse
1634 1774 1807 1819 crudele,
1838 1774 1947 1826 quod

553 1848 602 1886 ad
622 1847 782 1891 liberos,
813 1845 883 1899 qui
906 1843 1008 1883 nihil
1030 1852 1272 1888 meruerunt,
1303 1855 1419 1896 poena
1440 1841 1631 1895 pervenit.
1663 1839 1737 1878 Sed
1756 1839 1796 1878 id
1817 1848 1856 1877 et
1876 1853 1947 1877 an-

555 1914 716 1966 tiquum
737 1911 804 1956 est,
835 1920 873 1948 et
893 1910 1076 1948 omnium
1097 1909 1305 1948 civitatum
1323 1923 1333 1948 ε
1366 1908 1558 1961 siquidem
1578 1907 1696 1946 etiam
1716 1904 1948 1945 Themisto·

555 1978 630 2016 clis
651 1977 766 2015 liberi
793 1984 1000 2028 eguerunt.
1046 1975 1115 2019 Et,
1146 1974 1173 2012 fi
1199 1973 1355 2026 judicio
1375 1973 1579 2011 damnatos
1599 1970 1732 2010 eadem
1753 1983 1870 2023 poena
1891 1969 1948 2008 se-

556 2044 695 2097 quitur
715 2043 834 2087 cives,
851 2041 920 2093 qui
942 2040 1145 2094 potuimus
1166 2039 1332 2078 leniores
1353 2039 1425 2078 effe
1445 2040 1486 2077 in
1507 2037 1633 2078 hostes
1651 2039 1664 2075 ἲ
1688 2036 1797 2089 Qid
1818 2045 1950 2074 autem

555 2109 669 2163 queri
691 2107 815 2161 potest
835 2109 1042 2160 quisquam
1063 2105 1110 2144 de
1131 2119 1208 2150 me,
1234 2106 1319 2158 qui,
1352 2105 1376 2143 s1
1399 2104 1561 2149 vicilset‚
1592 2103 1832 2142 acerbiorem
1852 2101 1888 2140 se
1909 2101 1951 2140 in

557 2189 624 2215 me
657 2174 838 2214 futurum
873 2173 986 2212 fuifl‘e
1020 2171 1254 2210 confiteatur
1289 2171 1433 2210 necess‘c
1467 2171 1520 2209 est
1539 2171 1551 2209 Ρ
1588 2170 1723 2209 Habes
1759 2169 1951 2207 rationem

559 2253 737 2280 mearum
777 2239 1077 2283 sententiarum,
1123 2238 1169 2275 de
1204 2236 1280 2275 hoc
1314 2250 1455 2289 genere
1488 2235 1678 2274 duntaxat
1712 2233 1874 2273 honoris
1911 2242 1952 2272 et

560 2321 700 2361 poenae.
746 2306 851 2344 Nam
873 2305 920 2343 de
941 2305 1088 2343 caeteris
1110 2303 1224 2342 rebus
1245 2303 1341 2356 quid
1365 2302 1560 2347 senserim,
1593 2301 1768 2353 quidque
1789 2299 1950 2338 censue-

561 2374 652 2417 rim,
684 2371 826 2410 audisse
860 2382 896 2410 te
926 2370 1107 2409 arbitror.
1154 2369 1225 2407 Sed
1259 2369 1340 2407 baec
1362 2368 1523 2422 quidem
1547 2381 1623 2405 non
1646 2367 1698 2405 ita
1721 2365 1948 2405 neceffaria:

559 2438 663 2478 illud
685 2437 793 2476 valde
816 2437 1083 2482 necessarium,
1117 2437 1248 2481 Brute,
1277 2445 1313 2473 tc
1337 2436 1373 2474 in
1400 2435 1551 2473 Italiam
1572 2447 1665 2472 cum
1686 2431 1861 2471 exercitu
1882 2443 1950 2468 ve·

559 2505 646 2545 nire
667 2518 785 2558 quam
807 2505 998 2558 primum.
1044 2504 1207 2542 Summa
1225 2502 1278 2542 est
1298 2503 1516 2556 expeditio
1538 2501 1595 2540 tui
1614 2516 1623 2540 z
1656 2499 1725 2553 qui
1751 2498 1774 2537 fi
1800 2496 1953 2537 ltaliam

2323 1769 2335 1885 *a*

2332 2502 2335 2533 -.
2319 2042 2335 2483 ..A-Q

2324 174 2335 292 „pm-a
2325 137 2332 148 ν
