2335 3009
515 235 571 274 42
865 215 1554 260 EPISTOLARUM

838 453 1107 492 MARCUS
1154 450 1507 503 QFnArm
1557 451 1594 489 S.

522 585 618 624 XII.
644 581 953 656 GAUDEO
985 581 1060 620 tibi
1075 579 1270 632 jucundas
1291 579 1364 618 effe
1384 593 1488 618 meas
1509 578 1662 618 literas:
1687 592 1758 618 nec
1781 588 1913 619 tamen

750 647 967 687 habuissem
997 645 1193 685 scribendi
1223 658 1329 683 nunc
1359 645 1522 698 quidem
1543 645 1672 683 ullum
1699 658 1912 698 argumen-

522 726 624 761 tum,
643 715 713 754 nifi
735 723 818 753 tuas
840 711 1082 766 accepissem.
1115 711 1222 750 Nam
1243 711 1346 764 prid.
1370 710 1430 750 Id.
1449 724 1543 749 cum
1559 711 1715 764 Appius
1736 711 1914 750 senatum

522 780 815 834 infrequentem
835 777 1032 831 coegifi‘et,
1064 785 1219 815 tantum
1239 775 1319 815 fuit
1338 775 1481 829 frigus,
1508 785 1551 814 ut
1570 776 1710 830 populi
1730 777 1916 815 convicio

522 849 678 885 coactus
700 846 744 884 fit
765 858 834 883 nos
855 843 1071 882 dimittere.
1104 843 1167 880 De
1189 843 1461 894 Commageno
1482 855 1585 895 rege,
1616 842 1724 895 quod
1745 856 1826 881 rem
1849 851 1913 881 to-

523 921 604 950 tam
624 910 884 955 discufferam,
914 907 1017 947 mihi
1047 916 1086 946 et
1114 920 1184 960 per
1213 906 1249 945 se
1273 917 1311 946 et
1332 921 1400 960 per
1420 907 1689 960 Pomponium
1711 907 1916 946 blanditur

518 977 691 1031 Appius.
738 975 858 1014 Videt
886 974 1010 1020 enim,
1041 972 1118 1012 hoc
1147 985 1288 1026 genere
1317 972 1476 1011 dicendi
1504 973 1532 1011 fi
1562 981 1649 1011 utar
1677 973 1718 1011 in
1746 973 1913 1018 caeteris,

521 1041 781 1081 Februarium
800 1039 969 1079 sterilem
990 1038 1196 1078 futurum:
1219 1051 1391 1090 eumque
1411 1038 1482 1076 lusi
1497 1037 1631 1090 jocose
1651 1037 1762 1083 satis;
1786 1051 1916 1090 neque

520 1107 648 1146 solum
669 1106 771 1145 illud
790 1105 930 1144 extorsi
951 1103 1205 1158 oppidulum,
1226 1103 1334 1155 quod
1353 1112 1434 1141 erat
1454 1103 1625 1155 positum
1646 1103 1687 1141 in
1708 1102 1917 1156 Euphrate

520 1182 559 1211 et
580 1173 815 1224 Zeugmate,
846 1169 909 1208 sed
929 1178 1112 1222 praeterea
1131 1177 1266 1221 togam
1287 1167 1373 1206 sum
1404 1167 1488 1220 ejus
1517 1177 1762 1221 praetextam,
1793 1181 1916 1221 quam

519 1247 599 1276 erat
619 1237 782 1290 adeptus
804 1235 950 1274 Caesare
969 1233 1144 1280 consule,
1175 1247 1322 1286 magno
1341 1232 1555 1271 hominum
1585 1233 1663 1272 risu
1689 1234 1913 1274 cavillatus.

520 1302 641 1355 Qod
675 1301 776 1346 vult,
807 1300 986 1351 inquam,
1023 1311 1205 1336 renovare
1238 1297 1407 1336 honores
1441 1298 1625 1343 eosdem,
1663 1312 1745 1352 quo
1778 1300 1914 1339 minus

517 1378 652 1421 togam
686 1374 914 1420 praetextam
948 1363 1160 1417 quotannis
1194 1363 1433 1427 interpolet,
1477 1363 1768 1404 decernendum
1808 1365 1914 1405 nihil

516 1433 669 1473 censeo.
715 1432 798 1470 Vos
827 1439 959 1468 autem
988 1428 1170 1468 homines
1201 1429 1370 1475 nobiles,
1401 1429 1471 1482 qui
1501 1429 1720 1469 Busrenum
1741 1440 1914 1484 praetex-

519 1508 646 1539 tatum
678 1511 757 1536 non
786 1495 986 1541 ferebatis,
1018 1497 1336 1547 Commagenum
1368 1494 1534 1534 feretis?
1566 1497 1705 1535 Genus
1735 1497 1843 1536 vides
1872 1506 1914 1536 et

519 1566 654 1604 locum
670 1562 845 1616 jocandi.
892 1561 1027 1600 Multa
1045 1560 1130 1602 dixi
1151 1561 1192 1599 in
1213 1561 1434 1614 ignobilem
1456 1575 1602 1615 regem,
1634 1561 1782 1614 quibus
1804 1572 1915 1602 totus

518 1629 573 1668 est
591 1627 789 1682 explosus.
835 1628 929 1679 Qo
949 1639 1089 1680 genere
1118 1636 1344 1665 commotus
1377 1628 1441 1678 (ut
1470 1626 1574 1677 dixi)
1598 1627 1755 1679 Appius
1778 1637 1913 1667 totum

517 1708 582 1734 me
601 1694 874 1747 amplexatur:
908 1691 1010 1730 nihil
1039 1691 1091 1730 est
1118 1692 1225 1730 enim
1256 1691 1427 1737 facilius,
1459 1705 1580 1745 quam
1601 1692 1753 1745 reliqua
1777 1693 1912 1732 discu-

520 1769 612 1798 tere.
660 1759 733 1798 Sed
764 1771 841 1797 non
873 1757 1015 1796 faciam
1046 1766 1089 1796 ut
1119 1757 1236 1796 illum
1266 1757 1481 1802 offendam,
1513 1771 1560 1796 ne
1582 1758 1769 1811 imploret
1790 1758 1912 1798 fidem

519 1825 627 1877 Jovis
659 1824 905 1878 Hospitalis:
940 1824 1081 1862 Graios
1111 1837 1248 1862 omnes
1279 1834 1485 1869 convocet,
1516 1837 1585 1877 per
1618 1837 1717 1876 quos
1749 1838 1913 1864 mecum

517 1893 558 1929 in
579 1890 745 1943 gratiam
766 1889 896 1927 rediit.
921 1887 1189 1943 Theopompo
1210 1887 1507 1928 satisfaciemus.
1540 1889 1603 1928 De
1625 1889 1773 1928 Caesare
1792 1889 1912 1944 fuge-

519 1966 576 1995 rat
598 1969 660 1994 me
680 1955 726 1994 ad
748 1964 786 1993 te
806 1954 985 1993 scribere.
1032 1955 1160 1993 Video
1191 1956 1314 2001 enim,
1345 1969 1441 2009 quas
1463 1965 1505 1994 tu
1527 1955 1657 1994 literas
1676 1957 1908 2009 expectaris.

520 2021 592 2060 Sed
614 2021 680 2059 ille
702 2021 850 2074 scripsit
870 2021 916 2058 ad
948 2020 1132 2065 Balbum,
1164 2019 1398 2060 fasciculum
1426 2021 1543 2060 illum
1569 2021 1836 2074 epistolarum,
1870 2023 1912 2062 in

518 2100 598 2140 quo
619 2085 743 2125 fuerat
765 2095 802 2125 et
825 2099 923 2130 mea,
954 2096 992 2124 et
1027 2085 1154 2131 Balbi,
1188 2095 1317 2125 totum
1340 2086 1410 2125 fibi
1431 2099 1530 2140 aqua
1550 2086 1754 2126 madidum
1777 2088 1911 2126 reddi-

516 2161 606 2191 tum
626 2152 726 2198 ess‘e;
760 2161 803 2190 ut
825 2166 872 2190 ne
894 2151 993 2190 illud
1014 2151 1175 2204 quidem
1198 2151 1306 2197 sciat,
1328 2166 1454 2191 meam
1477 2151 1589 2191 fuisse
1608 2152 1781 2206 aliquam
1803 2153 1909 2207 epis-

517 2218 654 2257 tolam.
702 2219 774 2256 Sed
795 2232 841 2257 ex
865 2218 976 2257 Balbi
998 2218 1158 2271 epistola
1178 2232 1299 2272 pauca
1319 2220 1435 2257 verba
1462 2219 1722 2264 intellexerat.
1754 2220 1800 2258 ad
1820 2234 1911 2273 quae

517 2283 706 2336 rescripsit
728 2283 789 2322 his
810 2284 954 2329 verbis,
988 2285 1050 2323 De·
1068 2285 1238 2323 Cicerone
1256 2284 1357 2323 video
1375 2293 1411 2323 te
1429 2284 1594 2338 quiddam
1599 2285 1787 2338 firr'psfffe,
1819 2283 1916 2339 quod

514 2364 574 2402 ego
602 2363 668 2387 non
693 2350 876 2394 intellext‘5
909 2359 1083 2402 quantum
1110 2359 1230 2389 autcm
1259 2350 1461 2403 corrieffura
1483 2350 1728 2404 corfiquelmr,
1760 2351 1801 2390 id
1825 2358 1910 2390 erae

515 2415 720 2465 hujtgsmodi,
752 2425 792 2454 ut
813 2416 924 2468 magis
946 2415 1152 2469 optandum,
1173 2432 1278 2470 quam
1284 2416 1521 2471 sperandum,
1547 2421 1732 2471 patareni.
1770 2420 1910 2471 Itaque

516 2482 644 2535 postca
674 2483 757 2521 misi
788 2482 834 2521 ad
866 2483 1055 2522 Caesarcm
1085 2483 1222 2523 codem
1254 2485 1325 2524 illo
1354 2484 1538 2538 exemplo
1568 2485 1713 2525 literas.
1760 2485 1912 2537 Jocum
