2335 3009
748 235 855 275 AD
934 233 1340 273 BRUTUM.
1686 249 1739 291 73

339 351 440 376 -cum
472 336 593 390 usque
624 336 666 374 in
696 334 945 388 Capitolium
976 334 1181 379 deductus,
1213 334 1389 372 maximo
1420 334 1591 372 clamore
1621 343 1738 388 atque

345 403 481 456 plausu
501 404 542 440 in
564 401 715 440 Rostris
736 401 953 439 collocatus
975 400 1075 438 sum.
1122 398 1242 438 Nihil
1272 400 1325 437 est
1346 401 1386 438 in
1407 415 1470 439 me
1491 401 1632 446 inane3
1666 415 1736 439 ne-

344 482 423 521 que
443 469 549 507 enim
571 467 714 506 debet:
748 467 811 505 sed
832 476 962 505 tamen
984 466 1166 505 omnium
1187 466 1374 504 ordinum
1395 467 1616 513 consensus,
1647 481 1735 520 gra-

346 534 490 572 tiarum
525 535 648 579 affio,
679 533 989 587 gratulatioque,
1021 547 1085 571 me
1116 540 1363 576 commovet,
1394 542 1598 585 propterea
1632 533 1739 585 quod

346 600 578 652 popularem
599 614 663 638 me
683 599 755 637 esse
775 599 816 637 in
838 599 977 652 populi
1000 598 1120 636 salute
1140 597 1372 650 praeclarum
1393 597 1460 636 est.
1505 597 1577 635 Sed
1598 597 1681 636 haec
1703 608 1741 636 te

346 665 453 703 malo
479 665 527 703 ab
559 666 645 703 aliis
677 665 824 703 audire.
871 665 943 702 isse
964 664 1082 702 velim
1105 664 1152 701 de
1173 664 1251 702 tuis
1273 663 1388 701 rebus
1410 663 1658 715 consiliisque
1679 663 1739 701 fa·-

346 731 424 768 cias
455 731 749 783 diligentiffime
780 732 1017 775 certiorem3
1049 730 1231 781 illudque
1261 729 1493 774 confideres,
1525 743 1574 767 ne
1603 738 1669 767 tua
1689 729 1741 768 li-

349 795 529 834 beralitas
562 796 782 835 difl‘olutior
814 796 1004 834 videatur.
1051 796 1114 833 Sic
1147 795 1264 834 sentit
1295 795 1463 840 senatus,
1495 794 1546 832 fic
1570 795 1741 847 populus

348 861 579 908 Romanus,
625 863 757 901 nullos
793 876 970 915 unquam
1004 860 1132 899 hostes
1168 861 1366 914 digniores
1401 861 1512 898 omni
1547 861 1742 913 supplicio

347 926 475 974 fuiffe,
507 943 627 982 quam
652 942 726 967 „eos
762 930 881 974 cives,
912 929 982 981 qui
1016 927 1093 966 hoc
1127 927 1233 966 bello
1268 937 1404 966 contra
1437 928 1603 980 patriam
1638 941 1745 966 arma

348 1005 566 1047 ceperunt:
608 1008 706 1047 quoe
742 995 905 1047 quidem
939 1007 1013 1047 ego
1047 993 1234 1031 omnibus
1270 993 1472 1031 sententiis
1507 992 1675 1031 ulciscor
1706 1002 1746 1032 et

349 1060 574 1113 persequor,
605 1062 793 1099 omnibus
817 1061 930 1099 bonis
952 1059 1277 1113 approbantibus.
1321 1061 1388 1097 Tu
1417 1059 1514 1111 quid
1544 1058 1590 1096 de
1611 1058 1684 1096 hac
1705 1073 1746 1098 re

351 1125 505 1171 sentias,
538 1126 596 1163 tui
618 1126 764 1178 judicii
783 1126 864 1164 est:
897 1139 970 1178 ego
992 1125 1042 1163 fic
1064 1125 1202 1170 sentio,
1234 1125 1356 1162 trium
1378 1123 1545 1162 fratrum
1566 1138 1684 1162 unam
1705 1134 1746 1163 et

350 1192 512 1229 eandem
533 1191 605 1229 effe
625 1192 793 1230 causam.
841 1191 1032 1229 Consules
1054 1190 1167 1236 duos,
1200 1190 1324 1228 bonos
1346 1189 1523 1242 quidem,
1555 1190 1618 1227 sed
1640 1190 1744 1229 dun-

353 1266 457 1294 taxat
486 1257 624 1301 bonos,
656 1258 870 1306 amisimus.
917 1257 1077 1294 Hirtius
1107 1256 1271 1308 quidem
1291 1256 1332 1292 in
1354 1255 1435 1307 ipsa
1454 1256 1615 1293 victoria
1635 1257 1744 1294 occi-

351 1322 424 1367 dit,
442 1335 536 1360 cum
556 1322 690 1375 paucis
711 1322 850 1360 diebus
873 1335 1016 1374 magno
1036 1321 1172 1374 praelio
1192 1330 1281 1358 ante
1301 1321 1464 1359 viciffet.
1496 1321 1604 1359 Nam
1626 1322 1747 1359 Pansa

352 1387 521 1441 fugerat,
553 1389 783 1427 vulneribus
805 1389 990 1442 acceptis,
1023 1402 1109 1441 quae
1130 1387 1229 1425 ferre
1251 1401 1329 1425 non
1351 1387 1498 1440 potuit.
1542 1387 1746 1440 Reliquias

352 1453 527 1492 hostium
556 1455 701 1493 Brutus
729 1455 988 1507 persequitur,
1020 1464 1058 1492 et
1089 1453 1228 1492 Caesar.
1275 1453 1418 1491 Hostes
1448 1462 1579 1491 autem
1611 1467 1747 1492 omnes

347 1520 532 1572 judicati,
551 1521 618 1573 qui
642 1521 705 1558 M.
720 1521 889 1558 Antonii
911 1521 1049 1558 seftam
1072 1520 1193 1558 secuti
1216 1519 1319 1558 sunt.
1353 1520 1491 1571 Itaque
1511 1519 1551 1556 id
1572 1519 1747 1558 senatus·

355 1585 582 1624 consultum
603 1586 782 1639 plerique
802 1587 1122 1640 interpretantur,
1140 1586 1260 1624 etiam
1281 1585 1327 1623 ad
1350 1595 1437 1623 tuos
1459 1585 1534 1623 five
1555 1585 1746 1638 captivos,

357 1651 431 1690 five
450 1651 667 1698 dedititios,
699 1653 907 1706 pertinere.
952 1652 1152 1706 Equidem
1173 1651 1276 1690 nihil
1297 1651 1453 1690 differui
1473 1651 1624 1697 durius,
1655 1665 1750 1691 cum

355 1718 593 1756 nominatim
614 1718 661 1757 de
689 1720 738 1757 C.
762 1720 942 1758 Antonio
962 1719 1226 1764 decernerem,
1258 1718 1365 1771 quod
1394 1719 1449 1755 ita
1476 1717 1698 1764 statueram,
1729 1731 1750 1756 a

357 1792 395 1821 te
416 1784 649 1837 cognoscere
670 1785 823 1824 causam
844 1787 928 1839 ejus
950 1785 1126 1824 senatum
1147 1793 1340 1837 oportere.
1375 1797 1401 1821 x
1425 1783 1514 1822 Kal.
1539 1783 1680 1822 Maias.

694 1986 947 2025 BRUTus
995 1986 1320 2025 CICERONI
1373 1986 1413 2026 S.

363 2117 379 2154 1
385 2116 436 2154 V.
545 2116 631 2155 UA
643 2116 693 2154 N
706 2112 794 2154 ‘TA
804 2115 878 2167 sim
899 2115 1033 2155 laetitia
1051 2115 1215 2168 cst'ebi'us,
1238 2115 1391 2168 cognitis
1410 2115 1514 2155 rebus
1535 2114 1654 2154 Bruti
1670 2117 1750 2168 nost-

586 2183 644 2222 tri
672 2189 708 2220 et
739 2182 928 2235 corfidum,
945 2181 1102 2234 facilius
1121 2180 1167 2233 qst
1194 2181 1265 2220 tibi
1289 2181 1498 2234 exfflimare,
1530 2195 1636 2235 quam
1665 2181 1756 2220 mihi

346 2247 522 2300 stribere.
555 2249 646 2287 Cum
665 2247 738 2287 alia
757 2247 874 2293 laudo,
905 2256 941 2286 et
956 2246 1094 2300 gaudeo
1112 2246 1281 2300 accidgffi’,
1304 2257 1381 2287 tum
1401 2247 1494 2301 quod
1508 2247 1628 2286 Bruti
1642 2256 1753 2301 erup-

363 2313 412 2352 tio
432 2327 499 2351 non
505 2313 623 2365 solum
640 2313 998 2367 ipstfizlutarissuit,
1016 2312 1088 2367 sed
1103 2314 1210 2352 etiam
1230 2313 1382 2352 maximo
1401 2313 1452 2352 ad
1475 2313 1665 2352 vietoriam
1684 2312 1753 2352 ad-

351 2379 529 2431 jumento.
570 2379 678 2435 Qod
678 2379 827 2432 scribis,
859 2379 973 2419 trium
991 2380 1235 2419 Antoniorum
1255 2394 1362 2418 unum
1378 2388 1487 2433 atque
1504 2379 1646 2419 eandem
1664 2393 1755 2418 cau-

348 2447 434 2499 stzm
453 2444 512 2498 ff
529 2463 540 2489 3
572 2444 662 2498 quid
674 2459 735 2497 ego
739 2446 916 2497 fintiam,
946 2447 1016 2486 mei
1026 2446 1161 2498 judicii
1178 2446 1239 2500 cjffl’
1254 2462 1266 2484 :
1283 2446 1411 2499 statuo
1439 2447 1542 2492 nihil,
1573 2447 1641 2498 nfi
1662 2447 1726 2486 hoc
1741 2462 1756 2485 :

362 2512 517 2552 Senatus
535 2518 603 2548 aut
616 2509 744 2563 populi
761 2511 918 2550 Romam·
920 2511 1099 2563 judicium
1114 2510 1174 2564 effe
1193 2511 1234 2550 de
1248 2511 1291 2550 iis
1307 2511 1458 2554 civibus,
1476 2512 1542 2565 qui
1550 2519 1757 2565 pugnantes

447 2578 484 2616 T
496 2591 519 2615 o
533 2590 566 2615 M
576 2607 584 2615 .
619 2576 692 2616 IX.
1421 2578 1459 2616 K
