<?xml version="1.0" encoding="UTF-8"?>
<!DOCTYPE html PUBLIC "-//W3C//DTD XHTML 1.0 Transitional//EN"
    "http://www.w3.org/TR/xhtml1/DTD/xhtml1-transitional.dtd">
<html xmlns="http://www.w3.org/1999/xhtml" xml:lang="en" lang="en">
 <head>
  <title>
</title>
<meta http-equiv="Content-Type" content="text/html;charset=utf-8" />
  <meta name='ocr-system' content='tesseract 3.04.00' />
  <meta name='ocr-capabilities' content='ocr_page ocr_carea ocr_par ocr_line ocrx_word'/>
</head>
<body>
  <div class='ocr_page' id='page_1' title='image "./operacumindicibu09ciceuoft_0160.png"; bbox 0 0 2335 3009; ppageno 0'>
   <div class='ocr_carea' id='block_1_1' title="bbox 498 197 1593 257">
    <p class='ocr_par' dir='ltr' id='par_1_1' title="bbox 498 197 1593 257">
     <span class='ocr_line' id='line_1_1' title="bbox 498 197 1593 257; baseline -0.006 -14"><span class='ocrx_word' id='word_1_1' title='bbox 498 213 574 257; x_wconf 82' lang='lat'>152</span> <span class='ocrx_word' id='word_1_2' title='bbox 797 197 1593 239; x_wconf 87' lang='lat' dir='ltr'>RHETORICORUM</span> 
     </span>
    </p>
   </div>
   <div class='ocr_carea' id='block_1_2' title="bbox 491 294 1176 2489">
    <p class='ocr_par' dir='ltr' id='par_1_2' title="bbox 491 294 1176 2489">
     <span class='ocr_line' id='line_1_2' title="bbox 491 294 1167 343; baseline -0.008 -9"><span class='ocrx_word' id='word_1_3' title='bbox 491 298 540 334; x_wconf 88' lang='lat' dir='ltr'>est</span> <span class='ocrx_word' id='word_1_4' title='bbox 569 308 627 333; x_wconf 91' lang='lat' dir='ltr'>eos</span> <span class='ocrx_word' id='word_1_5' title='bbox 657 295 841 338; x_wconf 90' lang='lat' dir='ltr'>audiendo,</span> <span class='ocrx_word' id='word_1_6' title='bbox 866 294 929 343; x_wconf 89' lang='lat' dir='ltr'>qui</span> <span class='ocrx_word' id='word_1_7' title='bbox 963 303 1042 330; x_wconf 88' lang='lat' dir='ltr'>ante</span> <span class='ocrx_word' id='word_1_8' title='bbox 1072 295 1167 330; x_wconf 82' lang='lat' dir='ltr'>dixe-</span> 
     </span>
     <span class='ocr_line' id='line_1_3' title="bbox 495 343 1168 399; baseline -0.008 -16"><span class='ocrx_word' id='word_1_9' title='bbox 495 356 586 382; x_wconf 90' lang='lat' dir='ltr'>runt.</span> <span class='ocrx_word' id='word_1_10' title='bbox 631 345 668 380; x_wconf 91' lang='lat' dir='ltr'>Si</span> <span class='ocrx_word' id='word_1_11' title='bbox 698 344 798 380; x_wconf 86' lang='lat' dir='ltr'>causa</span> <span class='ocrx_word' id='word_1_12' title='bbox 825 343 1078 399; x_wconf 83' lang='lat' dir='ltr'>turpitudinem</span> <span class='ocrx_word' id='word_1_13' title='bbox 1108 344 1168 379; x_wconf 87' lang='lat' dir='ltr'>ha-</span> 
     </span>
     <span class='ocr_line' id='line_1_4' title="bbox 495 392 1167 447; baseline -0.005 -17"><span class='ocrx_word' id='word_1_14' title='bbox 495 395 605 435; x_wconf 89' lang='lat' dir='ltr'>bebit,</span> <span class='ocrx_word' id='word_1_15' title='bbox 635 393 786 429; x_wconf 78' lang='lat' dir='ltr'>exordiri</span> <span class='ocrx_word' id='word_1_16' title='bbox 815 393 1007 447; x_wconf 86' lang='lat' dir='ltr'>poterimus</span> <span class='ocrx_word' id='word_1_17' title='bbox 1036 392 1089 427; x_wconf 85' lang='lat' dir='ltr'>his</span> <span class='ocrx_word' id='word_1_18' title='bbox 1116 404 1167 427; x_wconf 90' lang='lat' dir='ltr'>ra-</span> 
     </span>
     <span class='ocr_line' id='line_1_5' title="bbox 493 441 1169 485; baseline -0.006 -6"><span class='ocrx_word' id='word_1_19' title='bbox 493 443 672 479; x_wconf 77' lang='lat' dir='ltr'>tionibus,</span> <span class='ocrx_word' id='word_1_20' title='bbox 700 455 785 485; x_wconf 88' lang='lat' dir='ltr'>rem,</span> <span class='ocrx_word' id='word_1_21' title='bbox 803 454 872 477; x_wconf 90' lang='lat' dir='ltr'>non</span> <span class='ocrx_word' id='word_1_22' title='bbox 890 441 1089 482; x_wconf 85' lang='lat' dir='ltr'>hominem;</span> <span class='ocrx_word' id='word_1_23' title='bbox 1108 450 1169 476; x_wconf 89' lang='lat' dir='ltr'>aut</span> 
     </span>
     <span class='ocr_line' id='line_1_6' title="bbox 493 489 1169 538; baseline -0.006 -10"><span class='ocrx_word' id='word_1_24' title='bbox 493 492 684 534; x_wconf 88' lang='lat' dir='ltr'>hominem,</span> <span class='ocrx_word' id='word_1_25' title='bbox 710 503 779 526; x_wconf 91' lang='lat' dir='ltr'>non</span> <span class='ocrx_word' id='word_1_26' title='bbox 798 503 881 533; x_wconf 86' lang='lat' dir='ltr'>rem,</span> <span class='ocrx_word' id='word_1_27' title='bbox 907 489 1048 538; x_wconf 72' lang='lat' dir='ltr'>speftari</span> <span class='ocrx_word' id='word_1_28' title='bbox 1065 501 1169 536; x_wconf 88' lang='lat' dir='ltr'>opor-</span> 
     </span>
     <span class='ocr_line' id='line_1_7' title="bbox 494 538 1169 593; baseline -0.006 -17"><span class='ocrx_word' id='word_1_29' title='bbox 494 551 584 576; x_wconf 91' lang='lat' dir='ltr'>tere:</span> <span class='ocrx_word' id='word_1_30' title='bbox 613 553 681 576; x_wconf 92' lang='lat' dir='ltr'>non</span> <span class='ocrx_word' id='word_1_31' title='bbox 700 541 833 588; x_wconf 89' lang='lat' dir='ltr'>placere</span> <span class='ocrx_word' id='word_1_32' title='bbox 849 539 950 574; x_wconf 90' lang='lat' dir='ltr'>nobis</span> <span class='ocrx_word' id='word_1_33' title='bbox 968 538 1066 593; x_wconf 67' lang='lat' dir='ltr'>ipsis,</span> <span class='ocrx_word' id='word_1_34' title='bbox 1086 550 1169 585; x_wconf 85' lang='lat' dir='ltr'>quae</span> 
     </span>
     <span class='ocr_line' id='line_1_8' title="bbox 494 586 1170 628; baseline -0.007 -3"><span class='ocrx_word' id='word_1_35' title='bbox 494 588 587 625; x_wconf 66' lang='lat' dir='ltr'>faeta</span> <span class='ocrx_word' id='word_1_36' title='bbox 618 589 779 624; x_wconf 86' lang='lat' dir='ltr'>dicantur</span> <span class='ocrx_word' id='word_1_37' title='bbox 810 588 855 623; x_wconf 87' lang='lat' dir='ltr'>ab</span> <span class='ocrx_word' id='word_1_38' title='bbox 889 586 1099 628; x_wconf 78' lang='lat' dir='ltr'>adversariis,</span> <span class='ocrx_word' id='word_1_39' title='bbox 1136 597 1170 621; x_wconf 94' lang='lat' dir='ltr'>et</span> 
     </span>
     <span class='ocr_line' id='line_1_9' title="bbox 493 635 1170 685; baseline -0.007 -11"><span class='ocrx_word' id='word_1_40' title='bbox 493 639 558 674; x_wconf 82' lang='lat' dir='ltr'>effe</span> <span class='ocrx_word' id='word_1_41' title='bbox 586 638 738 685; x_wconf 86' lang='lat' dir='ltr'>indigna,</span> <span class='ocrx_word' id='word_1_42' title='bbox 765 646 825 672; x_wconf 90' lang='lat' dir='ltr'>aut</span> <span class='ocrx_word' id='word_1_43' title='bbox 854 635 992 672; x_wconf 81' lang='lat' dir='ltr'>nefaria.</span> <span class='ocrx_word' id='word_1_44' title='bbox 1034 635 1170 670; x_wconf 88' lang='lat' dir='ltr'>Deinde</span> 
     </span>
     <span class='ocr_line' id='line_1_10' title="bbox 494 683 1167 725; baseline -0.006 -3"><span class='ocrx_word' id='word_1_45' title='bbox 494 699 577 722; x_wconf 91' lang='lat' dir='ltr'>cum</span> <span class='ocrx_word' id='word_1_46' title='bbox 595 687 654 722; x_wconf 90' lang='lat' dir='ltr'>diu</span> <span class='ocrx_word' id='word_1_47' title='bbox 682 699 752 721; x_wconf 88' lang='lat' dir='ltr'>rem</span> <span class='ocrx_word' id='word_1_48' title='bbox 779 684 988 725; x_wconf 80' lang='lat' dir='ltr'>auxerimus,</span> <span class='ocrx_word' id='word_1_49' title='bbox 1016 683 1101 718; x_wconf 89' lang='lat' dir='ltr'>nihil</span> <span class='ocrx_word' id='word_1_50' title='bbox 1127 684 1167 719; x_wconf 88' lang='lat' dir='ltr'>fi-</span> 
     </span>
     <span class='ocr_line' id='line_1_11' title="bbox 495 732 1170 773; baseline -0.004 -3"><span class='ocrx_word' id='word_1_51' title='bbox 495 736 577 771; x_wconf 88' lang='lat' dir='ltr'>rnile</span> <span class='ocrx_word' id='word_1_52' title='bbox 600 747 619 770; x_wconf 87' lang='lat' dir='ltr'>a</span> <span class='ocrx_word' id='word_1_53' title='bbox 646 735 746 770; x_wconf 89' lang='lat' dir='ltr'>nobis</span> <span class='ocrx_word' id='word_1_54' title='bbox 768 733 901 769; x_wconf 63' lang='lat' dir='ltr'>faeium</span> <span class='ocrx_word' id='word_1_55' title='bbox 925 732 1167 768; x_wconf 87' lang='lat' dir='ltr'>ostendemus·</span> <span class='ocrx_word' id='word_1_56' title='bbox 1159 749 1170 773; x_wconf 89' lang='lat'>;</span> 
     </span>
     <span class='ocr_line' id='line_1_12' title="bbox 496 780 1168 830; baseline -0.007 -10"><span class='ocrx_word' id='word_1_57' title='bbox 496 794 557 820; x_wconf 90' lang='lat' dir='ltr'>aut</span> <span class='ocrx_word' id='word_1_58' title='bbox 586 783 785 830; x_wconf 85' lang='lat' dir='ltr'>aliquorum</span> <span class='ocrx_word' id='word_1_59' title='bbox 805 781 981 829; x_wconf 88' lang='lat' dir='ltr'>judicium</span> <span class='ocrx_word' id='word_1_60' title='bbox 1007 782 1050 816; x_wconf 91' lang='lat' dir='ltr'>de</span> <span class='ocrx_word' id='word_1_61' title='bbox 1067 780 1168 816; x_wconf 78' lang='lat' dir='ltr'>simili</span> 
     </span>
     <span class='ocr_line' id='line_1_13' title="bbox 494 830 1168 876; baseline -0.004 -8"><span class='ocrx_word' id='word_1_62' title='bbox 494 833 606 876; x_wconf 89' lang='lat' dir='ltr'>causa,</span> <span class='ocrx_word' id='word_1_63' title='bbox 633 843 693 867; x_wconf 84' lang='lat' dir='ltr'>aut</span> <span class='ocrx_word' id='word_1_64' title='bbox 714 832 757 867; x_wconf 88' lang='lat' dir='ltr'>de</span> <span class='ocrx_word' id='word_1_65' title='bbox 784 831 917 873; x_wconf 84' lang='lat' dir='ltr'>eadem,</span> <span class='ocrx_word' id='word_1_66' title='bbox 945 840 1005 866; x_wconf 88' lang='lat' dir='ltr'>aut</span> <span class='ocrx_word' id='word_1_67' title='bbox 1034 830 1077 865; x_wconf 91' lang='lat' dir='ltr'>de</span> <span class='ocrx_word' id='word_1_68' title='bbox 1104 830 1168 865; x_wconf 91' lang='lat' dir='ltr'>mi-</span> 
     </span>
     <span class='ocr_line' id='line_1_14' title="bbox 495 877 1169 927; baseline -0.003 -11"><span class='ocrx_word' id='word_1_69' title='bbox 495 894 590 924; x_wconf 92' lang='lat' dir='ltr'>nore,</span> <span class='ocrx_word' id='word_1_70' title='bbox 627 891 687 916; x_wconf 88' lang='lat' dir='ltr'>aut</span> <span class='ocrx_word' id='word_1_71' title='bbox 704 881 747 916; x_wconf 92' lang='lat' dir='ltr'>de</span> <span class='ocrx_word' id='word_1_72' title='bbox 776 879 915 927; x_wconf 87' lang='lat' dir='ltr'>majore,</span> <span class='ocrx_word' id='word_1_73' title='bbox 943 877 1169 927; x_wconf 84' lang='lat' dir='ltr'>proferemus.</span> 
     </span>
     <span class='ocr_line' id='line_1_15' title="bbox 494 928 1169 975; baseline -0.006 -9"><span class='ocrx_word' id='word_1_74' title='bbox 494 930 632 966; x_wconf 88' lang='lat' dir='ltr'>Deinde</span> <span class='ocrx_word' id='word_1_75' title='bbox 660 929 705 964; x_wconf 86' lang='lat' dir='ltr'>ad</span> <span class='ocrx_word' id='word_1_76' title='bbox 729 929 878 965; x_wconf 81' lang='lat' dir='ltr'>nostram</span> <span class='ocrx_word' id='word_1_77' title='bbox 907 928 1043 963; x_wconf 84' lang='lat' dir='ltr'>causam</span> <span class='ocrx_word' id='word_1_78' title='bbox 1066 928 1169 975; x_wconf 90' lang='lat' dir='ltr'>pede-</span> 
     </span>
     <span class='ocr_line' id='line_1_16' title="bbox 491 976 1168 1020; baseline -0.006 -6"><span class='ocrx_word' id='word_1_79' title='bbox 491 979 617 1014; x_wconf 73' lang='lat' dir='ltr'>tentim</span> <span class='ocrx_word' id='word_1_80' title='bbox 651 978 865 1020; x_wconf 84' lang='lat' dir='ltr'>accedemus,</span> <span class='ocrx_word' id='word_1_81' title='bbox 906 987 941 1011; x_wconf 90' lang='lat' dir='ltr'>et</span> <span class='ocrx_word' id='word_1_82' title='bbox 973 976 1168 1012; x_wconf 90' lang='lat' dir='ltr'>similitudi-</span> 
     </span>
     <span class='ocr_line' id='line_1_17' title="bbox 496 1025 1167 1072; baseline -0.006 -10"><span class='ocrx_word' id='word_1_83' title='bbox 496 1039 575 1063; x_wconf 89' lang='lat' dir='ltr'>nem</span> <span class='ocrx_word' id='word_1_84' title='bbox 593 1026 819 1062; x_wconf 88' lang='lat' dir='ltr'>conferemus.</span> <span class='ocrx_word' id='word_1_85' title='bbox 859 1026 947 1061; x_wconf 86' lang='lat' dir='ltr'>Item</span> <span class='ocrx_word' id='word_1_86' title='bbox 974 1025 999 1060; x_wconf 91' lang='lat' dir='ltr'>si</span> <span class='ocrx_word' id='word_1_87' title='bbox 1026 1025 1167 1072; x_wconf 84' lang='lat' dir='ltr'>negabi-</span> 
     </span>
     <span class='ocr_line' id='line_1_18' title="bbox 496 1072 1169 1119; baseline -0.006 -8"><span class='ocrx_word' id='word_1_88' title='bbox 496 1088 588 1119; x_wconf 78' lang='grc' dir='ltr'>πως,</span> <span class='ocrx_word' id='word_1_89' title='bbox 626 1087 688 1111; x_wconf 89' lang='lat' dir='ltr'>nos</span> <span class='ocrx_word' id='word_1_90' title='bbox 719 1075 762 1109; x_wconf 91' lang='lat' dir='ltr'>de</span> <span class='ocrx_word' id='word_1_91' title='bbox 791 1073 1000 1116; x_wconf 88' lang='lat' dir='ltr'>adversariis,</span> <span class='ocrx_word' id='word_1_92' title='bbox 1035 1082 1096 1108; x_wconf 90' lang='lat' dir='ltr'>aut</span> <span class='ocrx_word' id='word_1_93' title='bbox 1125 1072 1169 1107; x_wconf 92' lang='lat' dir='ltr'>de</span> 
     </span>
     <span class='ocr_line' id='line_1_19' title="bbox 493 1123 1171 1171; baseline -0.006 -12"><span class='ocrx_word' id='word_1_94' title='bbox 493 1124 612 1171; x_wconf 86' lang='lat' dir='ltr'>aliqua</span> <span class='ocrx_word' id='word_1_95' title='bbox 633 1135 679 1166; x_wconf 91' lang='lat' dir='ltr'>re,</span> <span class='ocrx_word' id='word_1_96' title='bbox 709 1123 876 1165; x_wconf 67' lang='lat' dir='ltr'>dieturos,</span> <span class='ocrx_word' id='word_1_97' title='bbox 904 1132 940 1156; x_wconf 89' lang='lat' dir='ltr'>et</span> <span class='ocrx_word' id='word_1_98' title='bbox 967 1131 1081 1156; x_wconf 88' lang='lat' dir='ltr'>tamen</span> <span class='ocrx_word' id='word_1_99' title='bbox 1110 1133 1171 1156; x_wconf 90' lang='lat' dir='ltr'>oc-</span> 
     </span>
     <span class='ocr_line' id='line_1_20' title="bbox 494 1169 1170 1217; baseline -0.004 -9"><span class='ocrx_word' id='word_1_100' title='bbox 494 1173 589 1208; x_wconf 90' lang='lat' dir='ltr'>culte</span> <span class='ocrx_word' id='word_1_101' title='bbox 610 1172 766 1208; x_wconf 87' lang='lat' dir='ltr'>dicemus</span> <span class='ocrx_word' id='word_1_102' title='bbox 792 1169 1024 1217; x_wconf 68' lang='lat' dir='ltr'>inteq&#39;eetione</span> <span class='ocrx_word' id='word_1_103' title='bbox 1045 1170 1170 1206; x_wconf 84' lang='lat' dir='ltr'>verbo-</span> 
     </span>
     <span class='ocr_line' id='line_1_21' title="bbox 496 1217 1170 1275; baseline -0.004 -18"><span class='ocrx_word' id='word_1_104' title='bbox 496 1234 587 1257; x_wconf 84' lang='lat' dir='ltr'>rum.</span> <span class='ocrx_word' id='word_1_105' title='bbox 629 1221 664 1256; x_wconf 90' lang='lat' dir='ltr'>Si</span> <span class='ocrx_word' id='word_1_106' title='bbox 690 1219 865 1275; x_wconf 87' lang='lat' dir='ltr'>persuasus</span> <span class='ocrx_word' id='word_1_107' title='bbox 890 1219 1028 1254; x_wconf 85' lang='lat' dir='ltr'>auditor</span> <span class='ocrx_word' id='word_1_108' title='bbox 1052 1217 1170 1262; x_wconf 89' lang='lat' dir='ltr'>fuerit,</span> 
     </span>
     <span class='ocr_line' id='line_1_22' title="bbox 496 1267 1170 1312; baseline -0.006 -5.994"><span class='ocrx_word' id='word_1_109' title='bbox 496 1271 531 1306; x_wconf 83' lang='lat' dir='ltr'>id</span> <span class='ocrx_word' id='word_1_110' title='bbox 548 1271 609 1312; x_wconf 90' lang='lat' dir='ltr'>est,</span> <span class='ocrx_word' id='word_1_111' title='bbox 635 1270 660 1305; x_wconf 88' lang='lat' dir='ltr'>fi</span> <span class='ocrx_word' id='word_1_112' title='bbox 677 1270 788 1305; x_wconf 89' lang='lat' dir='ltr'>oratio</span> <span class='ocrx_word' id='word_1_113' title='bbox 814 1267 1085 1303; x_wconf 88' lang='lat' dir='ltr'>adversariorum</span> <span class='ocrx_word' id='word_1_114' title='bbox 1109 1278 1170 1303; x_wconf 88' lang='lat' dir='ltr'>au-</span> 
     </span>
     <span class='ocr_line' id='line_1_23' title="bbox 493 1317 1171 1364; baseline -0.004 -10"><span class='ocrx_word' id='word_1_115' title='bbox 493 1319 670 1354; x_wconf 88' lang='lat' dir='ltr'>ditoribus</span> <span class='ocrx_word' id='word_1_116' title='bbox 707 1319 813 1353; x_wconf 85' lang='lat' dir='ltr'>fidem</span> <span class='ocrx_word' id='word_1_117' title='bbox 854 1317 995 1352; x_wconf 88' lang='lat' dir='ltr'>fecerit:</span> <span class='ocrx_word' id='word_1_118' title='bbox 1041 1321 1171 1364; x_wconf 85' lang='lat' dir='ltr'>(neque</span> 
     </span>
     <span class='ocr_line' id='line_1_24' title="bbox 495 1365 1170 1420; baseline -0.006 -16"><span class='ocrx_word' id='word_1_119' title='bbox 495 1368 588 1404; x_wconf 89' lang='lat' dir='ltr'>enirn</span> <span class='ocrx_word' id='word_1_120' title='bbox 624 1379 693 1402; x_wconf 90' lang='lat' dir='ltr'>non</span> <span class='ocrx_word' id='word_1_121' title='bbox 722 1366 824 1402; x_wconf 87' lang='lat' dir='ltr'>facile</span> <span class='ocrx_word' id='word_1_122' title='bbox 851 1365 933 1400; x_wconf 83' lang='lat' dir='ltr'>scire</span> <span class='ocrx_word' id='word_1_123' title='bbox 966 1365 1170 1420; x_wconf 82' lang='lat' dir='ltr'>poterimus,</span> 
     </span>
     <span class='ocr_line' id='line_1_25' title="bbox 496 1413 1171 1464; baseline -0.004 -12"><span class='ocrx_word' id='word_1_124' title='bbox 496 1415 663 1464; x_wconf 87' lang='lat' dir='ltr'>quoniam</span> <span class='ocrx_word' id='word_1_125' title='bbox 682 1427 750 1451; x_wconf 92' lang='lat' dir='ltr'>non</span> <span class='ocrx_word' id='word_1_126' title='bbox 769 1415 886 1450; x_wconf 89' lang='lat' dir='ltr'>sumus</span> <span class='ocrx_word' id='word_1_127' title='bbox 903 1413 1017 1457; x_wconf 87' lang='lat' dir='ltr'>nescii,</span> <span class='ocrx_word' id='word_1_128' title='bbox 1039 1413 1171 1462; x_wconf 91' lang='lat' dir='ltr'>quibus</span> 
     </span>
     <span class='ocr_line' id='line_1_26' title="bbox 497 1463 1170 1510; baseline -0.006 -9"><span class='ocrx_word' id='word_1_129' title='bbox 497 1465 601 1501; x_wconf 85' lang='lat' dir='ltr'>rebus</span> <span class='ocrx_word' id='word_1_130' title='bbox 618 1465 703 1500; x_wconf 87' lang='lat' dir='ltr'>fides</span> <span class='ocrx_word' id='word_1_131' title='bbox 727 1464 798 1499; x_wconf 85' lang='lat' dir='ltr'>fieri</span> <span class='ocrx_word' id='word_1_132' title='bbox 823 1463 943 1506; x_wconf 83' lang='lat' dir='ltr'>soleat)</span> <span class='ocrx_word' id='word_1_133' title='bbox 967 1475 1051 1510; x_wconf 87' lang='lat' dir='ltr'>ergo</span> <span class='ocrx_word' id='word_1_134' title='bbox 1078 1463 1102 1498; x_wconf 91' lang='lat' dir='ltr'>si</span> <span class='ocrx_word' id='word_1_135' title='bbox 1129 1463 1170 1498; x_wconf 88' lang='lat' dir='ltr'>fi-</span> 
     </span>
     <span class='ocr_line' id='line_1_27' title="bbox 496 1511 1170 1560; baseline -0.004 -11"><span class='ocrx_word' id='word_1_136' title='bbox 496 1513 576 1549; x_wconf 88' lang='lat' dir='ltr'>dem</span> <span class='ocrx_word' id='word_1_137' title='bbox 607 1512 734 1549; x_wconf 62' lang='lat' dir='ltr'>fastam</span> <span class='ocrx_word' id='word_1_138' title='bbox 769 1512 986 1560; x_wconf 87' lang='lat' dir='ltr'>putabimus,</span> <span class='ocrx_word' id='word_1_139' title='bbox 1026 1511 1077 1547; x_wconf 87' lang='lat' dir='ltr'>his</span> <span class='ocrx_word' id='word_1_140' title='bbox 1107 1524 1170 1547; x_wconf 89' lang='lat' dir='ltr'>nos</span> 
     </span>
     <span class='ocr_line' id='line_1_28' title="bbox 497 1560 1171 1599; baseline -0.006 0"><span class='ocrx_word' id='word_1_141' title='bbox 497 1563 600 1599; x_wconf 86' lang='lat' dir='ltr'>rebus</span> <span class='ocrx_word' id='word_1_142' title='bbox 619 1562 868 1598; x_wconf 80' lang='lat' dir='ltr'>insinuabimus</span> <span class='ocrx_word' id='word_1_143' title='bbox 886 1561 928 1596; x_wconf 91' lang='lat' dir='ltr'>ad</span> <span class='ocrx_word' id='word_1_144' title='bbox 944 1560 1100 1598; x_wconf 85' lang='lat' dir='ltr'>causam:</span> <span class='ocrx_word' id='word_1_145' title='bbox 1128 1561 1171 1595; x_wconf 95' lang='lat' dir='ltr'>de</span> 
     </span>
     <span class='ocr_line' id='line_1_29' title="bbox 495 1609 1170 1659; baseline -0.004 -12"><span class='ocrx_word' id='word_1_146' title='bbox 495 1624 550 1654; x_wconf 92' lang='lat' dir='ltr'>eo,</span> <span class='ocrx_word' id='word_1_147' title='bbox 593 1611 692 1659; x_wconf 87' lang='lat' dir='ltr'>quod</span> <span class='ocrx_word' id='word_1_148' title='bbox 726 1609 904 1645; x_wconf 89' lang='lat' dir='ltr'>adversarii</span> <span class='ocrx_word' id='word_1_149' title='bbox 940 1609 1170 1645; x_wconf 74' lang='lat' dir='ltr'>firmissimum</span> 
     </span>
     <span class='ocr_line' id='line_1_30' title="bbox 498 1658 1171 1707; baseline -0.004 -11"><span class='ocrx_word' id='word_1_150' title='bbox 498 1661 561 1696; x_wconf 91' lang='lat' dir='ltr'>sibi</span> <span class='ocrx_word' id='word_1_151' title='bbox 584 1659 823 1707; x_wconf 89' lang='lat' dir='ltr'>adjumentum</span> <span class='ocrx_word' id='word_1_152' title='bbox 849 1668 1074 1706; x_wconf 87' lang='lat' dir='ltr'>putaverunt,</span> <span class='ocrx_word' id='word_1_153' title='bbox 1101 1658 1171 1706; x_wconf 82' lang='lat' dir='ltr'>pri·</span> 
     </span>
     <span class='ocr_line' id='line_1_31' title="bbox 497 1707 1170 1755; baseline -0.006 -10"><span class='ocrx_word' id='word_1_154' title='bbox 497 1721 597 1745; x_wconf 87' lang='lat' dir='ltr'>mum</span> <span class='ocrx_word' id='word_1_155' title='bbox 627 1721 690 1744; x_wconf 88' lang='lat' dir='ltr'>nos</span> <span class='ocrx_word' id='word_1_156' title='bbox 718 1708 873 1743; x_wconf 63' lang='lat' dir='ltr'>disturos</span> <span class='ocrx_word' id='word_1_157' title='bbox 901 1707 1170 1755; x_wconf 85' lang='lat' dir='ltr'>pollicebimur;</span> 
     </span>
     <span class='ocr_line' id='line_1_32' title="bbox 497 1756 1172 1793; baseline -0.004 0"><span class='ocrx_word' id='word_1_158' title='bbox 497 1768 559 1793; x_wconf 86' lang='lat' dir='ltr'>aut</span> <span class='ocrx_word' id='word_1_159' title='bbox 595 1758 640 1792; x_wconf 86' lang='lat' dir='ltr'>ab</span> <span class='ocrx_word' id='word_1_160' title='bbox 675 1756 855 1792; x_wconf 84' lang='lat' dir='ltr'>adversarii</span> <span class='ocrx_word' id='word_1_161' title='bbox 889 1756 984 1791; x_wconf 66' lang='lat' dir='ltr'>dieto</span> <span class='ocrx_word' id='word_1_162' title='bbox 1016 1756 1172 1791; x_wconf 85' lang='lat' dir='ltr'>exordie-</span> 
     </span>
     <span class='ocr_line' id='line_1_33' title="bbox 497 1805 1174 1852; baseline -0.004 -10"><span class='ocrx_word' id='word_1_163' title='bbox 497 1819 590 1849; x_wconf 86' lang='lat' dir='ltr'>mur,</span> <span class='ocrx_word' id='word_1_164' title='bbox 616 1816 650 1841; x_wconf 90' lang='lat' dir='ltr'>et</span> <span class='ocrx_word' id='word_1_165' title='bbox 678 1807 722 1841; x_wconf 86' lang='lat' dir='ltr'>ab</span> <span class='ocrx_word' id='word_1_166' title='bbox 742 1818 784 1841; x_wconf 92' lang='lat' dir='ltr'>eo</span> <span class='ocrx_word' id='word_1_167' title='bbox 806 1805 966 1848; x_wconf 84' lang='lat' dir='ltr'>maxime,</span> <span class='ocrx_word' id='word_1_168' title='bbox 993 1805 1089 1852; x_wconf 90' lang='lat' dir='ltr'>quod</span> <span class='ocrx_word' id='word_1_169' title='bbox 1118 1805 1174 1839; x_wconf 86' lang='lat' dir='ltr'>ille</span> 
     </span>
     <span class='ocr_line' id='line_1_34' title="bbox 498 1853 1174 1903; baseline -0.003 -13"><span class='ocrx_word' id='word_1_170' title='bbox 498 1856 695 1903; x_wconf 86' lang='lat' dir='ltr'>nuperrime</span> <span class='ocrx_word' id='word_1_171' title='bbox 711 1855 836 1890; x_wconf 84' lang='lat' dir='ltr'>dixerit</span> <span class='ocrx_word' id='word_1_172' title='bbox 851 1872 860 1896; x_wconf 93' lang='lat'>-,</span> <span class='ocrx_word' id='word_1_173' title='bbox 879 1864 940 1889; x_wconf 89' lang='lat' dir='ltr'>aut</span> <span class='ocrx_word' id='word_1_174' title='bbox 955 1853 1174 1889; x_wconf 83' lang='lat' dir='ltr'>dubitatione</span> 
     </span>
     <span class='ocr_line' id='line_1_35' title="bbox 498 1903 1172 1951; baseline -0.003 -12"><span class='ocrx_word' id='word_1_175' title='bbox 498 1914 660 1946; x_wconf 85' lang='lat' dir='ltr'>utemur,</span> <span class='ocrx_word' id='word_1_176' title='bbox 698 1903 784 1950; x_wconf 83' lang='lat' dir='ltr'>quid</span> <span class='ocrx_word' id='word_1_177' title='bbox 827 1903 1039 1951; x_wconf 87' lang='lat' dir='ltr'>potissimum</span> <span class='ocrx_word' id='word_1_178' title='bbox 1079 1903 1172 1937; x_wconf 87' lang='lat' dir='ltr'>dica-</span> 
     </span>
     <span class='ocr_line' id='line_1_36' title="bbox 499 1951 1172 1999; baseline -0.004 -11"><span class='ocrx_word' id='word_1_179' title='bbox 499 1965 590 1995; x_wconf 87' lang='lat' dir='ltr'>mus,</span> <span class='ocrx_word' id='word_1_180' title='bbox 618 1962 677 1987; x_wconf 90' lang='lat' dir='ltr'>aut</span> <span class='ocrx_word' id='word_1_181' title='bbox 695 1953 751 1987; x_wconf 85' lang='lat' dir='ltr'>cui</span> <span class='ocrx_word' id='word_1_182' title='bbox 770 1952 849 1987; x_wconf 88' lang='lat' dir='ltr'>loco</span> <span class='ocrx_word' id='word_1_183' title='bbox 866 1951 1019 1999; x_wconf 89' lang='lat' dir='ltr'>primum</span> <span class='ocrx_word' id='word_1_184' title='bbox 1037 1951 1172 1998; x_wconf 85' lang='lat' dir='ltr'>respon·</span> 
     </span>
     <span class='ocr_line' id='line_1_37' title="bbox 499 2000 1171 2036; baseline -0.003 0"><span class='ocrx_word' id='word_1_185' title='bbox 499 2002 642 2036; x_wconf 80' lang='lat' dir='ltr'>deamus</span> <span class='ocrx_word' id='word_1_186' title='bbox 672 2013 753 2036; x_wconf 89' lang='lat' dir='ltr'>cum</span> <span class='ocrx_word' id='word_1_187' title='bbox 777 2000 1010 2035; x_wconf 87' lang='lat' dir='ltr'>admiratione.</span> <span class='ocrx_word' id='word_1_188' title='bbox 1053 2000 1088 2034; x_wconf 87' lang='lat' dir='ltr'>Si</span> <span class='ocrx_word' id='word_1_189' title='bbox 1111 2000 1171 2034; x_wconf 87' lang='lat' dir='ltr'>de-</span> 
     </span>
     <span class='ocr_line' id='line_1_38' title="bbox 499 2049 1171 2095; baseline -0.004 -9"><span class='ocrx_word' id='word_1_190' title='bbox 499 2049 571 2086; x_wconf 70' lang='lat' dir='ltr'>tem</span> <span class='ocrx_word' id='word_1_191' title='bbox 589 2060 688 2086; x_wconf 84' lang='lat' dir='ltr'>erunt</span> <span class='ocrx_word' id='word_1_192' title='bbox 706 2049 902 2090; x_wconf 88' lang='lat' dir='ltr'>audiendo,</span> <span class='ocrx_word' id='word_1_193' title='bbox 929 2050 974 2083; x_wconf 92' lang='lat' dir='ltr'>ab</span> <span class='ocrx_word' id='word_1_194' title='bbox 990 2049 1108 2095; x_wconf 78' lang='lat' dir='ltr'>aliqua</span> <span class='ocrx_word' id='word_1_195' title='bbox 1126 2061 1171 2091; x_wconf 84' lang='lat' dir='ltr'>re,</span> 
     </span>
     <span class='ocr_line' id='line_1_39' title="bbox 498 2098 1172 2147; baseline -0.006 -12"><span class='ocrx_word' id='word_1_196' title='bbox 498 2111 582 2147; x_wconf 84' lang='lat' dir='ltr'>quae</span> <span class='ocrx_word' id='word_1_197' title='bbox 602 2100 703 2134; x_wconf 86' lang='lat' dir='ltr'>risum</span> <span class='ocrx_word' id='word_1_198' title='bbox 720 2109 857 2134; x_wconf 84' lang='lat' dir='ltr'>movere</span> <span class='ocrx_word' id='word_1_199' title='bbox 880 2099 993 2145; x_wconf 83' lang='lat' dir='ltr'>possit,</span> <span class='ocrx_word' id='word_1_200' title='bbox 1018 2098 1172 2133; x_wconf 83' lang='lat' dir='ltr'>exordie-</span> 
     </span>
     <span class='ocr_line' id='line_1_40' title="bbox 500 2145 1172 2196; baseline -0.005 -12"><span class='ocrx_word' id='word_1_201' title='bbox 500 2161 590 2189; x_wconf 80' lang='lat' dir='ltr'>mur,</span> <span class='ocrx_word' id='word_1_202' title='bbox 618 2149 662 2183; x_wconf 87' lang='lat' dir='ltr'>ab</span> <span class='ocrx_word' id='word_1_203' title='bbox 688 2147 853 2196; x_wconf 82' lang='lat' dir='ltr'>apologo,</span> <span class='ocrx_word' id='word_1_204' title='bbox 879 2158 899 2181; x_wconf 83' lang='lat' dir='ltr'>a</span> <span class='ocrx_word' id='word_1_205' title='bbox 923 2145 1043 2181; x_wconf 78' lang='lat' dir='ltr'>fabula</span> <span class='ocrx_word' id='word_1_206' title='bbox 1061 2146 1172 2181; x_wconf 87' lang='lat' dir='ltr'>verisi-</span> 
     </span>
     <span class='ocr_line' id='line_1_41' title="bbox 500 2195 1174 2242; baseline -0.006 -9"><span class='ocrx_word' id='word_1_207' title='bbox 500 2197 588 2240; x_wconf 86' lang='lat' dir='ltr'>mili,</span> <span class='ocrx_word' id='word_1_208' title='bbox 616 2197 817 2238; x_wconf 83' lang='lat' dir='ltr'>imitatione,</span> <span class='ocrx_word' id='word_1_209' title='bbox 842 2195 1098 2242; x_wconf 81' lang='lat' dir='ltr'>depravatione,</span> <span class='ocrx_word' id='word_1_210' title='bbox 1125 2195 1174 2229; x_wconf 91' lang='lat' dir='ltr'>in·</span> 
     </span>
     <span class='ocr_line' id='line_1_42' title="bbox 502 2243 1175 2298; baseline -0.002 -19"><span class='ocrx_word' id='word_1_211' title='bbox 502 2247 666 2289; x_wconf 76' lang='lat' dir='ltr'>versione,</span> <span class='ocrx_word' id='word_1_212' title='bbox 692 2245 872 2292; x_wconf 86' lang='lat' dir='ltr'>ambiguo,</span> <span class='ocrx_word' id='word_1_213' title='bbox 899 2243 1099 2298; x_wconf 82' lang='lat' dir='ltr'>suspicione,</span> <span class='ocrx_word' id='word_1_214' title='bbox 1132 2244 1175 2279; x_wconf 89' lang='lat' dir='ltr'>ir-</span> 
     </span>
     <span class='ocr_line' id='line_1_43' title="bbox 502 2293 1174 2341; baseline -0.004 -11"><span class='ocrx_word' id='word_1_215' title='bbox 502 2295 645 2337; x_wconf 83' lang='lat' dir='ltr'>risione,</span> <span class='ocrx_word' id='word_1_216' title='bbox 689 2294 853 2336; x_wconf 87' lang='lat' dir='ltr'>stultitia,</span> <span class='ocrx_word' id='word_1_217' title='bbox 894 2293 1174 2341; x_wconf 77' lang='lat' dir='ltr'>exiiiperatione,</span> 
     </span>
     <span class='ocr_line' id='line_1_44' title="bbox 501 2341 1174 2398; baseline -0.004 -19"><span class='ocrx_word' id='word_1_218' title='bbox 501 2344 698 2386; x_wconf 84' lang='lat' dir='ltr'>collatione,</span> <span class='ocrx_word' id='word_1_219' title='bbox 737 2341 939 2398; x_wconf 70' lang='lat' dir='ltr'>abjectione,</span> <span class='ocrx_word' id='word_1_220' title='bbox 974 2341 1174 2390; x_wconf 69' lang='lat' dir='ltr'>adjeffione,</span> 
     </span>
     <span class='ocr_line' id='line_1_45' title="bbox 503 2392 1176 2440; baseline -0.003 -13"><span class='ocrx_word' id='word_1_221' title='bbox 503 2393 679 2428; x_wconf 83' lang='lat' dir='ltr'>literarum</span> <span class='ocrx_word' id='word_1_222' title='bbox 738 2392 957 2433; x_wconf 64' lang='lat' dir='ltr'>mutatione,</span> <span class='ocrx_word' id='word_1_223' title='bbox 1011 2400 1176 2440; x_wconf 75' lang='lat' dir='ltr'>praeterea</span> 
     </span>
     <span class='ocr_line' id='line_1_46' title="bbox 500 2439 1174 2489; baseline -0.002 -12"><span class='ocrx_word' id='word_1_224' title='bbox 500 2442 756 2489; x_wconf 69' lang='lat' dir='ltr'>expectatione,</span> <span class='ocrx_word' id='word_1_225' title='bbox 798 2439 1037 2485; x_wconf 85' lang='lat' dir='ltr'>similitudine,</span> <span class='ocrx_word' id='word_1_226' title='bbox 1076 2440 1174 2477; x_wconf 89' lang='lat' dir='ltr'>novi-</span> 
     </span>
    </p>
   </div>
   <div class='ocr_carea' id='block_1_3' title="bbox 1217 293 1899 2490">
    <p class='ocr_par' dir='ltr' id='par_1_3' title="bbox 1217 293 1899 2490">
     <span class='ocr_line' id='line_1_47' title="bbox 1217 293 1893 338; baseline 0.003 -8"><span class='ocrx_word' id='word_1_227' title='bbox 1217 304 1300 338; x_wconf 80' lang='lat' dir='ltr'>tate,</span> <span class='ocrx_word' id='word_1_228' title='bbox 1332 294 1481 337; x_wconf 84' lang='lat' dir='ltr'>historia,</span> <span class='ocrx_word' id='word_1_229' title='bbox 1507 293 1632 337; x_wconf 79' lang='lat' dir='ltr'>versu3</span> <span class='ocrx_word' id='word_1_230' title='bbox 1670 302 1731 330; x_wconf 88' lang='lat' dir='ltr'>aut</span> <span class='ocrx_word' id='word_1_231' title='bbox 1759 294 1804 331; x_wconf 87' lang='lat' dir='ltr'>ab</span> <span class='ocrx_word' id='word_1_232' title='bbox 1832 294 1893 332; x_wconf 88' lang='lat' dir='ltr'>ali-</span> 
     </span>
     <span class='ocr_line' id='line_1_48' title="bbox 1218 342 1891 391; baseline 0.004 -13"><span class='ocrx_word' id='word_1_233' title='bbox 1218 342 1319 390; x_wconf 84' lang='lat' dir='ltr'>cujus</span> <span class='ocrx_word' id='word_1_234' title='bbox 1337 343 1620 391; x_wconf 87' lang='lat' dir='ltr'>interpellatione,</span> <span class='ocrx_word' id='word_1_235' title='bbox 1633 355 1693 380; x_wconf 88' lang='lat' dir='ltr'>aut</span> <span class='ocrx_word' id='word_1_236' title='bbox 1709 345 1888 381; x_wconf 86' lang='lat' dir='ltr'>arrisione·</span> <span class='ocrx_word' id='word_1_237' title='bbox 1880 372 1891 386; x_wconf 83' lang='grc'><em>,</em></span> 
     </span>
     <span class='ocr_line' id='line_1_49' title="bbox 1217 392 1892 441; baseline 0 -12"><span class='ocrx_word' id='word_1_238' title='bbox 1217 402 1251 429; x_wconf 85' lang='lat' dir='ltr'>et</span> <span class='ocrx_word' id='word_1_239' title='bbox 1269 392 1293 427; x_wconf 83' lang='lat' dir='ltr'>si</span> <span class='ocrx_word' id='word_1_240' title='bbox 1312 393 1579 440; x_wconf 86' lang='lat' dir='ltr'>promiserimus,</span> <span class='ocrx_word' id='word_1_241' title='bbox 1598 392 1706 434; x_wconf 84' lang='lat' dir='ltr'>aliter,</span> <span class='ocrx_word' id='word_1_242' title='bbox 1724 404 1763 428; x_wconf 89' lang='lat' dir='ltr'>ac</span> <span class='ocrx_word' id='word_1_243' title='bbox 1781 393 1892 441; x_wconf 86' lang='lat' dir='ltr'>parati</span> 
     </span>
     <span class='ocr_line' id='line_1_50' title="bbox 1218 440 1892 484; baseline 0.003 -8"><span class='ocrx_word' id='word_1_244' title='bbox 1218 440 1398 484; x_wconf 87' lang='lat' dir='ltr'>fuerimus,</span> <span class='ocrx_word' id='word_1_245' title='bbox 1430 453 1492 476; x_wconf 90' lang='lat' dir='ltr'>nos</span> <span class='ocrx_word' id='word_1_246' title='bbox 1520 441 1586 476; x_wconf 82' lang='lat' dir='ltr'>esse</span> <span class='ocrx_word' id='word_1_247' title='bbox 1613 441 1792 477; x_wconf 68' lang='lat' dir='ltr'>dieluros·</span> <span class='ocrx_word' id='word_1_248' title='bbox 1783 459 1795 483; x_wconf 86' lang='lat'><strong>;</strong></span> <span class='ocrx_word' id='word_1_249' title='bbox 1829 453 1892 478; x_wconf 78' lang='lat' dir='ltr'>nos</span> 
     </span>
     <span class='ocr_line' id='line_1_51' title="bbox 1219 489 1891 532; baseline 0.003 -8"><span class='ocrx_word' id='word_1_250' title='bbox 1219 501 1289 524; x_wconf 93' lang='lat' dir='ltr'>non</span> <span class='ocrx_word' id='word_1_251' title='bbox 1306 489 1428 524; x_wconf 90' lang='lat' dir='ltr'>eodem</span> <span class='ocrx_word' id='word_1_252' title='bbox 1454 489 1572 532; x_wconf 90' lang='lat' dir='ltr'>modo,</span> <span class='ocrx_word' id='word_1_253' title='bbox 1599 500 1640 525; x_wconf 89' lang='lat' dir='ltr'>ut</span> <span class='ocrx_word' id='word_1_254' title='bbox 1663 490 1779 526; x_wconf 87' lang='lat' dir='ltr'>caeteri</span> <span class='ocrx_word' id='word_1_255' title='bbox 1807 491 1891 526; x_wconf 90' lang='lat' dir='ltr'>sole-</span> 
     </span>
     <span class='ocr_line' id='line_1_52' title="bbox 1219 537 1891 585; baseline 0.003 -13"><span class='ocrx_word' id='word_1_256' title='bbox 1219 548 1291 580; x_wconf 87' lang='lat' dir='ltr'>ant,</span> <span class='ocrx_word' id='word_1_257' title='bbox 1316 538 1423 573; x_wconf 89' lang='lat' dir='ltr'>verba</span> <span class='ocrx_word' id='word_1_258' title='bbox 1440 537 1591 573; x_wconf 61' lang='lat' dir='ltr'>facturos</span> <span class='ocrx_word' id='word_1_259' title='bbox 1607 555 1620 580; x_wconf 84' lang='lat'>·‚</span> <span class='ocrx_word' id='word_1_260' title='bbox 1645 538 1734 585; x_wconf 88' lang='lat' dir='ltr'>quid</span> <span class='ocrx_word' id='word_1_261' title='bbox 1758 539 1815 574; x_wconf 88' lang='lat' dir='ltr'>alii</span> <span class='ocrx_word' id='word_1_262' title='bbox 1841 539 1891 574; x_wconf 89' lang='lat' dir='ltr'>so·</span> 
     </span>
     <span class='ocr_line' id='line_1_53' title="bbox 1219 585 1893 633; baseline 0.006 -13"><span class='ocrx_word' id='word_1_263' title='bbox 1219 586 1323 627; x_wconf 86' lang='lat' dir='ltr'>leant,</span> <span class='ocrx_word' id='word_1_264' title='bbox 1349 586 1436 633; x_wconf 87' lang='lat' dir='ltr'>quid</span> <span class='ocrx_word' id='word_1_265' title='bbox 1454 598 1516 622; x_wconf 90' lang='lat' dir='ltr'>nos</span> <span class='ocrx_word' id='word_1_266' title='bbox 1533 585 1660 622; x_wconf 63' lang='lat' dir='ltr'>facturi</span> <span class='ocrx_word' id='word_1_267' title='bbox 1676 587 1794 631; x_wconf 85' lang='lat' dir='ltr'>fimus,</span> <span class='ocrx_word' id='word_1_268' title='bbox 1816 587 1893 624; x_wconf 88' lang='lat' dir='ltr'>bre·</span> 
     </span>
     <span class='ocr_line' id='line_1_54' title="bbox 1218 645 1851 683; baseline 0.005 -14"><span class='ocrx_word' id='word_1_269' title='bbox 1218 645 1308 670; x_wconf 90' lang='lat' dir='ltr'>viter</span> <span class='ocrx_word' id='word_1_270' title='bbox 1323 646 1548 683; x_wconf 85' lang='lat' dir='ltr'>exponemus.</span> <span class='ocrx_word' id='word_1_271' title='bbox 1847 661 1851 663; x_wconf 20' lang='grc' dir='ltr'><strong>Α</strong></span> 
     </span>
     <span class='ocr_line' id='line_1_55' title="bbox 1267 683 1895 720; baseline 0.003 -2"><span class='ocrx_word' id='word_1_272' title='bbox 1267 683 1352 719; x_wconf 87' lang='lat' dir='ltr'>VII.</span> <span class='ocrx_word' id='word_1_273' title='bbox 1409 684 1503 719; x_wconf 89' lang='lat' dir='ltr'>Inter</span> <span class='ocrx_word' id='word_1_274' title='bbox 1546 683 1808 720; x_wconf 88' lang='lat' dir='ltr'>insinuationem</span> <span class='ocrx_word' id='word_1_275' title='bbox 1858 693 1895 720; x_wconf 88' lang='lat' dir='ltr'>et</span> 
     </span>
     <span class='ocr_line' id='line_1_56' title="bbox 1218 731 1894 787; baseline 0.003 -20"><span class='ocrx_word' id='word_1_276' title='bbox 1218 731 1432 787; x_wconf 81' lang='lat' dir='ltr'>principium</span> <span class='ocrx_word' id='word_1_277' title='bbox 1481 732 1548 768; x_wconf 85' lang='lat' dir='ltr'>hoc</span> <span class='ocrx_word' id='word_1_278' title='bbox 1596 733 1751 775; x_wconf 86' lang='lat' dir='ltr'>interest,</span> <span class='ocrx_word' id='word_1_279' title='bbox 1795 733 1894 781; x_wconf 90' lang='lat' dir='ltr'>quod</span> 
     </span>
     <span class='ocr_line' id='line_1_57' title="bbox 1217 780 1894 829; baseline 0.004 -14"><span class='ocrx_word' id='word_1_280' title='bbox 1217 781 1432 829; x_wconf 88' lang='lat' dir='ltr'>principium</span> <span class='ocrx_word' id='word_1_281' title='bbox 1456 780 1652 828; x_wconf 88' lang='lat' dir='ltr'>hujusmodi</span> <span class='ocrx_word' id='word_1_282' title='bbox 1677 782 1780 818; x_wconf 88' lang='lat' dir='ltr'>debet</span> <span class='ocrx_word' id='word_1_283' title='bbox 1815 783 1894 824; x_wconf 81' lang='lat' dir='ltr'>ess&#39;e,</span> 
     </span>
     <span class='ocr_line' id='line_1_58' title="bbox 1219 829 1894 879; baseline 0.003 -15"><span class='ocrx_word' id='word_1_284' title='bbox 1219 839 1260 865; x_wconf 89' lang='lat' dir='ltr'>ut</span> <span class='ocrx_word' id='word_1_285' title='bbox 1285 830 1397 865; x_wconf 88' lang='lat' dir='ltr'>statim</span> <span class='ocrx_word' id='word_1_286' title='bbox 1425 829 1551 878; x_wconf 87' lang='lat' dir='ltr'>apertis</span> <span class='ocrx_word' id='word_1_287' title='bbox 1575 831 1780 874; x_wconf 87' lang='lat' dir='ltr'>rationibus,</span> <span class='ocrx_word' id='word_1_288' title='bbox 1806 842 1894 879; x_wconf 79' lang='lat' dir='ltr'>quas</span> 
     </span>
     <span class='ocr_line' id='line_1_59' title="bbox 1220 879 1895 926; baseline 0.003 -12"><span class='ocrx_word' id='word_1_289' title='bbox 1220 879 1501 926; x_wconf 70' lang='lat' dir='ltr'>praescripslrnus‚</span> <span class='ocrx_word' id='word_1_290' title='bbox 1520 888 1580 914; x_wconf 89' lang='lat' dir='ltr'>aut</span> <span class='ocrx_word' id='word_1_291' title='bbox 1598 879 1821 921; x_wconf 85' lang='lat' dir='ltr'>benevolum,</span> <span class='ocrx_word' id='word_1_292' title='bbox 1834 888 1895 916; x_wconf 84' lang='lat' dir='ltr'>aut</span> 
     </span>
     <span class='ocr_line' id='line_1_60' title="bbox 1219 927 1895 970; baseline 0.001 -8"><span class='ocrx_word' id='word_1_293' title='bbox 1219 937 1403 970; x_wconf 88' lang='lat' dir='ltr'>attentum,</span> <span class='ocrx_word' id='word_1_294' title='bbox 1436 937 1498 962; x_wconf 88' lang='lat' dir='ltr'>aut</span> <span class='ocrx_word' id='word_1_295' title='bbox 1527 928 1688 968; x_wconf 88' lang='lat' dir='ltr'>docilem,</span> <span class='ocrx_word' id='word_1_296' title='bbox 1725 927 1895 963; x_wconf 82' lang='lat' dir='ltr'>faciamus</span> 
     </span>
     <span class='ocr_line' id='line_1_61' title="bbox 1218 975 1895 1023; baseline 0.003 -13"><span class='ocrx_word' id='word_1_297' title='bbox 1218 976 1423 1011; x_wconf 89' lang='lat' dir='ltr'>auditorem.</span> <span class='ocrx_word' id='word_1_298' title='bbox 1462 977 1516 1011; x_wconf 90' lang='lat' dir='ltr'>At</span> <span class='ocrx_word' id='word_1_299' title='bbox 1532 975 1714 1011; x_wconf 84' lang='lat' dir='ltr'>insinuatio</span> <span class='ocrx_word' id='word_1_300' title='bbox 1727 975 1895 1023; x_wconf 84' lang='lat' dir='ltr'>ejusmodi</span> 
     </span>
     <span class='ocr_line' id='line_1_62' title="bbox 1218 1023 1896 1072; baseline 0.004 -14"><span class='ocrx_word' id='word_1_301' title='bbox 1218 1023 1322 1058; x_wconf 89' lang='lat' dir='ltr'>debet</span> <span class='ocrx_word' id='word_1_302' title='bbox 1336 1024 1413 1066; x_wconf 83' lang='lat' dir='ltr'>effe,</span> <span class='ocrx_word' id='word_1_303' title='bbox 1439 1032 1480 1058; x_wconf 91' lang='lat' dir='ltr'>ut</span> <span class='ocrx_word' id='word_1_304' title='bbox 1496 1024 1634 1059; x_wconf 89' lang='lat' dir='ltr'>occulte</span> <span class='ocrx_word' id='word_1_305' title='bbox 1659 1037 1721 1072; x_wconf 88' lang='lat' dir='ltr'>per</span> <span class='ocrx_word' id='word_1_306' title='bbox 1740 1025 1896 1061; x_wconf 88' lang='lat' dir='ltr'>diffimu·</span> 
     </span>
     <span class='ocr_line' id='line_1_63' title="bbox 1218 1071 1895 1111; baseline 0.007 -5"><span class='ocrx_word' id='word_1_307' title='bbox 1218 1071 1382 1107; x_wconf 88' lang='lat' dir='ltr'>lationem</span> <span class='ocrx_word' id='word_1_308' title='bbox 1407 1072 1527 1107; x_wconf 90' lang='lat' dir='ltr'>eadem</span> <span class='ocrx_word' id='word_1_309' title='bbox 1554 1073 1612 1108; x_wconf 86' lang='lat' dir='ltr'>illa</span> <span class='ocrx_word' id='word_1_310' title='bbox 1633 1073 1750 1108; x_wconf 88' lang='lat' dir='ltr'>omnia</span> <span class='ocrx_word' id='word_1_311' title='bbox 1784 1074 1895 1111; x_wconf 86' lang='lat' dir='ltr'>confi-</span> 
     </span>
     <span class='ocr_line' id='line_1_64' title="bbox 1219 1120 1894 1164; baseline 0.005 -9"><span class='ocrx_word' id='word_1_312' title='bbox 1219 1120 1365 1164; x_wconf 89' lang='lat' dir='ltr'>ciamus,</span> <span class='ocrx_word' id='word_1_313' title='bbox 1390 1130 1432 1156; x_wconf 89' lang='lat' dir='ltr'>ut</span> <span class='ocrx_word' id='word_1_314' title='bbox 1447 1121 1489 1156; x_wconf 86' lang='lat' dir='ltr'>ad</span> <span class='ocrx_word' id='word_1_315' title='bbox 1505 1121 1648 1156; x_wconf 89' lang='lat' dir='ltr'>eandem</span> <span class='ocrx_word' id='word_1_316' title='bbox 1666 1123 1894 1158; x_wconf 84' lang='lat' dir='ltr'>commodita-</span> 
     </span>
     <span class='ocr_line' id='line_1_65' title="bbox 1219 1169 1895 1225; baseline 0.005 -21"><span class='ocrx_word' id='word_1_317' title='bbox 1219 1178 1290 1204; x_wconf 90' lang='lat' dir='ltr'>tem</span> <span class='ocrx_word' id='word_1_318' title='bbox 1307 1169 1342 1205; x_wconf 91' lang='lat' dir='ltr'>in</span> <span class='ocrx_word' id='word_1_319' title='bbox 1360 1169 1508 1206; x_wconf 82' lang='lat' dir='ltr'>dicendo</span> <span class='ocrx_word' id='word_1_320' title='bbox 1524 1171 1700 1225; x_wconf 80' lang='lat' dir='ltr'>pervenire</span> <span class='ocrx_word' id='word_1_321' title='bbox 1716 1173 1895 1219; x_wconf 85' lang='lat' dir='ltr'>poffimus.</span> 
     </span>
     <span class='ocr_line' id='line_1_66' title="bbox 1218 1218 1895 1256; baseline 0.006 -4"><span class='ocrx_word' id='word_1_322' title='bbox 1218 1218 1352 1253; x_wconf 90' lang='lat' dir='ltr'>Verum</span> <span class='ocrx_word' id='word_1_323' title='bbox 1384 1219 1439 1254; x_wconf 86' lang='lat' dir='ltr'>hae</span> <span class='ocrx_word' id='word_1_324' title='bbox 1473 1229 1540 1255; x_wconf 86' lang='lat' dir='ltr'>tres</span> <span class='ocrx_word' id='word_1_325' title='bbox 1569 1219 1733 1256; x_wconf 87' lang='lat' dir='ltr'>utilitates</span> <span class='ocrx_word' id='word_1_326' title='bbox 1763 1220 1895 1256; x_wconf 89' lang='lat' dir='ltr'>tametsi</span> 
     </span>
     <span class='ocr_line' id='line_1_67' title="bbox 1221 1267 1895 1317; baseline 0.006 -16"><span class='ocrx_word' id='word_1_327' title='bbox 1221 1267 1255 1301; x_wconf 93' lang='lat' dir='ltr'>in</span> <span class='ocrx_word' id='word_1_328' title='bbox 1272 1276 1346 1302; x_wconf 87' lang='lat' dir='ltr'>tota</span> <span class='ocrx_word' id='word_1_329' title='bbox 1361 1267 1515 1303; x_wconf 92' lang='lat' dir='ltr'>oratione</span> <span class='ocrx_word' id='word_1_330' title='bbox 1533 1267 1611 1304; x_wconf 91' lang='lat' dir='ltr'>sunt</span> <span class='ocrx_word' id='word_1_331' title='bbox 1635 1269 1895 1317; x_wconf 68' lang='lat' dir='ltr'>comparandae,</span> 
     </span>
     <span class='ocr_line' id='line_1_68' title="bbox 1220 1315 1897 1366; baseline 0.006 -16"><span class='ocrx_word' id='word_1_332' title='bbox 1220 1315 1287 1350; x_wconf 88' lang='lat' dir='ltr'>hoc</span> <span class='ocrx_word' id='word_1_333' title='bbox 1305 1316 1366 1358; x_wconf 91' lang='lat' dir='ltr'>est,</span> <span class='ocrx_word' id='word_1_334' title='bbox 1391 1326 1432 1351; x_wconf 91' lang='lat' dir='ltr'>ut</span> <span class='ocrx_word' id='word_1_335' title='bbox 1449 1316 1620 1352; x_wconf 87' lang='lat' dir='ltr'>auditores</span> <span class='ocrx_word' id='word_1_336' title='bbox 1638 1316 1701 1353; x_wconf 90' lang='lat' dir='ltr'>sese</span> <span class='ocrx_word' id='word_1_337' title='bbox 1726 1327 1897 1366; x_wconf 89' lang='lat' dir='ltr'>perpetuo</span> 
     </span>
     <span class='ocr_line' id='line_1_69' title="bbox 1221 1364 1896 1409; baseline 0.004 -10"><span class='ocrx_word' id='word_1_338' title='bbox 1221 1364 1321 1400; x_wconf 88' lang='lat' dir='ltr'>nobis</span> <span class='ocrx_word' id='word_1_339' title='bbox 1339 1375 1498 1407; x_wconf 91' lang='lat' dir='ltr'>attentos,</span> <span class='ocrx_word' id='word_1_340' title='bbox 1525 1366 1667 1409; x_wconf 90' lang='lat' dir='ltr'>dociles,</span> <span class='ocrx_word' id='word_1_341' title='bbox 1695 1367 1896 1409; x_wconf 87' lang='lat' dir='ltr'>benevolos,</span> 
     </span>
     <span class='ocr_line' id='line_1_70' title="bbox 1220 1414 1895 1462; baseline 0.004 -14"><span class='ocrx_word' id='word_1_342' title='bbox 1220 1414 1424 1461; x_wconf 78' lang='lat' dir='ltr'>praebeant3</span> <span class='ocrx_word' id='word_1_343' title='bbox 1451 1424 1564 1450; x_wconf 89' lang='lat' dir='ltr'>tamen</span> <span class='ocrx_word' id='word_1_344' title='bbox 1582 1414 1617 1449; x_wconf 90' lang='lat' dir='ltr'>id</span> <span class='ocrx_word' id='word_1_345' title='bbox 1635 1427 1696 1462; x_wconf 92' lang='lat' dir='ltr'>per</span> <span class='ocrx_word' id='word_1_346' title='bbox 1711 1415 1895 1451; x_wconf 88' lang='lat' dir='ltr'>exordium</span> 
     </span>
     <span class='ocr_line' id='line_1_71' title="bbox 1220 1462 1895 1511; baseline 0.006 -14"><span class='ocrx_word' id='word_1_347' title='bbox 1220 1462 1331 1498; x_wconf 86' lang='lat' dir='ltr'>causae</span> <span class='ocrx_word' id='word_1_348' title='bbox 1360 1462 1509 1498; x_wconf 86' lang='lat' dir='ltr'>maxime</span> <span class='ocrx_word' id='word_1_349' title='bbox 1535 1464 1808 1511; x_wconf 84' lang='lat' dir='ltr'>comparandum</span> <span class='ocrx_word' id='word_1_350' title='bbox 1834 1465 1895 1501; x_wconf 87' lang='lat' dir='ltr'>est.</span> 
     </span>
     <span class='ocr_line' id='line_1_72' title="bbox 1219 1511 1897 1560; baseline 0.004 -14"><span class='ocrx_word' id='word_1_351' title='bbox 1219 1511 1342 1553; x_wconf 92' lang='lat' dir='ltr'>Nunc,</span> <span class='ocrx_word' id='word_1_352' title='bbox 1368 1524 1410 1546; x_wconf 90' lang='lat' dir='ltr'>ne</span> <span class='ocrx_word' id='word_1_353' title='bbox 1432 1512 1574 1560; x_wconf 86' lang='lat' dir='ltr'>quando</span> <span class='ocrx_word' id='word_1_354' title='bbox 1602 1512 1726 1547; x_wconf 92' lang='lat' dir='ltr'>vitioso</span> <span class='ocrx_word' id='word_1_355' title='bbox 1753 1513 1897 1549; x_wconf 85' lang='lat' dir='ltr'>exordio</span> 
     </span>
     <span class='ocr_line' id='line_1_73' title="bbox 1220 1560 1895 1608; baseline 0.004 -14"><span class='ocrx_word' id='word_1_356' title='bbox 1220 1570 1373 1603; x_wconf 85' lang='lat' dir='ltr'>utamur,</span> <span class='ocrx_word' id='word_1_357' title='bbox 1407 1573 1490 1608; x_wconf 87' lang='lat' dir='ltr'>quae</span> <span class='ocrx_word' id='word_1_358' title='bbox 1520 1560 1606 1595; x_wconf 84' lang='lat' dir='ltr'>vitia</span> <span class='ocrx_word' id='word_1_359' title='bbox 1634 1561 1775 1596; x_wconf 84' lang='lat' dir='ltr'>vitanda</span> <span class='ocrx_word' id='word_1_360' title='bbox 1804 1562 1895 1605; x_wconf 83' lang='lat' dir='ltr'>sunt,</span> 
     </span>
     <span class='ocr_line' id='line_1_74' title="bbox 1220 1608 1895 1646; baseline 0.003 -2"><span class='ocrx_word' id='word_1_361' title='bbox 1220 1608 1366 1644; x_wconf 89' lang='lat' dir='ltr'>docebo.</span> <span class='ocrx_word' id='word_1_362' title='bbox 1411 1611 1451 1645; x_wconf 89' lang='lat' dir='ltr'>ln</span> <span class='ocrx_word' id='word_1_363' title='bbox 1476 1610 1684 1645; x_wconf 83' lang='lat' dir='ltr'>exordienda</span> <span class='ocrx_word' id='word_1_364' title='bbox 1709 1610 1808 1645; x_wconf 86' lang='lat' dir='ltr'>causa</span> <span class='ocrx_word' id='word_1_365' title='bbox 1831 1611 1895 1646; x_wconf 91' lang='lat' dir='ltr'>ser-</span> 
     </span>
     <span class='ocr_line' id='line_1_75' title="bbox 1221 1657 1898 1701; baseline 0.004 -10"><span class='ocrx_word' id='word_1_366' title='bbox 1221 1657 1375 1692; x_wconf 81' lang='lat' dir='ltr'>vandum</span> <span class='ocrx_word' id='word_1_367' title='bbox 1392 1658 1454 1699; x_wconf 86' lang='lat' dir='ltr'>est,</span> <span class='ocrx_word' id='word_1_368' title='bbox 1481 1668 1521 1693; x_wconf 91' lang='lat' dir='ltr'>ut</span> <span class='ocrx_word' id='word_1_369' title='bbox 1538 1658 1622 1693; x_wconf 89' lang='lat' dir='ltr'>lenis</span> <span class='ocrx_word' id='word_1_370' title='bbox 1648 1659 1688 1694; x_wconf 91' lang='lat' dir='ltr'>sit</span> <span class='ocrx_word' id='word_1_371' title='bbox 1716 1659 1835 1701; x_wconf 86' lang='lat' dir='ltr'>sermo,</span> <span class='ocrx_word' id='word_1_372' title='bbox 1861 1668 1898 1695; x_wconf 88' lang='lat' dir='ltr'>et</span> 
     </span>
     <span class='ocr_line' id='line_1_76' title="bbox 1222 1706 1897 1751; baseline 0.004 -11"><span class='ocrx_word' id='word_1_373' title='bbox 1222 1706 1344 1741; x_wconf 86' lang='lat' dir='ltr'>usitata</span> <span class='ocrx_word' id='word_1_374' title='bbox 1378 1707 1564 1742; x_wconf 89' lang='lat' dir='ltr'>verborum</span> <span class='ocrx_word' id='word_1_375' title='bbox 1595 1707 1820 1751; x_wconf 89' lang='lat' dir='ltr'>consuetudo,</span> <span class='ocrx_word' id='word_1_376' title='bbox 1855 1717 1897 1743; x_wconf 91' lang='lat' dir='ltr'>ut</span> 
     </span>
     <span class='ocr_line' id='line_1_77' title="bbox 1223 1756 1895 1803; baseline 0.004 -14"><span class='ocrx_word' id='word_1_377' title='bbox 1223 1767 1292 1790; x_wconf 91' lang='lat' dir='ltr'>non</span> <span class='ocrx_word' id='word_1_378' title='bbox 1362 1765 1480 1803; x_wconf 90' lang='lat' dir='ltr'>parata</span> <span class='ocrx_word' id='word_1_379' title='bbox 1500 1756 1612 1791; x_wconf 88' lang='lat' dir='ltr'>oratio</span> <span class='ocrx_word' id='word_1_380' title='bbox 1635 1756 1700 1791; x_wconf 80' lang='lat' dir='ltr'>effe</span> <span class='ocrx_word' id='word_1_381' title='bbox 1725 1756 1895 1793; x_wconf 87' lang='lat' dir='ltr'>videatur.</span> 
     </span>
     <span class='ocr_line' id='line_1_78' title="bbox 1223 1767 1895 1853; baseline 0.004 -15"><span class='ocrx_word' id='word_1_382' title='bbox 1223 1767 1397 1839; x_wconf 61' lang='lat' dir='ltr'>Vitiosiim</span> <span class='ocrx_word' id='word_1_383' title='bbox 1425 1805 1607 1840; x_wconf 87' lang='lat' dir='ltr'>exordium</span> <span class='ocrx_word' id='word_1_384' title='bbox 1636 1804 1696 1846; x_wconf 89' lang='lat' dir='ltr'>est,</span> <span class='ocrx_word' id='word_1_385' title='bbox 1731 1806 1828 1853; x_wconf 89' lang='lat' dir='ltr'>quod</span> <span class='ocrx_word' id='word_1_386' title='bbox 1860 1807 1895 1842; x_wconf 89' lang='lat' dir='ltr'>in</span> 
     </span>
     <span class='ocr_line' id='line_1_79' title="bbox 1223 1853 1895 1909; baseline 0.004 -22"><span class='ocrx_word' id='word_1_387' title='bbox 1223 1853 1340 1900; x_wconf 91' lang='lat' dir='ltr'>plures</span> <span class='ocrx_word' id='word_1_388' title='bbox 1366 1853 1482 1888; x_wconf 83' lang='lat' dir='ltr'>causas</span> <span class='ocrx_word' id='word_1_389' title='bbox 1499 1854 1609 1908; x_wconf 89' lang='lat' dir='ltr'>potest</span> <span class='ocrx_word' id='word_1_390' title='bbox 1627 1855 1895 1909; x_wconf 82' lang='lat' dir='ltr'>accommodari,</span> 
     </span>
     <span class='ocr_line' id='line_1_80' title="bbox 1223 1901 1894 1985; baseline 0.003 -48"><span class='ocrx_word' id='word_1_391' title='bbox 1223 1903 1320 1985; x_wconf 58' lang='lat' dir='ltr'>ffimd</span> <span class='ocrx_word' id='word_1_392' title='bbox 1337 1903 1473 1950; x_wconf 85' lang='lat' dir='ltr'>vulgare</span> <span class='ocrx_word' id='word_1_393' title='bbox 1496 1901 1767 1938; x_wconf 86' lang='lat' dir='ltr'>dicitur.1tem</span> <span class='ocrx_word' id='word_1_394' title='bbox 1792 1903 1894 1939; x_wconf 88' lang='lat' dir='ltr'>vitio-</span> 
     </span>
     <span class='ocr_line' id='line_1_81' title="bbox 1238 1951 1896 1999; baseline 0.003 -13.079"><span class='ocrx_word' id='word_1_395' title='bbox 1238 1962 1297 1986; x_wconf 89' lang='lat' dir='ltr'>um</span> <span class='ocrx_word' id='word_1_396' title='bbox 1314 1951 1374 1993; x_wconf 92' lang='lat' dir='ltr'>est,</span> <span class='ocrx_word' id='word_1_397' title='bbox 1401 1963 1475 1999; x_wconf 91' lang='lat' dir='ltr'>quo</span> <span class='ocrx_word' id='word_1_398' title='bbox 1498 1951 1606 1987; x_wconf 88' lang='lat' dir='ltr'>nihilo</span> <span class='ocrx_word' id='word_1_399' title='bbox 1633 1951 1747 1987; x_wconf 88' lang='lat' dir='ltr'>minus</span> <span class='ocrx_word' id='word_1_400' title='bbox 1775 1952 1896 1988; x_wconf 88' lang='lat' dir='ltr'>adver-</span> 
     </span>
     <span class='ocr_line' id='line_1_82' title="bbox 1222 1999 1898 2047; baseline 0.006 -14"><span class='ocrx_word' id='word_1_401' title='bbox 1222 1999 1327 2034; x_wconf 87' lang='lat' dir='ltr'>sarius</span> <span class='ocrx_word' id='word_1_402' title='bbox 1353 2000 1463 2047; x_wconf 81' lang='lat' dir='ltr'>potest</span> <span class='ocrx_word' id='word_1_403' title='bbox 1498 1999 1563 2044; x_wconf 88' lang='lat' dir='ltr'>uti,</span> <span class='ocrx_word' id='word_1_404' title='bbox 1606 2001 1704 2047; x_wconf 85' lang='lat' dir='ltr'>quod</span> <span class='ocrx_word' id='word_1_405' title='bbox 1741 2013 1898 2037; x_wconf 81' lang='lat' dir='ltr'>commune</span> 
     </span>
     <span class='ocr_line' id='line_1_83' title="bbox 1222 2048 1898 2097; baseline 0.007 -16"><span class='ocrx_word' id='word_1_406' title='bbox 1222 2049 1428 2096; x_wconf 86' lang='lat' dir='ltr'>appellatur.</span> <span class='ocrx_word' id='word_1_407' title='bbox 1472 2049 1559 2085; x_wconf 86' lang='lat' dir='ltr'>Item</span> <span class='ocrx_word' id='word_1_408' title='bbox 1589 2048 1687 2089; x_wconf 87' lang='lat' dir='ltr'>illud,</span> <span class='ocrx_word' id='word_1_409' title='bbox 1714 2062 1787 2097; x_wconf 91' lang='lat' dir='ltr'>quo</span> <span class='ocrx_word' id='word_1_410' title='bbox 1814 2050 1898 2086; x_wconf 85' lang='lat' dir='ltr'>levi-</span> 
     </span>
     <span class='ocr_line' id='line_1_84' title="bbox 1223 2097 1899 2147; baseline 0.006 -16"><span class='ocrx_word' id='word_1_411' title='bbox 1223 2106 1273 2132; x_wconf 87' lang='lat' dir='ltr'>ter</span> <span class='ocrx_word' id='word_1_412' title='bbox 1295 2108 1512 2134; x_wconf 88' lang='lat' dir='ltr'>commutato</span> <span class='ocrx_word' id='word_1_413' title='bbox 1537 2097 1744 2134; x_wconf 80' lang='lat' dir='ltr'>adversarius</span> <span class='ocrx_word' id='word_1_414' title='bbox 1772 2101 1899 2147; x_wconf 85' lang='lat' dir='ltr'>poterit</span> 
     </span>
     <span class='ocr_line' id='line_1_85' title="bbox 1222 2145 1896 2184; baseline 0.006 -4"><span class='ocrx_word' id='word_1_415' title='bbox 1222 2145 1273 2181; x_wconf 90' lang='lat' dir='ltr'>uti</span> <span class='ocrx_word' id='word_1_416' title='bbox 1307 2158 1349 2181; x_wconf 90' lang='lat' dir='ltr'>ex</span> <span class='ocrx_word' id='word_1_417' title='bbox 1384 2147 1567 2182; x_wconf 87' lang='lat' dir='ltr'>contrario.</span> <span class='ocrx_word' id='word_1_418' title='bbox 1612 2148 1698 2182; x_wconf 85' lang='lat' dir='ltr'>Item</span> <span class='ocrx_word' id='word_1_419' title='bbox 1731 2148 1896 2184; x_wconf 82' lang='lat' dir='ltr'>vitiosum</span> 
     </span>
     <span class='ocr_line' id='line_1_86' title="bbox 1223 2194 1896 2244; baseline 0.006 -15"><span class='ocrx_word' id='word_1_420' title='bbox 1223 2194 1284 2237; x_wconf 87' lang='lat' dir='ltr'>est,</span> <span class='ocrx_word' id='word_1_421' title='bbox 1310 2196 1406 2242; x_wconf 84' lang='lat' dir='ltr'>quod</span> <span class='ocrx_word' id='word_1_422' title='bbox 1425 2195 1571 2231; x_wconf 86' lang='lat' dir='ltr'>nimium</span> <span class='ocrx_word' id='word_1_423' title='bbox 1593 2197 1764 2244; x_wconf 78' lang='lat' dir='ltr'>apparatis</span> <span class='ocrx_word' id='word_1_424' title='bbox 1783 2198 1896 2233; x_wconf 85' lang='lat' dir='ltr'>verbis</span> 
     </span>
     <span class='ocr_line' id='line_1_87' title="bbox 1224 2244 1896 2293; baseline 0.004 -15"><span class='ocrx_word' id='word_1_425' title='bbox 1224 2244 1456 2291; x_wconf 89' lang='lat' dir='ltr'>compositum</span> <span class='ocrx_word' id='word_1_426' title='bbox 1473 2244 1532 2287; x_wconf 84' lang='lat' dir='ltr'>est,</span> <span class='ocrx_word' id='word_1_427' title='bbox 1553 2256 1612 2280; x_wconf 86' lang='lat' dir='ltr'>aut</span> <span class='ocrx_word' id='word_1_428' title='bbox 1632 2246 1733 2281; x_wconf 78' lang='lat' dir='ltr'>nimis</span> <span class='ocrx_word' id='word_1_429' title='bbox 1751 2247 1896 2293; x_wconf 85' lang='lat' dir='ltr'>longum</span> 
     </span>
     <span class='ocr_line' id='line_1_88' title="bbox 1223 2292 1895 2348; baseline 0.004 -21"><span class='ocrx_word' id='word_1_430' title='bbox 1223 2292 1283 2335; x_wconf 90' lang='lat' dir='ltr'>est,</span> <span class='ocrx_word' id='word_1_431' title='bbox 1309 2303 1342 2327; x_wconf 90' lang='lat' dir='ltr'>et</span> <span class='ocrx_word' id='word_1_432' title='bbox 1360 2293 1456 2341; x_wconf 86' lang='lat' dir='ltr'>quod</span> <span class='ocrx_word' id='word_1_433' title='bbox 1477 2306 1543 2329; x_wconf 88' lang='lat' dir='ltr'>non</span> <span class='ocrx_word' id='word_1_434' title='bbox 1562 2307 1603 2329; x_wconf 82' lang='lat' dir='ltr'>ex</span> <span class='ocrx_word' id='word_1_435' title='bbox 1623 2294 1692 2348; x_wconf 80' lang='lat' dir='ltr'>ipsa</span> <span class='ocrx_word' id='word_1_436' title='bbox 1720 2295 1818 2330; x_wconf 82' lang='lat' dir='ltr'>causa</span> <span class='ocrx_word' id='word_1_437' title='bbox 1837 2306 1895 2330; x_wconf 80' lang='lat' dir='ltr'>na-</span> 
     </span>
     <span class='ocr_line' id='line_1_89' title="bbox 1225 2341 1896 2397; baseline 0.005 -22"><span class='ocrx_word' id='word_1_438' title='bbox 1225 2351 1300 2376; x_wconf 87' lang='lat' dir='ltr'>tum</span> <span class='ocrx_word' id='word_1_439' title='bbox 1319 2341 1468 2385; x_wconf 87' lang='lat' dir='ltr'>videtur,</span> <span class='ocrx_word' id='word_1_440' title='bbox 1496 2344 1609 2397; x_wconf 79' lang='lat' dir='ltr'>(quod</span> <span class='ocrx_word' id='word_1_441' title='bbox 1619 2348 1805 2390; x_wconf 76' lang='lat' dir='ltr'>separatum</span> <span class='ocrx_word' id='word_1_442' title='bbox 1833 2355 1896 2379; x_wconf 83' lang='lat' dir='ltr'>vo·</span> 
     </span>
     <span class='ocr_line' id='line_1_90' title="bbox 1225 2392 1895 2440; baseline 0.004 -16"><span class='ocrx_word' id='word_1_443' title='bbox 1225 2400 1347 2431; x_wconf 81' lang='lat' dir='ltr'>catur·</span> <span class='ocrx_word' id='word_1_444' title='bbox 1388 2392 1421 2427; x_wconf 91' lang='lat' dir='ltr'>in</span> <span class='ocrx_word' id='word_1_445' title='bbox 1456 2404 1530 2440; x_wconf 88' lang='lat' dir='ltr'>quo</span> <span class='ocrx_word' id='word_1_446' title='bbox 1563 2393 1666 2427; x_wconf 81' lang='lat' dir='ltr'>etiam</span> <span class='ocrx_word' id='word_1_447' title='bbox 1696 2393 1895 2427; x_wconf 86' lang='lat' dir='ltr'>transsatum</span> 
     </span>
     <span class='ocr_line' id='line_1_91' title="bbox 1226 2439 1896 2490; baseline 0.003 -16"><span class='ocrx_word' id='word_1_448' title='bbox 1226 2439 1431 2484; x_wconf 86' lang='lat' dir='ltr'>includitur)</span> <span class='ocrx_word' id='word_1_449' title='bbox 1475 2451 1514 2477; x_wconf 91' lang='lat' dir='ltr'>ut</span> <span class='ocrx_word' id='word_1_450' title='bbox 1555 2441 1694 2490; x_wconf 88' lang='lat' dir='ltr'>proprie</span> <span class='ocrx_word' id='word_1_451' title='bbox 1726 2441 1896 2477; x_wconf 67' lang='lat' dir='ltr'>cohaereat</span> 
     </span>
    </p>
   </div>
  </div>
 </body>
</html>
