2335 3009
508 216 566 270 48
864 217 1553 260 EPISTOLARUM

829 454 1098 495 MARCUS
1142 455 1213 506 Q
1246 454 1500 493 anrnt
1546 454 1585 493 S.

516 583 631 625 XVI.
656 581 843 657 CUM
872 597 893 623 a
922 597 986 622 me
1014 583 1144 622 literas
1175 581 1326 620 librarii
1355 595 1474 620 manu
1494 581 1704 635 acceperis,
1735 594 1784 621 ne
1803 594 1903 635 pau-

756 649 841 687 lum
873 649 945 687 otii
977 661 1041 687 me
1072 646 1244 686 habuisse
1270 646 1477 699 judicato;
1509 660 1603 685 cum
1634 654 1767 685 autem
1801 660 1903 691 mea,

515 716 690 756 nullum.
737 715 800 753 Sic
830 713 939 752 enim
970 713 1130 758 habeto,
1160 724 1363 764 nunquam
1395 725 1460 750 me
1479 725 1500 749 a
1523 712 1643 750 causis
1675 721 1715 750 et
1739 711 1904 764 judiciis

515 781 788 821 districtiorem
808 779 935 825 fuiss‘e,
965 788 1081 831 atque
1101 777 1141 816 id
1162 778 1254 816 anni
1275 787 1451 830 tempore
1470 777 1706 830 graviffimo,
1737 787 1777 816 et
1796 777 1905 816 calo-

515 848 625 887 ribus
646 846 844 886 maximis.
892 845 965 883 Sed
996 843 1079 883 haec
1114 843 1322 897 (quoniam
1354 852 1397 881 tu
1427 845 1481 882 ita
1500 843 1726 897 perscribis)
1750 842 1910 882 ferenda

517 913 635 959 funt,
669 925 795 966 neque
815 909 1166 955 committendum,
1198 919 1242 947 ut
1262 918 1330 947 aut
1349 908 1443 961 spei,
1474 919 1541 947 aut
1566 910 1800 962 cogitationi
1821 908 1905 948 ves-

515 988 600 1024 trae,
630 992 704 1031 ego
725 977 854 1016 videar
876 975 1065 1021 defuiffe;
1098 974 1310 1029 praesertim
1331 988 1439 1020 cum,
1471 975 1620 1013 tametsi
1642 975 1683 1013 id
1703 975 1907 1013 difficilius

515 1043 653 1089 fuerit,
673 1052 805 1082 tamen
825 1055 873 1081 ex
894 1041 971 1081 hoc
991 1041 1123 1080 labore
1142 1053 1326 1093 magnam
1347 1041 1512 1092 gratiam
1533 1053 1796 1093 magnamque
1816 1040 1907 1092 dig-

515 1111 682 1149 nitatem
703 1109 773 1147 fim
792 1108 1044 1146 collecturus.
1078 1107 1230 1159 Itaque,
1253 1114 1298 1143 ut
1318 1105 1393 1143 tibi
1413 1106 1556 1158 placet,
1575 1105 1712 1144 damus
1732 1118 1907 1158 operam,

515 1189 566 1214 ne
585 1176 698 1227 cujus
719 1174 898 1212 animum
918 1172 1180 1216 offendamus,
1211 1181 1328 1224 atque
1347 1180 1393 1208 ut
1412 1171 1530 1210 etiam
1557 1171 1606 1209 ab
1626 1171 1674 1210 iis
1701 1170 1807 1224 ipsis,
1838 1172 1910 1224 qui

514 1253 588 1279 nos
608 1253 702 1278 cum
722 1238 870 1278 Caesare
890 1246 971 1276 tam
990 1238 1223 1289 conjunctos
1253 1235 1403 1280 dolent,
1434 1235 1675 1288 diligamur:
1709 1236 1757 1274 ab
1787 1236 1909 1289 aequis

514 1319 622 1351 vero,
653 1313 720 1343 aut
739 1305 858 1343 etiam
878 1317 898 1341 a
917 1302 1116 1356 propenfis
1136 1303 1177 1340 in
1198 1300 1300 1339 hanc
1320 1310 1486 1354 partem,
1508 1301 1761 1341 vehementer
1779 1312 1819 1340 et
1839 1315 1909 1340 co-

515 1372 646 1411 lamur
664 1379 704 1409 et
724 1383 914 1408 amemur.
961 1369 1024 1408 De
1048 1367 1201 1407 ambitu
1221 1380 1315 1406 cum
1334 1367 1568 1406 atrociffime
1587 1376 1766 1422 ageretur
1786 1368 1827 1406 in
1849 1367 1908 1407 se-

517 1446 612 1477 natu
633 1436 782 1475 multos
803 1435 900 1480 dies,
931 1434 1039 1487 quod
1060 1435 1114 1473 ita
1132 1442 1241 1472 erant
1260 1433 1444 1487 progreffi
1466 1433 1663 1472 candidati
1689 1433 1910 1472 consulares

518 1512 564 1542 ut
585 1515 664 1541 non
684 1501 774 1540 effet
793 1499 1016 1546 ferendum,
1048 1500 1089 1538 in
1122 1499 1254 1538 senatu
1287 1512 1366 1537 non
1398 1498 1473 1538 fui.
1520 1499 1647 1538 statui
1678 1494 1726 1537 ad
1758 1499 1912 1538 nullam

519 1568 758 1608 medicinam
779 1566 1005 1620 reipublicae
1027 1566 1104 1604 fine
1125 1578 1270 1618 magno
1291 1564 1466 1618 praefidio
1487 1564 1682 1604 accedere.
1727 1565 1822 1617 Qo
1848 1565 1912 1604 die

516 1635 603 1675 haec
632 1634 777 1688 scripfi‚
809 1633 961 1673 Drusus
992 1642 1072 1672 erat
1103 1632 1151 1670 de
1182 1632 1497 1685 praevaricatione
1526 1645 1547 1670 a
1576 1631 1747 1670 tribunis
1768 1631 1910 1670 aerariis

517 1700 742 1745 absolutus,
785 1699 826 1737 in
861 1699 1014 1737 summa
1046 1707 1214 1751 quatuor
1248 1697 1465 1742 sententiis,
1508 1709 1601 1735 cum
1637 1697 1838 1735 Senatores
1872 1706 1912 1735 et

518 1766 687 1820 Equites
707 1764 962 1803 damnass‘ent.
1009 1765 1098 1816 Ego
1129 1762 1265 1802 eodem
1287 1763 1350 1801 die
1370 1762 1454 1816 post
1475 1762 1682 1800 meridiem
1703 1762 1913 1801 Vatinium

518 1833 674 1871 aderam
694 1830 945 1870 defensurus:
967 1844 1011 1869 ea
1031 1843 1088 1869 res
1110 1829 1238 1868 facilis
1259 1829 1327 1867 est.
1352 1829 1528 1867 Comitia
1548 1829 1587 1866 in
1610 1828 1785 1866 mensem
1802 1828 1909 1881 Sept.

520 1900 659 1951 rejecta
680 1897 782 1935 sunt.
826 1898 958 1935 Scauri
974 1896 1175 1949 judicium
1196 1895 1325 1933 statim
1346 1895 1620 1934 exercebitur:
1653 1894 1718 1932 cui
1740 1907 1810 1932 nos
1833 1907 1913 1932 non

518 1965 731 2004 deerimus.
775 1955 969 2000 Συνδὲἱπνκς
988 1959 1189 2008 Σοφοκλέκς,
1218 1974 1445 2014 quanquam
1475 1975 1496 1999 a
1526 1970 1563 1999 tc
1583 1961 1705 1998 actam
1727 1958 1914 1998 fabellam

519 2031 635 2070 video
665 2029 737 2068 effe
771 2027 920 2072 festive,
964 2026 1076 2064 nullo
1107 2027 1226 2065 modo
1256 2027 1432 2080 probavi.
1479 2026 1609 2065 Venio
1640 2039 1745 2064 nunc
1776 2025 1822 2063 ad
1858 2025 1912 2071 id,

518 2097 627 2151 quod
658 2095 787 2134 nescio
816 2107 862 2132 an
894 2093 1069 2146 primurn
1097 2094 1170 2132 esse
1191 2093 1385 2132 debuerit.
1433 2092 1683 2146 Ojucundas
1706 2091 1807 2130 mihi
1830 2101 1913 2130 tuas

520 2165 569 2203 de
591 2162 792 2202 Britannia
811 2161 940 2199 literas
961 2159 968 2197 !
1002 2161 1215 2198 Timebam
1238 2161 1459 2204 Oceanum,
1493 2160 1681 2198 timebam
1705 2159 1816 2197 littus
1848 2160 1912 2197 in-

523 2231 627 2269 sulm.
661 2229 832 2281 Reliqua
853 2241 930 2265 non
953 2227 1136 2279 equidem
1158 2238 1386 2272 contemno,
1420 2227 1480 2265 scd
1504 2227 1591 2279 plus
1613 2225 1759 2264 habent
1783 2236 1912 2264 tamen

523 2295 618 2349 spei,
650 2307 768 2346 quam
801 2292 970 2337 timoris,
1003 2293 1204 2345 magisque
1235 2291 1318 2330 sum
1348 2292 1538 2330 sollicitus
1566 2291 1834 2344 expce‘htione
1855 2304 1913 2336 ea,

522 2373 643 2414 quam
665 2369 788 2397 metu.
812 2360 874 2397 Te
895 2371 985 2396 vero
1005 2355 1173 2393 ὑπόθεσιν
1193 2357 1387 2396 scribendi
1408 2357 1604 2410 egregiam
1626 2356 1767 2394 habere
1784 2355 1912 2395 video.

523 2429 636 2484 Qos
670 2435 712 2464 tu
746 2426 852 2470 situs,
885 2438 979 2478 quas
1013 2433 1166 2462 naturas
1201 2438 1329 2463 rerum
1351 2434 1389 2463 ct
1423 2425 1617 2468 locorum,
1649 2436 1746 2475 quos
1770 2435 1912 2466 mores.

520 2508 618 2549 quas
651 2501 803 2547 gentes,
840 2506 935 2547 quas
967 2505 1134 2547 pugnas,
1175 2506 1296 2546 quem
1331 2505 1420 2531 vcro
1456 2491 1584 2546 ipsum
1620 2490 1912 2545 imperatorem,
