2335 3009
570 259 650 301 250

574 342 825 377 exercitationem
850 341 994 381 maxime,
1021 345 1057 373 ut
1075 345 1131 373 aut
1148 336 1247 381 verst-

575 390 630 426 bus
644 389 808 436 propofitis
824 400 916 436 quam
934 390 1067 423 maxime
1076 387 1247 434 gravibus,

576 447 636 474 aut
654 440 792 474 oratione
808 437 915 485 aliqua
941 437 1019 473 leHa
1046 437 1092 472 ad
1115 448 1182 472 eum
1202 433 1248 479 fi-

578 500 658 529 nem,
695 499 783 534 quem
811 487 958 522 memoria
981 485 1088 534 poffem
1115 494 1247 531 compre·

579 537 721 579 bendere,
744 547 810 571 cam
828 547 893 570 rem
910 535 1020 581 ipsam,
1043 546 1136 582 quam
1161 533 1249 580 legis-

571 586 649 632 sem,
675 585 781 620 verbis
798 584 870 620 aliis
887 595 981 632 quam
999 585 1133 618 maxime
1145 581 1252 630 peffem

579 634 663 670 leHis
674 637 921 680 pronuntiarem.
960 633 1072 677 Postea
1089 631 1167 667 mihi
1179 630 1252 678 pla-

579 686 655 726 cuit,
693 694 782 731 eoque
800 684 870 728 sum
899 681 969 728 usus
998 681 1180 726 adolescens,
1217 686 1252 714 ut

571 733 765 779 ficmmorum
792 740 953 768 oratorum
980 731 1108 765 Graecas
1133 731 1251 764 oratio-

581 794 631 817 nes
649 782 832 827 explicarem
847 794 859 815 .-
886 780 997 828 quibus
1022 779 1107 814 lectis
1122 777 1180 813 hoc
1203 777 1254 824 as-

571 832 740 879 sequebar,
777 837 827 869 ut,
852 841 921 865 cum
949 841 998 872 ea,
1031 839 1101 876 quae
1126 827 1254 874 legerem

583 880 704 920 Graece,
731 880 850 915 Latine
877 877 1046 918 redderem,
1073 888 1133 912 non
1153 874 1254 922 solum

582 931 708 975 optimis
725 928 830 963 verbis
847 936 964 969 uterer,
991 934 1021 961 et
1036 933 1141 961 tamen
1158 924 1252 969 lfila·

584 980 640 1021 tis,
665 977 726 1022 sed
752 979 845 1012 etiam
873 977 1074 1023 exprimerem
1113 972 1254 1022 quaedam

582 1027 682 1062 verba
721 1025 885 1068 imitando,
926 1037 992 1074 quae
1025 1035 1110 1059 nova
1148 1022 1256 1068 nostris

584 1075 684 1123 effent,
710 1074 868 1110 dummodo
883 1073 970 1121 effen!
987 1073 1107 1109 idonea.

635 1125 734 1160 Turn
774 1123 880 1170 igitur
909 1123 1032 1158 Cicero
1065 1119 1256 1156 admodum

586 1172 872 1215 adolescentulus,
906 1181 947 1207 ut
977 1171 1025 1206 est
1054 1170 1109 1206 lib.
1143 1169 1191 1205 11.
1220 1168 1257 1204 de

585 1222 669 1259 Nat.
689 1223 786 1258 Deor.
806 1230 875 1266 cap.
902 1232 960 1263 41·
997 1219 1100 1255 Arati
1133 1217 1256 1253 carmi-

588 1283 631 1306 na
663 1271 705 1306 de
736 1269 832 1305 coelo
862 1268 1033 1317 stellisque
1061 1267 1257 1308 convertit·,

587 1332 741 1368 quorum
774 1317 967 1366 fragmenta
995 1327 1122 1353 extant.
1173 1318 1256 1351 Ma-

587 1371 669 1405 rium
685 1380 828 1417 quoque
847 1367 914 1403 illis
932 1366 1149 1415 temporibus
1175 1377 1258 1400 curn

588 1417 749 1453 Scaevola
765 1417 908 1459 viveret,
934 1416 997 1463 qui
1020 1415 1064 1450 de
1089 1425 1131 1449 eo
1157 1413 1260 1456 dixit,

587 1467 726 1512 canescit
733 1465 836 1511 saeclis
851 1462 1138 1504 innumerabilibus,
1155 1462 1258 1510 scrip-

591 1516 642 1551 sit.
681 1513 794 1562 Cujus
811 1527 830 1549 a
849 1513 878 1549 {e
896 1513 1010 1562 scripti
1030 1511 1186 1548 meminit
1204 1511 1259 1547 lib.

593 1567 616 1600 Ι.
635 1565 673 1600 de
690 1563 801 1611 chib.
830 1572 896 1609 cap.
929 1575 958 1598 1.
985 1563 1040 1598 lib.
1062 1564 1087 1597 l.
1104 1561 1142 1597 de
1157 1561 1259 1596 Divi-

591 1623 656 1650 nat.
676 1623 742 1658 cap.
764 1614 821 1656 48.
840 1620 870 1647 et
887 1612 938 1647 lib.
958 1611 1044 1648 XII.
1061 1610 1106 1646 ad
1119 1612 1192 1647 Au.
1211 1619 1258 1656 ep.

592 1666 651 1706 48.
702 1662 759 1698 De
788 1661 906 1697 Mario
937 1660 1035 1696 aliter
1059 1659 1258 1696 Corradus:

591 1724 696 1759 quem
739 1711 791 1746 lib.
827 1711 854 1746 1.
885 1710 922 1745 de
952 1709 1090 1758 Legibus
1124 1707 1260 1744 refellit.

592 1761 760 1797 Extremo
777 1759 842 1795 hoc
860 1771 950 1795 anno
972 1758 1017 1794 L.
1037 1758 1156 1805 Julius
1180 1758 1259 1793 Cae-

591 1809 639 1845 sar
668 1809 734 1845 cos.
764 1809 874 1856 legem
892 1807 1025 1854 Juliam
1050 1807 1093 1843 de
1122 1806 1262 1842 civitate

593 1859 673 1894 tulit
688 1872 696 1894 ε
724 1869 796 1907 qua
813 1858 887 1906 lege
903 1857 1025 1892 civitas
1042 1857 1090 1892 est
1107 1854 1204 1891 sociis
1227 1866 1261 1889 et

593 1907 728 1943 Latinis
757 1907 850 1949 data,
877 1916 915 1942 ut
931 1906 1056 1942 Cicero
1078 1915 1136 1954 pro
1159 1903 1261 1940 Balbo

595 1957 653 1999 ait,
679 1966 748 2002 cap.
771 1957 803 1991 8.

598 2108 706 2147 Anno
727 2103 835 2146 Urbis
861 2103 955 2155 664.
996 2103 1175 2143 Ciceronis
1201 2103 1261 2142 18.

738 2173 930 2213 Consules
962 2171 1124 2211 fuerunt

647 2237 695 2275 C.
728 2236 966 2275 Pompeius
999 2235 1206 2278 STRABO,

703 2298 752 2337 L.
776 2297 974 2336 poncius
998 2295 1150 2335 CATO.

648 2396 729 2431 Hoc
769 2408 858 2430 anno
900 2393 1054 2443 primum
1101 2391 1266 2427 senatores

597 2458 678 2480 «um
707 2445 884 2492 equitibus
918 2444 1022 2478 Rom.
1051 2443 1123 2490 lege
1153 2441 1266 2476 Plotia

599 2495 805 2539 iudicarunt,
831 2493 929 2539 cujus
956 2492 1079 2528 Cicero
1104 2501 1164 2538 pro
1188 2490 1263 2525 Cor-

885 242 950 284 M.
1011 243 1066 283 T.
1127 239 1661 283 CICERONIS

1297 335 1377 372 nelio
1405 334 1587 377 meminit-,
1611 344 1646 370 et
1676 333 1862 377 Asconius,
1887 344 1968 369 eum

1299 385 1416 421 locum
1461 383 1547 419 inter
1576 394 1698 427 retans,
1742 382 1871 424 scribit,
1917 381 1969 417 his

1299 432 1500 470 consulibus
1567 459 1574 467 .
1590 432 1768 469 Plautium
1787 431 1969 466 Silvanum

1300 482 1482 518 tribunum
1501 482 1552 529 pl.
1569 494 1644 517 eam
1663 481 1772 529 legem
1791 479 1916 516 tuliffe.

1350 531 1455 566 Tulit
1485 530 1576 565 idern
1607 531 1718 578 legem
1747 529 1899 565 Plotiam
1928 528 1971 563 de

1300 579 1349 621 vi,
1368 579 1411 614 de
1427 591 1500 627 qua
1515 577 1639 614 Cicero
1656 591 1721 626 pro
1738 577 1876 613 Milone
1893 589 1971 624 cap.

1306 639 1360 674 ¹3·
1392 627 1435 663 de
1463 627 1614 674 Harusp.
1632 625 1796 675 Respons.
1814 636 1850 661 et
1874 626 1971 661 alibi.

1302 676 1358 712 De
1388 676 1509 712 eodem
1544 676 1609 712 hoc
1648 687 1738 711 anno
1776 675 1900 711 Cicero
1938 675 1972 709 in

1302 726 1414 761 Bruto
1447 737 1522 772 cap.
1560 727 1619 773 89.
1669 725 1751 770 Jam
1783 724 1974 770 consequente

1301 786 1383 810 anno
1400 773 1446 821 Q
1481 775 1600 810 Varius
1622 772 1683 821 sua
1713 773 1778 820 lege
1804 772 1974 808 damnatus

1302 822 1472 870 excefferat.
1524 824 1596 870 Ego
1624 830 1730 857 autem
1749 823 1841 867 juris
1870 821 1974 856 civilis

1293 873 1400 918 studio
1417 872 1546 907 multum
1569 882 1669 918 operae
1693 871 1806 906 dabam
1829 870 1874 917 Q
1893 871 1973 905 Sca·-

1302 921 1396 964 volae,
1425 922 1465 958 P.
1483 923 1520 957 F.
1538 923 1589 968 qui
1612 932 1790 968 quanquam
1808 920 1923 954 nemini
1939 921 1975 966 se

1303 970 1347 1006 ad
1359 969 1524 1006 docendum
1552 970 1663 1012 dabat,
1688 977 1795 1004 tamen
1821 968 1973 1014 consulen-

1304 1019 1389 1055 tibus
1421 1018 1621 1065 respondendo
1645 1017 1794 1062 studiosos
1830 1015 1976 1052 audiendi

1303 1067 1442 1104 docebat.
1479 1069 1602 1115 Atque
1619 1067 1674 1102 hic
1691 1067 1739 1102 est
1757 1067 1814 1115 Q
1827 1066 1976 1102 Mucius

1307 1118 1448 1164 Augur,
1492 1116 1535 1151 ad
1568 1126 1674 1164 quem
1710 1115 1847 1164 sumpta
1885 1113 1977 1151 virili

1307 1176 1389 1213 toga
1405 1165 1529 1201 Cicero
1545 1176 1565 1200 a
1608 1173 1678 1200 atre
1696 1164 1744 1213 ita
1759 1174 1831 1200 erat
1847 1163 1976 1200 deduc-

1307 1224 1375 1256 tus,
1402 1224 1454 1257 ut,
1481 1178 1606 1262 quoad2
1627 1214 1736 1262 posset
1751 1223 1786 1249 et
1803 1213 1931 1256 liceret,
1958 1224 1978 1248 a

1306 1263 1391 1299 senis
1425 1263 1528 1298 latere
1557 1275 1737 1310 nunquam
1767 1261 1977 1304 discederem

1307 1312 1406 1360 quod
1423 1311 1491 1361 ipse
1507 1313 1541 1347 in
1558 1311 1658 1348 Laelio
1674 1321 1743 1359 cap.
1768 1324 1797 1347 1.
1816 1310 1946 1347 scribit.

1357 1361 1424 1396 Sed
1454 1373 1536 1396 cum
1609 1387 1618 1396 .
1647 1361 1805 1397 Scaevola
1833 1361 1978 1408 Augur,

1308 1409 1371 1458 qui
1398 1421 1480 1445 cum
1509 1411 1554 1446 L.
1627 1409 1732 1446 etello
1756 1408 1884 1446 Consul
1908 1406 1980 1444 fuit

1308 1471 1399 1495 anno
1436 1459 1548 1495 Urbis
1577 1470 1750 1494 ncxxxvi.
1782 1458 1817 1494 in
1853 1469 1978 1494 monu-

1309 1508 1433 1544 mentis
1451 1507 1602 1555 antiquis
1621 1508 1677 1555 Q
1691 1507 1732 1543 F.
1751 1506 1898 1549 dicatur,
1927 1506 1979 1541 vi-

1309 1557 1476 1599 dendum,
1503 1568 1545 1592 an
1574 1556 1680 1604 patris
1713 1567 1915 1605 praenomen
1945 1555 1980 1591 in

1310 1605 1487 1642 Ciceronis
1529 1604 1626 1641 libris
1660 1604 1702 1640 fit
1739 1605 1982 1653 depravatum.

1310 1655 1404 1691 Nam
1424 1655 1620 1690 Scaevolam
1636 1653 1856 1696 Pontificem,
1874 1665 1982 1702 quem

1310 1704 1486 1740 Corradus
1510 1714 1546 1740 et
1571 1702 1629 1739 alii
1646 1703 1711 1738 viri
1729 1702 1824 1738 doe'ti
1851 1702 1981 1750 signifi-

1310 1753 1379 1788 cari
1418 1762 1556 1802 putant,
1599 1751 1744 1801 intelligi
1776 1763 1846 1787 non
1936 1750 1982 1787 ΠΕ

1311 1802 1391 1838 inde
1418 1801 1561 1843 constat,
1597 1801 1694 1850 quod
1724 1799 1849 1836 Cicero
1890 1813 1908 1836 e
1938 1801 1983 1836 ad

1311 1851 1515 1888 Pontificem
1534 1863 1603 1886 non
1621 1850 1682 1886 nisi
1699 1862 1830 1898 augure
1842 1860 1984 1886 mortuo

1311 1900 1471 1937 contulit.
1524 1901 1653 1948 Augur
1683 1909 1797 1934 autem
1827 1911 1896 1934 non
1930 1899 1981 1934 so-

1314 1950 1390 1986 lum
1421 1949 1502 1992 hoe,
1540 1961 1662 1984 verum
1690 1948 1794 1984 etiam
1824 1947 1983 1996 sequente

1314 2011 1404 2035 anno
1423 1998 1586 2046 superstes
1613 1996 1694 2040 fuit,
1720 2009 1757 2032 ac
1789 2007 1865 2032 tum
1883 1998 1983 2033 Cice-

1315 2049 1388 2084 roni
1408 2047 1593 2083 sermonem
1627 2046 1727 2083 Laelii
1756 2046 1799 2081 de
1820 2045 1985 2082 Amicitia

1313 2096 1484 2144 exposuit,
1523 2106 1564 2131 ut
1601 2108 1616 2131 e
1643 2097 1742 2132 Laet'io
1781 2095 1835 2130 M.
1871 2095 1986 2131 Tullii

1314 2145 1535 2194 perspicuum
1563 2144 1620 2180 est.
1674 2144 1728 2179 De
1756 2144 1877 2179 eodem
1909 2147 1983 2180 Au-

1314 2207 1399 2242 gure
1415 2194 1538 2230 Cicero
1557 2193 1644 2236 haec,
1673 2193 1869 2241 Philippica
1887 2194 1988 2230 vul.

1315 2255 1390 2291 cap.
1410 2255 1464 2279 ιο.
1499 2243 1568 2289 Ego
1590 2248 1608 2268 <·
1623 2244 1811 2278 ‚Sca-olam
1829 2245 1986 2290 Augto‘em

1315 2295 1461 2327 memoria
1493 2300 1578 2327 teneo
1632 2291 1686 2326 ello
1725 2293 1877 2336 Marsica,
1917 2304 1987 2327 cu-

1315 2341 1382 2388 estet
1405 2341 1526 2388 summa
1546 2341 1699 2387 senctlute
1723 2349 1750 2376 et
1773 2341 1899 2388 perdita
1924 2353 1985 2376 va·

1315 2390 1460 2433 letudiae,
1487 2390 1633 2439 quotidie,
1650 2390 1838 2438 fimulatque
1858 2389 1985 2430 luceret,

1307 2441 1419 2485 facere
1443 2440 1580 2475 ammons
1606 2439 1802 2474 conveniadt
1819 2439 1874 2485 sui
1888 2439 1984 2484 potcs-

1315 2498 1426 2532 talem,
1452 2501 1543 2537 neque
1573 2500 1640 2525 eum
1665 2489 1823 2537 quisquan
1837 2489 1888 2523 ilio
1908 2487 1988 2522 balo
