2335 3009
1127 208 1338 264 [98]

778 406 1693 506 EPIS‘TOLAE

556 658 800 734 AD
951 659 1174 734 BR

1260 654 1921 761 UTUM‚

891 874 917 901 ’ἓ
945 888 970 913 α
998 873 1189 914 Germanis
1217 881 1372 928 repertae
1398 882 1436 914 et
1462 873 1583 914 edita.

838 1010 844 1024 fl

589 1043 614 1063 ‘
637 1042 716 1078 Has
731 1040 903 1088 epistolas,
930 1050 971 1077 ut
997 1053 1017 1076 a
1033 1041 1215 1077 Germanis

543 1096 752 1144 accepimus,
783 1095 830 1130 ita
858 1096 992 1131 damus.
1038 1096 1214 1144 Qarnvis

541 1150 635 1186 enim
654 1151 688 1186 in
707 1150 807 1185 nullo
823 1150 930 1185 veteri
955 1150 1142 1198 exemplari
1163 1150 1214 1186 in-

543 1205 750 1249 venerimus,
789 1214 903 1241 tamen
932 1216 992 1240 nec
1023 1205 1215 1241 Germano-

544 1273 623 1297 rum
653 1261 758 1296 fidem
786 1260 981 1308 improbare
1011 1260 1090 1308 (qui
1117 1260 1149 1296 se
1180 1260 1214 1295 in

544 1315 681 1351 vetusto
702 1315 822 1352 codice
844 1327 900 1351 eas
927 1315 1081 1363 reperiffe
1105 1315 1216 1351 testati

543 1371 638 1414 sunt)
657 1383 718 1407 nec
735 1370 889 1406 nostrum
906 1371 1014 1406 ullam
1032 1370 1066 1406 in
1085 1380 1216 1418 partem

540 1426 715 1475 judicium
764 1426 978 1475 interponere
1025 1427 1213 1463 voluimus.

545 1483 708 1518 V1cron.
751 1481 889 1518 Placuit
912 1482 1016 1517 etiam
1045 1481 1110 1518 hoc
1138 1483 1216 1518 loco

545 1539 599 1586 (in
624 1538 857 1587 Fragmentis)
882 1548 1034 1586 quatuor
1057 1538 1216 1587 epistolas

544 1597 720 1632 Ciceronis
738 1596 780 1631 ad
798 1595 854 1631 M.
873 1595 1034 1638 Brutum,
1051 1598 1094 1630 'et
1111 1607 1215 1631 unam

544 1654 644 1689 Bruti
662 1653 704 1687 ad
722 1652 925 1687 Ciceronem
949 1651 1108 1695 intexere,
1133 1665 1216 1700 quae

544 1721 565 1745 a
592 1707 773 1744 Germanis
800 1707 834 1742 in
862 1707 1095 1755 manuscripto
1125 1708 1217 1744 libro

546 1765 696 1801 inventa:
722 1762 905 1798 feruntur:
938 1762 1104 1810 quoniam
1135 1773 1169 1798 et
1197 1775 1217 1798 a

545 1820 679 1863 multis,
704 1829 745 1855 ut
773 1817 880 1862 falsae,
907 1817 1119 1865 rejiciuntur,
1154 1831 1216 1855 nec

546 1878 582 1913 in
607 1875 771 1912 omnibus
796 1873 1016 1922 epistolarum
1053 1874 1216 1923 impreffis

545 1930 785 1968 voluminibus
829 1929 1056 1975 reperiuntur,
1097 1940 1132 1965 et
1182 1930 1216 1965 in

544 1987 676 2036 quibus
694 1985 783 2029 sunt,
810 1985 843 2020 in
871 1985 909 2020 iis
927 1985 1079 2021 confusae
1097 1987 1215 2022 admo-

546 2045 633 2080 dum
659 2055 697 2078 ac
725 2043 792 2078 sine
819 2041 893 2077 ullo
917 2040 987 2077 fere
1012 2042 1140 2078 honore
1170 2043 1215 2078 le·

545 2109 687 2149 guntur.
733 2099 821 2134 Sunt
848 2108 961 2134 autem
988 2098 1122 2146 scriptae
1141 2098 1216 2146 post

545 2157 714 2192 celebrem
740 2155 834 2191 illam
858 2154 900 2190 ad
930 2155 1091 2198 Brutum,
1117 2154 1217 2202 cujus

546 2208 684 2247 initium
718 2211 789 2246 est:
831 2212 898 2245 Sex.
933 2209 1070 2253 Clodius,
1109 2222 1216 2257 quam

545 2267 703 2314 scriptam
728 2265 794 2301 esse
820 2265 874 2300 M.
895 2265 1054 2301 Antonio
1080 2264 1217 2300 consule

546 2321 678 2369 liquet:
722 2320 888 2368 nquidem
924 2320 990 2364 hae,
1028 2320 1150 2356 Hirtio
1183 2330 1216 2356 et

546 2376 652 2413 Pansa
667 2377 747 2412 cosl‘.
767 2375 901 2424 aliquot
917 2376 990 2425 post
1010 2375 1103 2411 illam
1122 2389 1214 2412 men-

543 2433 631 2469 fium
666 2432 844 2467 intervallo
877 2431 968 2467 datae
999 2431 1085 2467 sunt.
1139 2433 1216 2469 Esse

540 2499 657 2526 autem
701 2487 759 2523 has
804 2486 943 2535 reliquis
986 2487 1137 2536 vulgatis
1171 2489 1214 2524 ad

1263 1040 1412 1076 Brutum
1428 1040 1580 1089 epistolis
1596 1041 1860 1089 praeponendaS‚
1881 1041 1937 1078 sed

1262 1104 1377 1130 tamen
1394 1107 1477 1131 cum
1495 1095 1536 1130 iis
1553 1096 1818 1140 connectendas,
1834 1106 1870 1132 et
1885 1108 1937 1132 re-

1263 1161 1342 1184 rum
1370 1158 1407 1185 et
1439 1158 1636 1198 temporum
1666 1150 1817 1198 ipsorum
1850 1151 1939 1188 ratio

1265 1204 1404 1241 indicat.
1449 1205 1546 1252 Qae
1579 1205 1696 1241 omnia
1723 1217 1789 1254 ego
1817 1207 1938 1255 paucis

1265 1259 1390 1294 notatis
1408 1259 1492 1295 locis
1508 1259 1695 1297 ostendam.
1742 1262 1936 1299 Sioomus.

1265 1315 1367 1363 Qid
1398 1315 1434 1350 in
1464 1315 1504 1351 iis
1531 1317 1575 1351 ad
1609 1317 1756 1353 Brutum
1785 1319 1938 1367 epistolis

1263 1369 1414 1405 effecerit
1442 1370 1618 1418 Sigonius,
1642 1382 1677 1407 et
1707 1385 1814 1420 quam
1842 1386 1938 1422 egre-

1265 1424 1356 1471 giam
1387 1437 1526 1473 operam
1557 1428 1758 1470 navaverit·,
1786 1441 1837 1464 res
1867 1430 1938 1479 ipsa

1265 1480 1406 1525 indicat,
1445 1494 1527 1518 cum
1560 1483 1635 1519 aliis
1668 1484 1824 1532 quidem,
1860 1496 1939 1523 ante

1265 1537 1447 1585 Sigonium
1489 1539 1614 1583 editis,
1657 1540 1783 1576 collata
1827 1542 1935 1579 libris.

1265 1593 1367 1637 Sunt,
1398 1593 1461 1641 qui
1487 1594 1663 1631 Ciceronis
1688 1595 1847 1643 epistolas
1874 1598 1939 1633 effe

1266 1658 1401 1696 negent.
1441 1649 1508 1684 Sed
1525 1661 1603 1697 ego,
1630 1662 1712 1685 cum
1731 1651 1776 1686 rei
1794 1652 1854 1699 ipsi
1873 1665 1939 1701 pro

1265 1703 1297 1739 se
1326 1703 1495 1751 loquenti,
1533 1714 1609 1739 tum
1645 1705 1811 1741 Manutio
1847 1706 1937 1743 idem

1266 1770 1408 1806 quoque
1434 1758 1630 1801 affirmanti,
1658 1759 1738 1807 plus
1757 1760 1874 1797 tribuo
1902 1763 1936 1798 in

1267 1813 1332 1849 hoc
1348 1826 1482 1861 genere,
1495 1826 1602 1862 quam
1615 1815 1758 1851 omnino
1771 1817 1936 1864 cuiquam

1266 1871 1471 1908 hominum:
1499 1884 1589 1920 quos
1616 1882 1729 1909 tamen
1757 1873 1845 1921 ipsos
1876 1887 1936 1911 nec

1266 1929 1410 1972 multos,
1453 1941 1513 1965 nec
1554 1929 1769 1967 vehementer
1802 1942 1939 1978 oportet

1264 1985 1330 2019 esse
1354 1985 1520 2028 eruditos,
1547 1986 1609 2033 qui
1642 1986 1676 2021 in
1705 1985 1756 2021 his
1787 1987 1938 2034 epistolis

1266 2041 1467 2077 Ciceronem
1503 2054 1572 2078 non
1611 2043 1805 2090 agnoscant.
1866 2044 1937 2079 ΡΑ-

1267 2109 1433 2133 Tatcrus.
1470 2098 1526 2133 Ex
1553 2107 1704 2146 quatuor
1722 2099 1833 2134 Tullii
1850 2099 1938 2147 epis-

1266 2152 1359 2195 tolis,
1385 2163 1420 2188 et
1449 2153 1546 2188 Bruti
1578 2165 1657 2196 una,
1685 2167 1771 2201 quas
1800 2155 1939 2191 exhibet

1267 2208 1442 2255 Sigonius,
1462 2207 1607 2251 faciunt,
1627 2210 1681 2244 alii
1703 2211 1768 2252 sex,
1790 2211 1845 2246 alii
1866 2211 1938 2259 sep-

1268 2274 1350 2306 tem,
1398 2267 1610 2311 egssrmina
1643 2279 1724 2302 cum
1766 2267 1939 2303 Tullianis

1266 2319 1498 2356 confundunt.
1542 2322 1614 2356 llic
1635 2321 1739 2368 igitur
1756 2322 1937 2368 sigonium

1265 2378 1389 2412 ducem
1410 2379 1549 2426 sequar:
1580 2390 1689 2425 neque
1709 2379 1837 2422 invitis,
1862 2378 1935 2426 opi·

1267 2447 1340 2478 nor,
1368 2435 1492 2472 Mufis.
1529 2437 1739 2472 Omni-us.
