2241 2994
547 269 1396 312 PHILOSOPHORUM.

298 376 341 403 ut
368 375 402 402 et
420 378 558 413 aquam,
585 377 620 400 et
648 375 783 407 terram,
813 374 848 398 et
865 375 961 404 aera·,

301 417 418 457 solem,
453 416 583 456 lunam,
612 413 963 456 sidera,univer1ita-

301 474 442 511 temque
466 475 592 504 rerum,
616 458 688 509 qua
712 460 830 496 omnia
853 460 963 495 conti-

301 522 482 552 nei-entur3
501 521 605 557 atque
618 509 771 545 homines
779 509 880 544 etiam
893 520 964 551 eos,

299 563 362 608 qui
378 559 669 595 immortalitatem
685 558 790 594 essent
805 557 965 593 consecu-

300 610 337 644 ti.
364 609 401 643 de
418 609 501 645 Nat.
517 609 614 643 Deor.
630 609 656 642 Ι.
681 619 735 651 ι5.

350 657 609 692 Divinationem
638 657 703 691 effe
730 655 802 690 vim
821 654 964 702 cognos-

301 716 491 748 centem,e
473 706 707 744 etvidentem
730 714 764 738 et
793 705 968 751 explican-

301 765 371 790 tem
395 755 501 802 figna‚
526 766 608 801 quae
640 765 659 787 a
687 753 751 787 diis
770 752 968 787 hominibus

302 803 572 851 portendantur.
599 802 755 836 officium
769 812 881 836 autem
895 799 968 847 ejus

301 852 377 893 esse,
405 851 625 899 praenoscere,
652 850 697 884 dii
715 861 795 896 erga
816 849 969 884 homines

304 910 419 935 mente
446 911 517 947 qua
549 899 625 940 sint,
651 898 808 946 quidque
842 898 968 946 fignifi-

260 981 265 983 ,
304 959 405 990 cent;
432 948 800 1002 quemadmodumque
825 958 864 982 ea
868 929 970 994 ιζ’ρω-

304 1007 480 1040 curentur,
507 1008 612 1044 atque
631 996 823 1044 expientur.
849 995 885 1031 de
907 997 971 1031 Di-

303 1049 369 1081 vin.
385 1047 430 1081 11.
444 1047 500 1092 63.

356 1095 578 1130 Somniorum
620 1092 866 1140 conjeffionem
908 1093 972 1128 esse

305 1144 378 1179 vim
412 1153 615 1183 cernentem,
656 1153 690 1177 et
719 1142 971 1189 explanantem,

305 1205 388 1240 quae
406 1204 425 1226 a
443 1192 508 1226 diis
525 1191 723 1227 hominibus
742 1190 974 1238 significentur

307 1244 342 1277 in
362 1241 496 1276 somnis.
523 1241 561 1274 de
586 1242 697 1275 Divin.
719 1241 761 1274 11.
783 1244 840 1284 63.

358 1291 419 1325 Ad
438 1289 580 1324 hostiam
599 1288 828 1335 deligendam,
846 1287 970 1322 ducem

307 1339 372 1374 esse
390 1339 460 1373 vim
485 1338 658 1386 quandam
669 1319 896 1378 Osentientem,
924 1346 971 1370 at-

307 1400 377 1435 que
408 1387 573 1427 divinam,
617 1397 699 1433 quae
734 1395 808 1420 toto
841 1385 974 1420 mundo

307 1435 449 1472 confusa
462 1436 512 1470 fit.
539 1435 575 1470 de
591 1436 708 1470 Divin.
727 1435 769 1468 lI.
796 1447 847 1479 ¹5·

358 1484 600 1520 Animantium
611 1483 691 1518 alias
705 1495 848 1530 corpore
859 1482 972 1517 excel-

308 1535 388 1576 lere,
415 1535 495 1568 alias
514 1543 628 1567 autem
649 1531 776 1573 animo,
793 1531 974 1567 nonnullas

307 1583 421 1618 valere
458 1592 604 1628 utraque
636 1593 680 1615 re.
736 1582 828 1616 Cum
860 1591 974 1614 autern

308 1632 415 1667 homo
430 1631 463 1666 in
481 1643 521 1666 eo
535 1642 655 1677 genere
673 1629 724 1670 s1t,
748 1639 788 1664 ut
800 1629 828 1663 ei
843 1629 974 1664 tribua-

310 1690 368 1715 tur
401 1680 505 1714 animi
539 1678 762 1719 excellentia3
804 1677 976 1712 summum

311 1730 443 1764 bonum
461 1729 536 1769 effe,
566 1740 632 1762 non
659 1728 822 1762 excellere
849 1727 976 1768 animo,

310 1778 364 1814 sed
390 1777 438 1812 uti
462 1777 546 1812 nihil
564 1777 639 1816 ess‘e,
668 1786 792 1823 praeter
810 1775 978 1817 animum,

310 1827 495 1862 videretur.
522 1827 559 1860 de
577 1825 683 1860 Finib.
705 1825 765 1859 IV.
787 1837 798 1859 1
813 1837 841 1859 1.

363 1876 483 1910 Cetera
501 1884 578 1909 nata
593 1874 657 1908 effe
676 1873 856 1908 hominum
882 1871 981 1907 causa

311 1934 345 1960 et
367 1923 535 1964 deorum·‚
562 1935 622 1957 eos
645 1933 759 1957 autem
786 1921 980 1956 communi-

313 1973 390 2008 tatis
415 1983 450 2007 et
476 1972 642 2007 societatis
671 1971 760 2006 suae:
801 1981 840 2005 ut
869 1969 981 2004 bestiis

313 2022 467 2057 homines
506 2021 556 2055 uti
592 2021 633 2054 ad
669 2020 852 2054 utilitatem
887 2019 980 2053 luam

314 2072 438 2118 possint
471 2069 539 2104 slne
569 2068 711 2116 injuria:
745 2069 982 2115 quoniamque

313 2131 352 2154 ea
370 2129 489 2154 natura
505 2119 584 2153 effet
609 2117 767 2157 hominis,
796 2127 835 2151 ut
851 2129 881 2151 el
899 2128 980 2151 cum

314 2179 435 2214 genere
453 2168 604 2202 humano
620 2167 716 2213 quasi
735 2165 866 2200 civile
852 2177 911 2212 Jus
930 2166 979 2199 in-

315 2217 520 2257 tercederet·‚
538 2217 598 2262 qui
614 2216 646 2250 id
663 2215 885 2255 conservaret,
899 2226 980 2248 eum

309 2263 457 2311 justum,
496 2265 557 2310 qui
600 2264 772 2311 migraret,
817 2262 980 2309 injustum

315 2312 399 2348 fore.
420 2314 455 2348 de
470 2313 575 2348 Finib.
595 2313 657 2347 111.
680 2324 736 2348 20.
755 2312 792 2347 de
810 2312 894 2347 Nat.
915 2314 982 2347 De-

316 2375 362 2397 or.
379 2363 424 2397 11.
442 2363 500 2402 62,
521 2363 578 2406 63,
598 2362 666 2396 &c.
681 2372 714 2396 et
727 2361 764 2396 de
776 2361 888 2408 Legib.
909 2362 935 2396 1.
951 2363 982 2396 8.

367 2412 498 2457 Fruges
516 2421 620 2456 atque
637 2409 783 2451 fructus,
811 2421 900 2456 quos
919 2420 983 2444 ter-

319 2473 353 2495 ra
371 2460 494 2507 gignit,
526 2459 751 2493 animantium
767 2458 886 2500 causa·,
914 2458 985 2493 ani-

319 2520 450 2544 mantes
477 2518 603 2547 autem,
637 2507 838 2541 homiuum:
876 2507 985 2542 homi-

319 2570 396 2593 nem
408 2567 521 2592 autem
536 2566 651 2592 ortum
670 2556 713 2591 ad
723 2557 893 2591 mundum
903 2567 986 2592 con-

1598 283 1677 325 397

1014 362 1264 408 templandum,
1286 371 1319 397 et
1338 361 1555 404 imitandum,
1579 363 1676 398 nullo

1014 411 1119 446 modo
1165 409 1368 457 perfeetum,
1412 410 1467 446 sed
1502 411 1677 458 quandam

1013 459 1218 506 particulam
1236 458 1390 505 perfeffi,
1409 459 1443 494 id
1459 459 1518 502 est,
1545 460 1678 496 mundi.

1015 507 1051 542 de
1063 508 1148 544 Nat.
1169 508 1308 542 Deorum
1327 508 1370 542 11.
1392 520 1442 551 ¹4·

1065 555 1123 590 Sui
1138 555 1308 599 (animali)
1324 567 1364 590 ne
1378 555 1593 602 putresceret,
1609 556 1680 591 ani-

1016 616 1106 639 mam
1126 604 1231 651 ipsam
1249 615 1313 650 pro
1331 603 1394 638 sale
1410 604 1524 639 datam
1546 605 1620 640 effe.
1645 604 1683 639 de

1015 653 1100 689 Nat.
1117 654 1264 688 Deorum.
1285 652 1328 687 II.
1342 652 1398 696 64.

1069 701 1327 749 AEgritudinem
1353 701 1439 737 adn-nr
1464 700 1576 748 (quali
1593 701 1683 742 adm)

1018 750 1221 786 solutionem
1240 750 1346 785 totius
1364 749 1511 785 hominis
1534 750 1683 797 appella-

1021 800 1058 834 ri.
1099 799 1187 844 Tuft.
1209 799 1268 834 111.
1291 810 1348 843 25·

1071 848 1128 883 Ad
1146 857 1292 882 recentes
1305 848 1401 895 quasi
1415 857 1567 882 tumores
1581 846 1686 881 animi

1021 897 1208 932 remedium
1227 908 1295 931 non
1318 895 1562 931 adhibendum.
1594 895 1683 941 Tusc.

1021 947 1080 981 lV.
1102 957 1158 992 29.

1069 993 1323 1029 Fortitudinem
1341 994 1405 1028 effe
1422 992 1591 1028 scientiam
1610 1006 1686 1042 per-

1020 1041 1236 1078 ferendarum
1256 1054 1380 1085 rerum,
1399 1042 1455 1076 vel
1473 1042 1688 1077 affectionem

1021 1092 1125 1127 animi
1156 1092 1188 1126 in
1218 1092 1380 1139 patiendo
1409 1102 1447 1125 ac
1474 1089 1688 1137 perferendo,

1023 1140 1165 1175 summae
1182 1141 1248 1187 legi
1271 1150 1444 1188 parentem
1463 1140 1531 1174 fine
1554 1140 1688 1175 timore.

1022 1189 1111 1232 Tusc.
1135 1190 1197 1224 IV.
1219 1201 1277 1232 ²4·

1073 1238 1183 1285 Qod
1202 1237 1377 1285 provisum
1397 1247 1474 1272 ante
1491 1250 1558 1272 non
1578 1237 1630 1280 fit,
1654 1237 1689 1272 id

1022 1286 1120 1322 ferire
1139 1287 1384 1321 vehementius
1416 1286 1502 1332 Tusc.
1523 1286 1584 1320 III.
1606 1298 1663 1321 22.

1071 1336 1234 1370 Detracta
1271 1335 1427 1377 utilitate,
1467 1347 1508 1370 ne
1537 1334 1687 1382 digitum

1023 1384 1178 1431 quidem,
1214 1385 1316 1419 bonae
1349 1382 1453 1418 famae
1483 1384 1538 1418 vel
1570 1383 1690 1430 gloria:

1024 1433 1134 1475 causa,
1165 1432 1412 1480 porrigendum
1429 1432 1504 1466 effe.
1531 1432 1567 1467 de
1585 1432 1690 1468 finib.

1023 1482 1086 1517 111.
1110 1493 1158 1526 ¹7·

1074 1529 1206 1565 Omnia
1230 1541 1310 1563 vera
1338 1529 1371 1564 in
1402 1529 1597 1577 praeteritis,
1629 1529 1696 1565 effe

1025 1579 1212 1614 necessaria.
1239 1578 1275 1612 de
1292 1580 1386 1614 Fato.
1410 1590 1441 1623 7.

1076 1629 1158 1663 Non
1172 1627 1283 1662 valere
1295 1627 1328 1661 in
1343 1627 1526 1662 omnibus:
1546 1627 1580 1661 Si
1595 1627 1694 1674 quod

1027 1677 1179 1724 primum
1200 1676 1232 1710 in
1251 1687 1411 1710 connexo
1432 1675 1492 1717 est,
1522 1677 1693 1710 necessari-

1028 1738 1087 1760 um
1106 1725 1169 1766 est3
1187 1724 1257 1759 fieri
1274 1725 1389 1766 etiam,
1404 1725 1499 1770 quod
1517 1724 1694 1772 consequi·

1027 1784 1097 1814 tur,
1126 1773 1354 1808 necessarium.
1383 1772 1420 1807 de
1437 1774 1530 1808 Fato.
1551 1784 1584 1820 7.

1079 1823 1167 1857 Fato
1196 1824 1313 1856 omnia
1341 1822 1423 1856 fieri.
1458 1821 1495 1856 de
1524 1822 1607 1856 Fato
1644 1833 1694 1857 10.

1029 1873 1118 1906 Vide
1135 1871 1244 1906 ibidem
1262 1870 1393 1918 quibus
1413 1870 1603 1906 rationibus
1621 1882 1693 1906 uta-

1030 1931 1098 1956 tur.

1079 1971 1230 2004 Omnem
1257 1968 1533 2003 enunciationem
1559 1977 1618 2003 aut
1638 1980 1696 2003 ve-

1030 2031 1115 2061 ram,
1144 2028 1203 2053 aut
1220 2017 1337 2052 falsam
1354 2017 1428 2052 esse.
1455 2017 1492 2051 de
1508 2018 1602 2052 Fato.
1626 2030 1674 2052 10.

1081 2069 1119 2102 ln
1164 2068 1265 2102 rebus
1308 2067 1470 2112 quaedam
1510 2066 1696 2113 simplicia,

1030 2117 1193 2164 quaedam
1222 2116 1395 2163 copulata.
1439 2115 1594 2161 Simplex
1621 2115 1696 2157 effe,

1030 2166 1204 2200 Morietur
1216 2176 1258 2199 eo
1274 2164 1329 2198 die
1347 2164 1500 2198 Socrates
1517 2177 1524 2197 :
1553 2164 1697 2209 copula-

1030 2224 1106 2249 turn
1127 2224 1162 2249 et
1188 2212 1370 2254 confatale,
1396 2213 1564 2246 Nascetur
1591 2211 1697 2246 Oedi-

1031 2275 1098 2310 pus
1125 2262 1238 2303 Laio·,
1265 2261 1348 2309 quia
1379 2260 1424 2294 ita
1449 2259 1517 2294 fat
1525 2273 1558 2294 m
1586 2260 1638 2302 sit,
1664 2270 1699 2295 et

1032 2312 1301 2346 concubiturum
1321 2321 1401 2343 cum
1425 2321 1532 2343 uxore
1556 2309 1696 2351 Laium,

1032 2370 1066 2395 et
1082 2373 1123 2395 ex
1141 2372 1180 2395 ea
1197 2359 1374 2406 Oedipum
1392 2369 1663 2405 procreaturum.

1033 2410 1070 2444 de
1087 2410 1181 2444 Fato.
1204 2420 1253 2454 13.

1077 2457 1264 2492 Causarum
1279 2456 1359 2490 alias
1371 2453 1535 2503 perfectas
1548 2464 1582 2489 et
1605 2454 1700 2502 prin-

1036 2506 1186 2553 cipales·‚
1214 2505 1294 2539 alias
1312 2503 1511 2551 adjuvantes
1533 2514 1567 2540 et
1583 2503 1701 2552 proxi-

1037 2567 1120 2591 mas.
1147 2553 1184 2591 de
1196 2554 1288 2590 Fato.
1311 2558 1367 2589 18.
