2241 2994
340 376 371 405 p.

342 415 401 446 ²09

335 1777 395 1801 210

617 261 915 304 VARIAE
1006 262 1568 306 LECTIONES.

422 414 463 474 Ξὲ
482 404 1028 484 ἔὲξτῑιιξῖειῗιεῒάῗῐῗὲλῖζωῖοηφνώεηᾰνηηιν

422 487 460 514 28
481 485 651 524 postremum
667 484 695 512 G
710 491 848 512 extremum

422 534 461 562 29
481 525 565 563 pasto
578 525 607 553 G
622 524 692 552 modo

421 573 462 602 30
481 565 617 594 vetustate
633 565 658 592 A
672 565 807 602 venustae

417 620 462 629 —
482 605 653 634 Postremum
670 604 696 632 A
711 605 836 642 Postremo

421 656 455 685 3¹
481 645 517 674 fic
533 645 561 673 G
568 647 607 684 fit

418 701 460 710 -
481 686 616 714 vetustate
633 686 660 714 A
675 685 810 722 venustate

421 737 458 765 33
481 725 635 762 disjunctio
649 725 676 753 A
689 725 868 762 digjunfliom'r

421 777 457 805 35
479 766 515 795 ad
532 765 699 794 brevitatem
713 764 738 792 L
754 763 910 793 brevitatem
918 766 995 801 parit

419 808 458 845 36
479 805 642 844 conjunctio
662 804 692 833 G
715 806 854 843 conjunmo
869 805 954 842 postea
973 805 1007 843 est
1027 802 1055 841 ψ

531 847 668 883 conjunBr'o
681 845 714 882 est
727 846 841 882 appoſsta

421 895 460 923 42
482 885 606 924 plurium
623 885 648 912 L
663 884 689 912 R
704 885 730 919 ψ
738 884 906 921 plurimorum

420 936 459 964 43
483 926 596 955 iteratio
613 925 642 954 G
658 928 790 953 reiteratio

417 976 458 1004 44
479 965 646 994 domesticos
662 964 691 993 G
705 966 844 1002 domssicor
856 965 935 1004 hostes

418 1016 455 1046 45
480 1013 625 1044 comparat
639 1005 664 1032 R
680 1009 845 1043 comparavit

443 1056 454 1075 1
480 1047 690 1084 amplexaretur
704 1045 733 1074 G
750 1045 906 1082 amplexetur

437 1096 456 1123 7
479 1086 684 1125 redintegratio
699 1086 724 1113 A
742 1085 770 1114 G
786 1087 925 1123 mtegratio

421 1137 456 1165 13
479 1127 654 1165 redintegrat
668 1126 694 1154 A
709 1125 738 1154 G
754 1125 779 1154 R
795 1129 936 1164 reintegrat

421 1177 459 1205 ¹4
478 1168 536 1196 alio
551 1168 577 1195 A
593 1166 628 1195 ab
642 1166 695 1195 alio

422 1217 458 1245 ¹7
481 1207 553 1236 Item
567 1208 594 1235 A
609 1207 636 1234 d.

418 1257 452 1277 21
477 1248 602 1286 gravitas
617 1245 644 1282 ψ
653 1249 784 1284 pravitas

419 1297 458 1325 27
479 1288 533 1316 esse
546 1287 573 1323 ψ
586 1288 656 1316 edere

420 1338 456 1365 33
479 1326 722 1357 Item—debet
733 1327 786 1356 effe
800 1325 830 1355 G
845 1325 872 1355 d.

417 1382 459 1391 —
480 1368 511 1397 Si
526 1369 552 1396 A
567 1369 593 1403 ψ
607 1368 632 1395 d.

417 1417 458 1446 34
477 1408 586 1446 pictura
601 1407 719 1436 tacitum
733 1409 758 1436 A
773 1407 799 1442 ψ
812 1409 921 1437 tacitum

418 1458 456 1487 ³5
481 1448 560 1487 Qia
574 1448 603 1476 G
618 1448 679 1485 drfi

415 1498 456 1526 37
478 1489 547 1526 quia
562 1490 586 1516 A
601 1489 632 1516 G
645 1488 670 1516 L
684 1488 747 1525 ‘⁴‘st

418 1529 456 1566 38
478 1529 536 1557 dici
551 1529 576 1562 ψ
592 1530 710 1557 commode
723 1529 776 1556 dici

417 1583 458 1591 —
479 1569 548 1606 quin
565 1570 590 1597 A
605 1581 649 1607 qut

414 1617 450 1646 41
477 1608 648 1647 subjecimus
663 1609 689 1638 A
707 1607 860 1646 subicimus
881 1607 910 1637 G
933 1608 958 1638 L
975 1609 1002 1638 R
1024 1607 1052 1646 ψ

523 1650 725 1688 hicfidy‘ecimus

414 1699 452 1727 43
475 1688 593 1719 inventu
607 1692 634 1725 ψ
647 1692 801 1719 inconventu

416 1739 459 1767 44
477 1738 512 1759 ut
527 1731 555 1759 G
571 1731 598 1759 d.

436 1779 452 1809 ς
473 1770 578 1809 ereptis
592 1771 618 1799 A
625 1771 756 1809 sicrrepn‘s

413 1824 454 1834 —
474 1809 593 1849 superest
613 1813 640 1840 A
660 1810 690 1839 G
707 1810 730 1837 L
746 1809 772 1837 R
788 1807 911 1848 daestlum
928 1809 1049 1845 mibifia-

516 1853 598 1889 φινεμ

434 1893 452 1921 8
474 1891 606 1920 condono
621 1890 645 1918 L
659 1892 721 1919 dono

435 1940 455 1970 9
475 1930 556 1959 vobis
571 1931 596 1960 L
609 1932 637 1959 d.

413 1985 455 1995 —
474 1971 620 2000 videbitur
634 1971 660 1999 A
678 1970 702 1999 L
718 1971 828 2000 videtur·

417 2020 454 2041 10
475 2012 594 2050 impune
611 2012 634 2040 L
649 2014 771 2049 imponite

412 2066 453 2075 —
472 2051 612 2090 quicquid
627 2053 653 2080 A
670 2052 698 2079 G
715 2052 781 2090 quid

416 2101 447 2121 11
471 2091 677 2130 obtemperabo
692 2091 720 2120 G
732 2090 830 2129 parebo

415 2142 450 2169 ¹7
473 2133 585 2161 videtur
598 2133 625 2161 A
642 2132 671 2160 G
686 2132 711 2160 L
726 2134 854 2161 videatur

417 2173 452 2200 18
473 2172 509 2200 de
523 2172 653 2210 pluribus
667 2173 692 2206 ψ
705 2173 732 2201 d·

415 2222 452 2241 22
475 2213 569 2241 dicere
584 2213 614 2241 G
630 2212 657 2248 ψ
672 2215 725 2241 dici

415 2261 452 2291 25
475 2262 600 2292 quonam
614 2253 641 2281 A
655 2264 758 2291 quanam
778 2252 807 2281 G
824 2263 871 2291 quo
895 2251 920 2281 L
939 2252 965 2287 ψ
987 2262 1046 2281 nam

521 2303 568 2331 quo

413 2334 451 2362 28
473 2340 522 2362 aut
536 2333 596 2362 fieri
611 2333 637 2361 A
652 2332 754 2372 Gfim'

415 2382 454 2411 30
474 2383 525 2402 nos
541 2374 568 2402 A
582 2374 610 2402 d.

414 2423 428 2451 3
437 2423 451 2442 2
474 2413 556 2442 istum
569 2415 595 2442 A
610 2415 682 2451 istud

415 2463 455 2491 34
475 2461 524 2482 aut
607 2453 699 2483 feciffe
713 2454 739 2489 ψ
752 2453 779 2482 d.

414 2503 451 2531 37
473 2494 628 2522 etiamnum
644 2494 671 2523 A
682 2494 707 2524 L
721 2497 800 2525 etiam
813 2505 877 2525 nunc
891 2493 921 2524 G
931 2491 958 2533 ψ
968 2495 1046 2527 niam

411 2542 448 2571 41
472 2533 501 2564 vi
515 2535 543 2564 A
558 2537 629 2565 vivo

1110 375 1140 403 p.

1110 414 1169 434 210

1110 1377 1163 1398 211

1190 414 1224 443 4¹
1251 405 1385 442 dejeceris
1401 406 1426 434 A
1441 407 1565 436 deiciarie

1189 455 1226 483 43
1251 445 1306 474 Sed
1321 446 1349 474 G
1362 447 1408 478 fid
1416 455 1440 474 et

1215 494 1224 513 1
1250 485 1280 513 id
1296 495 1355 514 nou
1373 487 1398 514 A
1412 486 1437 521 ψ
1451 497 1504 515 cum

1187 539 1229 547 —
1250 525 1301 553 nifi
1318 528 1343 554 A
1361 528 1388 554 d.

1209 573 1229 602 4
1249 564 1403 594 Diss'olutio
1417 566 1466 600 est,
1487 575 1551 604 quae
1566 566 1595 596 G
1617 565 1769 606 Dgffilutum
1789 571 1824 608 est

1298 607 1367 642 quod

1194 653 1225 673 11
1251 643 1281 672 in
1296 644 1320 678 ψ
1332 647 1390 673 inde

1199 693 1234 722 14
1255 684 1292 712 est
1308 685 1334 712 A
1351 686 1378 713 d.

1190 733 1223 762 1ς
1246 724 1374 753 Praecifio
1392 726 1417 753 A
1434 724 1543 763 Percisto

1191 763 1226 792 16
1248 763 1418 802 quibusdam
1434 766 1460 793 A
1476 767 1502 795 d.
1524 764 1554 793 G
1571 764 1702 804 aliquibus

1187 819 1228 827 —
1248 804 1390 843 reliquum
1405 806 1430 839 ψ
1444 805 1566 844 reliquum
1579 807 1613 842 est

1193 846 1228 874 18
1249 845 1279 874 in
1364 855 1419 874 non
1434 846 1471 874 est
1483 847 1510 874 A
1521 847 1675 882 inthaatune,
1690 847 1735 876 hoc
1745 849 1824 878 modo.

1295 886 1435 923 Judicium
1447 887 1489 924 fic
1508 887 1588 915 mithi
1604 895 1684 916 tecum
1697 890 1726 917 it:
1738 897 1824 918 certa·

1296 929 1363 954 tione
1376 928 1410 964 est

1192 976 1208 995 2
1213 975 1226 1003 3
1251 965 1302 994 ista
1316 967 1342 994 A
1359 965 1387 994 G
1398 967 1425 1001 ψ
1438 968 1510 1004 istud

1190 1016 1226 1045 23
1251 1015 1286 1034 ne
1303 1006 1328 1034 A
1345 1017 1375 1035 ne
1388 1010 1430 1036 cui

1186 1060 1227 1068 —
1247 1053 1275 1076 te
1290 1047 1315 1075 A
1327 1057 1355 1076 re

1187 1101 1228 1107 —
1249 1086 1348 1115 dixero
1363 1087 1390 1115 A
1404 1087 1510 1115 dicerem
1524 1086 1554 1116 G
1569 1087 1594 1122 ψ
1607 1089 1716 1118 dixerim

1189 1136 1226 1165 ²9
1250 1126 1330 1155 brevi
1343 1127 1369 1160 ψ
1379 1130 1468 1166 gra-vi

1189 1175 1223 1205 31
1249 1166 1279 1195 id
1293 1167 1323 1195 A
1334 1167 1359 1194 d.

1190 1216 1227 1245 32
1249 1206 1437 1245 consequatur
1451 1207 1481 1235 A·
1492 1208 1656 1247 consequetur

1189 1256 1228 1285 34
1250 1247 1305 1275 fine
1317 1248 1343 1282 ψ
1357 1249 1408 1286 nfi

1187 1297 1226 1325 42
1249 1289 1436 1325 separavimus
1451 1288 1478 1316 A
1485 1288 1670 1327 superavimus

1188 1336 1229 1366 44
1249 1337 1346 1356 earum
1363 1329 1388 1356 A
1405 1339 1488 1357 eorum

1211 1377 1227 1397 2
1250 1368 1374 1405 quadarn
1391 1369 1416 1396 A
1429 1370 1456 1397 d.

1210 1417 1225 1446 3
1249 1407 1295 1436 De
1309 1408 1338 1437 G
1356 1409 1379 1436 E

1209 1459 1224 1487 5
1247 1448 1546 1487 ευίΟΙιΚψτιᾴω

1188 1503 1228 1511 —
1248 1488 1289 1517 rei
1306 1491 1333 1518 A
1349 1492 1372 1518 u*

1207 1540 1225 1567 9
1248 1529 1462 1568 significationis
1477 1528 1504 1566 ψ
1518 1532 1556 1558 rei
1561 1530 1742 1569 significanda

1191 1578 1227 1598 ιο
1247 1578 1276 1597 et
1291 1569 1317 1596 A
1334 1570 1362 1597 G
1378 1572 1404 1598 A.

1190 1619 1201 1638 1
1212 1618 1223 1638 ι
1248 1616 1276 1636 et
1291 1609 1402 1645 mugire
1417 1610 1442 1637 A
1458 1610 1485 1639 d.

1191 1658 1226 1678 12
1248 1648 1448 1687 Significandae
1467 1651 1493 1678 A
1509 1649 1702 1688 Signficatione
1722 1649 1751 1678 G
1766 1650 1825 1680 Aut

1286 1690 1473 1727 significandae

1192 1730 1226 1758 18
1249 1737 1283 1757 eo
1296 1737 1390 1757 utatur
1405 1730 1430 1757 A
1446 1741 1480 1758 ea
1491 1737 1582 1758 utatur
1595 1729 1624 1758 G
1640 1729 1794 1769 ψρνψναε

1190 1779 1227 1798 20
1248 1769 1397 1798 exornabit
1414 1771 1436 1798 L
1450 1778 1556 1798 exornat

1189 1819 1224 1848 25
1247 1817 1312 1838 cum
1330 1809 1463 1847 loquatur
1474 1811 1500 1838 A
1514 1813 1572 1838 dum
1588 1809 1701 1848 lc-quitur

1186 1865 1226 1872 —
1246 1849 1386 1878 Gracchis
1402 1851 1427 1878 A
1444 1851 1571 1879 Gracchis
1583 1852 1654 1879 dicat

1184 1905 1225 1913 -
1246 1890 1286 1918 At
1302 1900 1357 1918 non
1373 1889 1400 1925 ψ
1414 1891 1505 1919 Annon

1187 1930 1225 1960 26
1246 1930 1359 1967 inquiet
1372 1931 1398 1958 A
1412 1933 1498 1969 inquit

1187 1973 1223 2000 28
1246 1969 1324 1999 dicat
1339 1971 1362 1999 L
1377 1982 1430 2000 cum
1441 1973 1512 2001 dicae

1184 2025 1225 2034 —
1245 2020 1320 2039 nunc
1335 2011 1360 2039 A
1377 2012 1402 2040 d.

1185 2061 1223 2089 29
1246 2061 1291 2080 me
1308 2052 1331 2079 A
1350 2052 1375 2079 d.

1182 2108 1222 2116 —
1244 2091 1438 2130 Plagiofippus
1454 2093 1482 2122 G
1499 2093 1523 2122 L
1537 2093 1562 2129 ψ
1578 2091 1764 2132 Plagioxippur

1186 2142 1223 2171 30
1244 2131 1291 2159 iste
1307 2133 1334 2160 A
1349 2132 1393 2160 ille

1186 2183 1222 2212 32
1245 2180 1293 2201 aut
1306 2173 1332 2201 A
1350 2173 1372 2201 L
1391 2172 1417 2200 d.

1187 2223 1223 2251 33
1249 2213 1279 2241 in
1293 2213 1320 2242 A
1334 2214 1360 2241 d.

1183 2268 1225 2276 —-
1245 2253 1274 2281 in
1291 2254 1319 2281 A
1335 2253 1364 2281 G
1380 2253 1405 2281 d.

1184 2304 1200 2332 3
1206 2303 1221 2332 ς
1244 2292 1359 2321 nomine
1374 2294 1400 2322 A
1417 2292 1441 2320 d.

1185 2334 1222 2372 36
1244 2333 1416 2362 collocamus
1432 2333 1459 2361 A
1476 2332 1500 2360 L
1515 2332 1654 2362 collocemus

1179 2373 1278 2413 41Ῑά
1295 2373 1320 2400 A
1336 2374 1360 2401 R
1376 2374 1401 2408 ψ
1416 2375 1465 2410 ista
1479 2372 1508 2401 G
1524 2373 1656 2404 LIdaut
1669 2369 1815 2410 abinvmq

1289 2422 1313 2440 to
1327 2413 1456 2452 colligitur

1179 2463 1220 2492 42
1242 2460 1274 2482 ut
1288 2453 1317 2481 G
1333 2455 1367 2481 ab
1381 2457 1514 2488 inventore
1525 2461 1554 2486 ut

1181 2509 1223 2519 -
1243 2494 1263 2522 fi
1278 2493 1342 2531 quis
1356 2495 1382 2522 A
1397 2495 1425 2526 d.

1181 2543 1222 2575 43
1242 2543 1307 2566 eum
1323 2533 1352 2565 G
1365 2535 1392 2575 dg
