2335 3009
567 230 665 269 AD
724 226 1240 268 HERENNIUM
1297 227 1432 267 LIB.

373 324 469 360 libris
496 323 581 359 nihil
611 323 825 372 praeteritum
850 323 898 358 est
928 323 1039 358 rheto-

373 373 453 407 ricae
471 372 722 420 praeceptionis.
757 371 1041 407 Demonstratum

371 421 418 456 est
435 422 540 463 enim,
557 420 737 467 quomodo
755 432 806 455 res
825 420 859 455 in
876 420 1040 455 omnibus

371 469 552 516 generibus
569 468 747 504 causarum
765 468 908 504 inveniri
937 480 1040 516 opor-

371 527 450 553 teat.
502 517 649 553 Dictum
674 517 734 559 est,
761 529 835 564 quo
861 517 964 565 paeto
984 528 1039 552 eas

371 566 548 613 disponere
589 565 781 601 conveniat.
849 565 1039 600 Traditum

370 614 430 656 est,
457 626 527 662 qua
556 614 684 649 ratione
707 615 786 649 esset
812 613 1038 662 pronuntian--

371 663 467 697 dum.
519 663 739 710 Praeceptum
779 663 839 704 est,
884 674 954 710 qua
983 662 1041 697 via

372 711 557 746 meminiffe
583 712 767 759 polsemus.
818 710 1039 746 Demonstra-

372 769 446 794 tum
477 760 536 801 est,
575 759 706 806 quibus
743 759 855 794 modis
889 758 1039 806 perfecta

369 808 521 844 elocutio
554 817 821 856 compararetur.
873 809 970 857 Qae
1013 808 1038 844 fi

456 2349 525 2388 To
536 2359 590 2388 M.
620 2347 696 2388 IX.

1484 229 1558 268 IV.
1684 241 1761 281 ²25

1089 321 1319 369 exsequimur,
1347 332 1446 358 acute
1471 332 1504 358 et
1529 322 1600 358 cito
1618 323 1759 369 reperie-

1090 382 1192 405 mus:
1221 371 1377 406 distinete
1403 381 1438 406 et
1463 371 1618 407 ordinate
1644 371 1756 417 dispo<

1090 431 1235 454 nemus:
1273 419 1422 465 graviter
1449 430 1483 455 et
1509 419 1649 454 venuste
1678 431 1756 466 pro-

1091 467 1350 502 nuntiabimus:
1394 468 1491 504 firme
1523 478 1557 502 et
1590 477 1759 515 perpetuo

1089 516 1369 551 meminerimus:
1407 526 1524 551 ornate
1552 524 1586 551 et
1612 516 1757 551 suaviter

1088 564 1303 611 eloquemur.
1339 564 1436 611 Ergo
1455 563 1602 611 amplius
1626 564 1660 598 in
1687 575 1758 599 arte

1089 612 1256 648 rhetorica
1294 612 1379 647 nihil
1408 612 1466 647 est.
1518 613 1611 647 Haec
1641 613 1757 647 omnia

1089 661 1326 708 adipiscemur,
1364 662 1387 696 fi
1418 660 1562 696 rationes
1600 672 1756 707 praecep-

1089 710 1191 745 tionis
1227 710 1405 757 diligentia
1439 709 1687 757 consequemur
1723 718 1756 744 et

1087 758 1340 796 exercitatione.

1379 2340 1465 2383 Ff
