2335 3009
576 251 654 294 268

574 347 711 394 tropius
746 346 808 382 lib.
839 346 904 381 VI.
940 345 1070 386 scribit,
1107 354 1175 391 cap.
1214 344 1247 380 6.

576 397 677 431 Hinc
708 395 831 430 Cicero
857 395 890 429 in
909 395 1007 429 Verr.
1028 394 1089 428 IV.
1118 405 1194 440 cap.
1216 395 1248 428 8.

575 446 672 481 Dixit
703 444 760 478 hoc
786 443 864 479 idem
890 444 945 478 M.
964 442 1130 484 Lucullus,
1148 442 1185 487 se
1214 442 1250 477 de

577 493 628 528 his
663 494 775 528 Dionis
801 491 995 526 incommodis
1018 501 1081 537 pro
1109 491 1251 537 hospitio,

579 540 731 589 quodsibi
748 553 814 576 cum
831 553 864 576 eo
888 540 966 587 esth,
984 541 1059 587 jam
1087 547 1162 574 ante
1183 551 1252 585 cog-

577 589 1019 680 fflecedossugdfzis’ldssffizs
1019 601 1096 672 kg?
1109 597 1253 682 tigitno‘zii'i

578 700 671 736 quam
687 696 734 729 tu,
764 687 916 729 Horterfi‚
941 688 994 733 qui
1012 687 1121 720 Romae
1128 686 1239 730 fuisti.
1234 687 1250 712 2

629 737 716 771 Hoc
745 747 837 771 anno
871 735 1002 770 bellum
1042 735 1075 768 in
1105 733 1203 769 Italia
1233 745 1252 768 a

580 784 831 832 gladiatoribus
857 784 946 818 duce
970 785 1135 830 Spartaco
1160 782 1250 816 exci-

581 843 694 869 tatum
711 833 771 875 est,
799 833 896 879 quod
919 831 1042 867 Cicero
1073 831 1106 866 in
1135 831 1251 866 Mani-

581 881 684 925 liana,
708 891 776 927 cap.
801 893 854 916 10.
900 880 1028 916 Servile
1057 889 1183 915 vocat:
1211 879 1256 914 de

582 943 656 977 quo
674 930 785 977 lcripfi
808 932 840 965 in
858 930 915 964 ult.
934 938 1004 975 cap.
1023 929 1078 964 lib.
1096 929 1142 964 V.
1169 930 1251 964 Oro-

568 980 628 1023 fii.
674 980 808 1015 Eodem
827 989 980 1025 tempore
997 978 1043 1012 L.
1062 977 1255 1020 Lucullus,

582 1028 646 1075 qui
668 1027 786 1062 consul
815 1039 904 1062 anno
931 1026 1102 1074 superiore
1133 1035 1256 1061 contra

582 1076 826 1111 Mithridatem
867 1074 1044 1123 profedkus
1081 1085 1166 1117 erat,
1211 1074 1254 1108 ad

582 1124 758 1171 Cyzicum
799 1124 922 1159 urbem
958 1122 1147 1158 exercitum
1181 1121 1255 1169 ejus

581 1172 674 1208 fame
702 1171 863 1219 ferroque
888 1172 1027 1214 delevit,
1052 1175 1179 1206 auctore
1196 1172 1255 1206 Li-

581 1223 637 1256 vio
664 1222 705 1257 lib
743 1222 860 1257 XCV.
909 1221 1005 1256 Nam
1034 1231 1116 1255 cum
1146 1219 1254 1255 totius

582 1270 733 1318 impetus
778 1269 859 1305 belli
911 1270 954 1304 ad
996 1269 1254 1316 Cyzicenorum

582 1331 714 1354 rnoenia
759 1317 969 1361 constitisset,
1007 1329 1154 1371 eamque
1196 1329 1253 1352 ur·

583 1368 663 1403 bem
681 1367 742 1402 fibi
761 1366 983 1402 Mithridates
1001 1367 1096 1401 Afiae
1108 1378 1253 1413 januam

581 1416 656 1451 fore
675 1415 869 1463 putavisset,
896 1427 967 1462 qua
991 1415 1130 1450 effracta
1151 1424 1185 1449 et
1204 1427 1252 1449 re-

582 1465 680 1500 vulsa
697 1475 768 1499 tota
787 1473 916 1511 pateret
945 1463 1148 1511 provincia,
1176 1476 1252 1511 per-

583 1513 674 1548 fecta
691 1514 735 1548 ab
753 1513 910 1548 Lucullo
927 1512 1002 1548 haec
1021 1511 1098 1546 sunt
1125 1513 1254 1554 omnia,

584 1573 623 1597 ut
659 1562 742 1596 urbs
776 1561 1047 1596 fideliffimorum
1084 1561 1254 1596 sociorum

583 1610 832 1651 defenderetur,
845 1620 883 1644 ut
900 1622 1018 1645 omnes
1036 1609 1148 1657 copiae
1169 1610 1254 1657 regis

583 1659 810 1694 diuturnitate
847 1659 1035 1694 obsidionis
1078 1659 1253 1694 consume-

585 1718 713 1749 rentur,
733 1708 779 1742 ait
797 1707 916 1742 Cicero
931 1717 989 1754 pro
1007 1709 1162 1750 Murena,
1181 1717 1252 1753 cap.

588 1769 601 1792 ι
611 1769 643 1802 5.
678 1757 834 1791 Eandem
854 1768 924 1791 rem
936 1766 997 1802 pro
1013 1756 1076 1803 lege
1094 1757 1253 1798 Manilia,

583 1815 650 1851 cap.
672 1809 703 1840 8.
730 1815 763 1839 et
782 1817 840 1852 pro
857 1805 992 1848 Archia,
1015 1814 1083 1851 cap.
1104 1817 1136 1853 9.
1158 1817 1251 1840 com-

584 1863 760 1889 memorat.

585 2045 694 2082 Anno
715 2042 822 2082 Urbis
845 2041 918 2082 681
931 2073 939 2082 .
985 2043 1164 2082 Ciceronis
1186 2057 1250 2097 35.

733 2112 925 2151 Consules
948 2111 1110 2151 fuerunt

614 2174 662 2212 L.
696 2175 904 2212 Genius
939 2174 1222 2218 Popmcom,

586 2236 668 2273 CN.
693 2235 960 2273 Consanus
995 2235 1248 2273 LENTULUS

773 2296 1066 2334 Ctonmuus.

634 2393 688 2426 De
710 2392 760 2428 his
779 2392 929 2427 Cicero
923 2405 956 2427 in
975 2393 1070 2428 Verr.
1092 2393 1150 2427 lV.
1175 2405 1251 2440 cap.

593 2455 641 2487 ³9·
692 2442 797 2486 lus-qa
827 2445 858 2475 ιι
887 2447 1001 2476 δεητιιι
1030 2444 1169 2476 continuo
1193 2444 1251 2477 (,.ιι

584 2491 682 2524 lama
687 2490 732 2524 Ius
752 2500 781 2524 ce
802 2493 841 2526 l..
864 2491 982 2526 Gclms
1000 2491 1063 2526 Lu
1062 2491 1115 2526 ·.'ul
1114 2503 1149 2526 us
1171 2491 1252 2535 (im-

891 249 956 290 M.
1016 250 1072 289 T.
1133 247 1666 289 CICERONIS

1298 343 1396 390 preffi
1426 341 1505 377 libri
1533 341 1710 377 Ciceronis
1736 341 1896 378 mendose
1911 342 1970 378 ha.

1301 392 1394 433 bent,
1422 402 1517 433 cum,
1543 392 1585 426 L.
1617 391 1734 427 Gellius
1765 391 1798 426 in
1830 391 1972 427 vetustis

1299 440 1387 474 recte
1412 439 1562 487 legatur)
1587 439 1726 486 Consules
1733 441 1862 487 faciunt
1888 451 1971 475 men-

1300 491 1426 529 tionem,
1455 488 1582 534 placere
1602 490 1721 532 statui,
1748 489 1784 533 st
1817 489 1972 524 Patribus

1301 535 1480 583 conscriptis
1508 536 1686 580 videretur,
1712 550 1748 573 ne
1762 538 1900 583 algsentes
1917 537 1974 572 ho-

1301 589 1396 620 mines
1411 589 1446 620 in
1469 587 1643 631 provinciis
1664 587 1713 620 rei
1727 586 1845 629 fierent
1868 598 1974 621 rerum

1302 633 1498 678 capitalium.
1519 633 1627 669 Iidem
1646 635 1679 670 in
1697 644 1782 671 orat.
1797 645 1858 681 pro
1875 635 1974 670 Balbo

1301 682 1484 737 aliquoties
1501 682 1734 719 nominantur.
1785 683 1826 718 In
1850 694 1974 731 quarta

1301 731 1435 767 veroin
1453 731 1609 774 Verrem,
1635 740 1705 777 cap.
1724 745 1783 776 41.
1811 732 1867 768 M.
1885 732 1974 768 Lol-

1302 780 1390 815 lium
1421 779 1622 815 Palicanum
1645 780 1848 816 Tribunum
1879 781 1971 828 pleb.

1303 829 1369 863 hoc
1420 840 1510 863 anno
1564 827 1664 864 fuisse
1720 829 1974 876 cognoscimus.

1303 878 1423 925 Qem
1441 877 1617 920 laborasse,
1634 888 1675 914 ut
1692 878 1896 914 Tribunitia
1912 891 1974 927 po-

1303 926 1402 961 testas
1432 926 1568 974 populo
1596 927 1838 970 restitueretur,
1866 928 1973 963 Asco-

1303 975 1381 1010 nius
1395 977 1429 1010 in
1447 976 1660 1010 Vemnaml.
1687 985 1756 1021 cap.
1785 987 1817 1021 3.
1845 975 1974 1012 scribit.

1303 1022 1360 1058 De
1385 1023 1506 1058 eodem
1537 1023 1661 1059 Cicero
1690 1023 1725 1059 in
1748 1024 1871 1067 Bruto,
1897 1036 1976 1073 cap.

1305 1073 1362 1106 62.
1390 1072 1520 1117 Aptior,
1547 1071 1675 1128 inquit,
1692 1074 1787 1108 etiam
1803 1073 1977 1109 Palicanus

1303 1120 1435 1155 auribus
1451 1122 1675 1166 imperitorum.

1355 1169 1440 1204 Hoc
1470 1180 1560 1204 anno
1586 1169 1764 1205 Lucullus
1788 1169 1977 1206 Mithrida-

1305 1227 1374 1253 tem
1406 1218 1439 1252 in
1470 1218 1625 1253 Pontum
1655 1218 1864 1266 persecutus,
1893 1231 1976 1255 eum

1305 1266 1499 1314 legionibus
1518 1267 1686 1302 Romanis
1711 1266 1886 1316 patefecit,
1912 1269 1975 1316 qui

1304 1325 1382 1350 ante
1415 1327 1499 1363 pop.
1532 1317 1638 1351 Rom.
1673 1328 1714 1351 ex
1747 1317 1843 1352 omni
1878 1318 1975 1353 aditu

1303 1363 1436 1400 clausus
1465 1363 1590 1407 fuerat,
1625 1374 1664 1400 ut
1689 1365 1737 1400 ait
1768 1365 1892 1401 Cicero
1914 1376 1977 1413 pro

1302 1413 1366 1459 lege
1383 1413 1542 1457 Manilia,
1568 1423 1635 1460 cap.
1663 1416 1694 1450 8.
1713 1423 1748 1450 et
1758 1423 1821 1460 pro
1837 1415 1976 1460 Archia,

1303 1471 1371 1508 cap.
1395 1473 1431 1508 9.

1305 1645 1416 1684 Anno
1436 1643 1546 1683 Urbis
1565 1643 1660 1683 682.
1704 1644 1884 1684 Ciceronis
1906 1644 1973 1699 36.

1448 1713 1640 1753 Consules
1670 1713 1834 1754 fuerunt

1336 1776 1419 1813 Cn.
1451 1776 1678 1814 Aur-xmus
1714 1776 1944 1822 Οκι-ῑετεε,

1319 1836 1364 1875 Ρ.
1397 1836 1666 1876 Connnmus
1699 1837 1956 1877 Ltn‘rutus

1568 1899 1710 1937 SURA.

1352 2004 1488 2039 Orestes
1521 2003 1632 2052 gentis
1661 2003 1817 2039 Aureliae
1843 2017 1973 2052 cogno-

1305 2064 1383 2087 men
1415 2053 1485 2088 est:
1526 2053 1579 2088 sed
1611 2053 1664 2088 hic
1693 2053 1829 2088 Orestes
1859 2066 1878 2088 a
1906 2056 1973 2090 Cn.

1305 2102 1451 2137 Aufidio
1478 2102 1675 2149 adoptatus,
1703 2112 1742 2137 ut
1767 2103 1890 2138 Cicero
1914 2113 1974 2148 pro

1304 2151 1404 2186 Domo
1433 2150 1491 2192 ait,
1517 2160 1583 2197 cop.
1618 2163 1672 2192 η.
1725 2152 1780 2185 Cn
1807 2152 1974 2188 Aufidius

1304 2198 1439 2234 Orestes
1467 2199 1581 2234 distus
1610 2197 1689 2234 fuit.
1731 2202 1797 2234 Cn.
1816 2201 1972 2243 Oresten,

1304 2260 1386 2282 cum
1407 2248 1587 2283 Tribunus
1607 2249 1698 2295 pleb.
1728 2249 1792 2283 esst·
1823 2262 1890 2285 non

1304 2295 1428 2337 unisset,
1446 2296 1619 2332 consulem
1638 2296 1768 2332 factum
1788 2298 1833 2333 ait
1851 2298 1974 2334 Cicero

1297 2355 1359 2390 pro
1390 2346 1533 2386 Plancio,
1559 2357 1625 2392 cop
1648 2358 1704 2381 2¹.
1758 2347 1853 2382 ldem
1884 2359 1971 2395 prae-

1303 2404 1357 2428 tor
1408 2395 1560 2429 urbanus
1612 2394 1678 2430 fuit
1729 2407 1819 2431 anno
1877 2397 1972 2431 urbis

1305 2455 1474 2478 nctxxvt.
1506 2454 1543 2478 ut
1573 2456 1614 2479 cx
1648 2444 1775 2479 lalerio
1804 2444 1858 2479 lib.
1892 2445 1969 2479 Vll.

1303 2503 1369 2538 ap.
1393 2505 1423 2539 7.
1444 2505 1487 2541 ap
1491 2503 1594 2540 paret.
1640 2494 1678 2529 Ρ.
1699 2493 1873 2529 Lentulus
1890 2505 1974 2528 cum
