2335 3009
571 237 647 289 248

572 333 800 380 QScaevola
827 342 862 368 et
888 333 944 369 M.
964 332 1154 376 Antonius,
1179 333 1238 368 de-

573 383 650 417 inde
667 384 716 426 Q.
736 382 883 417 Catulus
898 392 933 416 et
956 383 997 417 C.
1016 381 1134 427 Julius
1159 383 1236 417 Cae-

571 429 621 466 sar
644 431 820 473 venissent,
847 430 964 466 habita
989 429 1058 466 fuit
1085 431 1236 478 disputa-

573 479 622 516 tio
635 480 676 514 de
691 480 850 523 Oratore,
864 491 970 527 quam
985 479 1107 514 Cicero
1124 480 1238 527 postea

572 529 684 563 tribus
702 528 799 564 libris
822 529 1024 575 complexus
1051 529 1111 570 est,
1131 529 1238 575 seque

572 587 648 612 tum
668 577 780 612 adhuc
798 589 945 625 puerum
974 576 1072 612 fuisse
1098 577 1156 619 ait,
1182 577 1236 611 lib.

572 626 736 661 X111.ad
751 628 822 661 Att.
841 636 886 672 ep.
913 639 964 673 ¹9.

623 674 744 709 Idibus
774 675 985 722 Septembris
1013 674 1144 709 senatus
1171 672 1237 708 fre-

573 735 682 771 quens
714 734 840 758 vocatu
875 723 980 758 Drufi
1019 723 1052 757 in
1095 723 1238 757 Curiam

573 773 694 808 venit:
749 772 868 819 ibique
918 773 1089 820 permulta
1140 772 1238 806 vehe-

574 821 776 857 mentissima
801 821 1018 856 contentione
1045 820 1161 863 animi,
1191 821 1237 855 in-

572 869 676 916 genii,
706 870 842 911 virium,
871 882 889 904 a
919 869 963 904 L.
997 870 1116 904 Crasso
1148 869 1241 904 dieta

573 918 671 953 sunt:
699 919 825 953 dicenti
852 919 941 953 latus
968 919 1161 962 condoluit,
1187 918 1240 953 su-

573 967 707 1015 dorque
731 968 862 1002 multus
880 967 1080 1002 consecutus
1103 967 1170 1002 est:
1199 979 1241 1002 ex

574 1028 647 1063 quo
677 1029 758 1051 cum
785 1016 1019 1058 cohorrtlifl‘et,
1045 1028 1126 1051 cum
1153 1015 1241 1051 febri

509 1067 511 1069 ’
572 1066 717 1100 domum
746 1065 856 1107 rediit,
882 1065 1006 1112 dieque
1028 1064 1171 1112 septimo
1196 1064 1243 1099 est

573 1114 686 1148 lateris
711 1114 830 1149 dolore
855 1113 1092 1160 consumptus.
1136 1115 1242 1148 Cicero

572 1162 609 1197 cle
625 1164 762 1198 Oratore
775 1163 826 1196 lib.
846 1163 873 1197 1.
897 1172 964 1208 cap.
989 1175 1020 1208 7.
1041 1170 1069 1196 et
1088 1162 1150 1196 111.
1174 1171 1240 1208 cap.

579 1224 608 1246 1.
636 1218 666 1245 et
692 1223 723 1246 2.
752 1210 886 1246 Drusus
907 1221 1061 1258 quoque,
1088 1210 1184 1246 sociis
1209 1220 1243 1245 et

574 1259 702 1296 Italicis
729 1260 868 1308 populis
898 1259 954 1307 spe
993 1259 1142 1294 civitatis
1168 1261 1241 1294 Ro-

573 1321 686 1344 manae
728 1307 928 1351 sollicitatis,
971 1320 1053 1344 cum
1105 1320 1124 1343 e
1164 1306 1243 1343 foro

573 1358 706 1393 cine'tus
722 1357 882 1392 immensa
895 1356 1120 1392 multitudine
1135 1369 1243 1391 rever-

573 1407 673 1449 tillet,
701 1407 735 1441 in
761 1405 848 1442 atrio
864 1406 990 1442 domus
1011 1405 1080 1441 suae
1101 1405 1244 1440 cultello

573 1455 763 1504 percussus,
789 1455 851 1502 qui
884 1455 1008 1490 affixus
1043 1453 1136 1489 lateri
1170 1453 1244 1500 ejus

575 1504 712 1540 relie'tus
729 1504 788 1545 est,
816 1504 902 1538 intra
920 1515 1046 1551 paucas
1064 1502 1163 1538 horas
1185 1503 1243 1537 de-

574 1555 677 1589 ceffit.
729 1552 860 1587 Velleius
876 1552 930 1588 lib.
964 1552 1006 1588 ll.
1030 1561 1098 1598 cap.
1130 1563 1184 1595 14.
1213 1558 1243 1585 et

573 1603 692 1638 Livius
714 1601 768 1638 lib.
788 1601 909 1637 LXX.
961 1601 1084 1641 Cicero
1101 1611 1244 1648 quoque

574 1651 630 1686 lib.
651 1651 714 1686 111.
733 1649 769 1685 de
785 1649 872 1686 Not.
894 1651 994 1686 Deor.
1014 1659 1086 1696 cap.
1107 1660 1164 1695 3²·
1183 1649 1242 1692 ait,

574 1700 729 1736 Drusum
747 1699 843 1734 domi
866 1699 934 1734 suae
961 1697 1051 1734 ferro
1069 1710 1088 1733 a
1105 1698 1242 1745 QVa-

574 1749 626 1785 rio
645 1747 862 1784 interfeetum
879 1748 954 1783 effe.
1007 1748 1056 1783 Et
1081 1759 1146 1795 pro
1172 1747 1243 1781 Mi-

575 1798 654 1834 lone
670 1810 744 1845 cap.
767 1809 799 1843 7.
843 1797 1001 1831 Tribunus
1015 1795 1059 1843 pl.
1079 1797 1135 1831 M.
1154 1796 1244 1831 Dru-

565 1849 623 1893 sus
655 1847 763 1893 occisos
791 1845 831 1890 est
845 1859 856 1880 :
883 1845 965 1880 nihil
990 1845 1027 1880 de
1059 1846 1121 1892 ejus
1151 1852 1247 1879 morte

882 235 948 276 M.
1008 236 1652 277 T.CICERONIS
1759 265 1761 267 -

1288 342 1337 368 tes
1366 333 1480 380 palam
1512 332 1691 368 inseetatus
1727 331 1819 375 effer,
1860 342 1952 369 ante-

1287 393 1394 428 quam
1421 381 1592 417 Iententiae
1623 382 1665 416 de
1684 381 1756 428 ipso
1771 380 1952 423 ferrentur.

1288 430 1373 465 urbe
1390 431 1491 466 ceffit.
1545 433 1704 477 Appianus
1725 430 1779 465 lib.
1798 430 1823 465 I.

1337 479 1454 514 Crasso
1497 491 1646 522 mortuo,
1695 480 1799 514 Cotta
1841 478 1951 526 pulso,

1287 527 1410 563 Cicero
1428 527 1460 562 in
1478 527 1594 563 forum
1614 528 1718 570 venit,
1746 538 1785 562 ut
1803 527 1871 574 ipse
1893 527 1953 562 tes-

1288 587 1380 611 tatur
1395 579 1429 610 in
1445 578 1546 612 Bruto
1558 586 1626 620 cap.
1650 578 1706 611 88.
1748 577 1855 611 Unde
1871 587 1955 622 cog-

1289 625 1449 666 noscitur,
1490 624 1544 658 M.
1576 624 1740 659 Tullium
1781 637 1870 659 anno
1909 625 1955 659 se-

1288 683 1427 720 quente,
1455 684 1534 707 cum
1554 672 1687 719 judicia
1715 673 1806 707 bello
1834 672 1956 707 Italico

1289 722 1471 756 intermiss‘a
1496 721 1611 763 essent,
1638 721 1772 768 sumpta
1791 721 1879 755 virili
1904 732 1952 756 to·

1289 783 1345 817 ga,
1387 770 1419 805 in
1450 769 1567 805 forum
1601 771 1733 805 veniss‘e.
1795 770 1956 804 Deduce-

1291 820 1417 854 bantur
1433 819 1524 854 enim
1543 829 1617 854 tum
1637 819 1669 853 in
1688 817 1805 853 forum
1829 818 1955 853 adoles-

1290 878 1402 902 centes
1433 880 1452 902 a
1466 878 1586 950 fpatre,
1613 868 1668 902 vel
1694 879 1713 901 a
1738 866 1957 914 propinquis,

1292 926 1330 951 ut
1346 917 1449 952 essent
1482 917 1531 951 ori
1550 916 1733 957 auditores,
1759 926 1794 950 et
1818 915 1956 950 sectato-

1290 977 1341 1000 res
1354 964 1579 1011 judiciorum.
1632 966 1716 1012 Qa
1737 965 1780 999 de
1798 976 1831 999 re
1853 964 1957 999 Taci-

1293 1024 1347 1049 tus
1377 1017 1410 1048 in
1444 1014 1578 1059 Dialogo
1609 1012 1646 1048 de
1669 1013 1860 1047 Oratoribus
1888 1023 1956 1058 cap.

1294 1074 1352 1108 34.
1373 1062 1528 1097 meminit
1545 1062 1668 1097 Cicero
1689 1070 1748 1107 pro
1774 1061 1866 1096 Caelio
1889 1071 1958 1106 cap.

1293 1126 1326 1155 4.
1346 1119 1375 1145 et
1393 1121 1437 1157 ep.
1464 1122 1517 1145 10.
1544 1110 1599 1146 lib.
1618 1111 1718 1145 X111.
1745 1111 1859 1146 Famil.
1904 1110 1959 1145 Fi-

1292 1160 1358 1194 lius
1375 1160 1492 1202 etiam,
1518 1160 1579 1207 qui
1609 1169 1726 1206 togam
1745 1158 1877 1193 virilem
1905 1158 1958 1193 su-

1293 1208 1420 1250 mebat,
1456 1220 1475 1242 a
1502 1218 1596 1256 patre
1624 1217 1658 1243 et
1686 1207 1892 1255 propinquis
1926 1207 1959 1242 in

1291 1256 1407 1293 forum
1426 1257 1673 1298 deducebatur,
1691 1266 1729 1291 ut
1754 1255 1960 1292 Plutarchus

1293 1306 1327 1341 in
1346 1306 1455 1341 Bruto
1481 1306 1524 1340 de
1550 1306 1650 1341 Caffii
1673 1305 1746 1340 filio
1772 1305 1900 1347 scribit,
1926 1314 1961 1340 et

1293 1364 1410 1402 togam
1438 1354 1572 1390 virilem
1591 1357 1704 1400 ἂνδγέῖπ
1721 1358 1825 1398 ἱμάτιον
1842 1354 1959 1401 appel-

1294 1403 1351 1439 lat.
1404 1404 1469 1439 Dio
1490 1403 1546 1439 lib.
1564 1403 1680 1439 XLV.
1709 1403 1851 1438 eandem
1870 1407 1961 1438 ἐὲῐπι

1291 1453 1415 1490 iustum
1438 1462 1550 1488 vocat.
1604 1452 1709 1487 Hanc
1741 1461 1858 1498 togam
1890 1452 1959 1486 La-

1294 1501 1355 1536 tini
1373 1501 1475 1536 etiam
1491 1512 1625 1549 puram,
1636 1511 1670 1535 et
1680 1500 1798 1535 Graeci
1813 1503 1962 1547 ὶπέρρυὸν

1293 1549 1481 1585 nominant.
1532 1549 1674 1584 Dabant
1702 1549 1805 1584 etiam
1824 1546 1890 1584 suis
1921 1548 1963 1583 li-

1295 1598 1382 1634 beris
1411 1598 1565 1634 Romani
1598 1597 1735 1633 decimo
1768 1596 1863 1633 sexto
1891 1595 1963 1632 fere

1293 1659 1395 1684 anno.
1447 1649 1502 1683 Sic
1520 1647 1612 1682 enirn
1630 1646 1814 1682 Suetonius
1833 1646 1867 1681 in
1884 1647 1962 1681 Au-

1293 1696 1406 1743 gusto,
1433 1708 1508 1744 cap.
1530 1699 1562 1731 8.
1615 1694 1810 1742 Quadrimus
1837 1703 1962 1741 patrem

1294 1745 1420 1789 amfit:
1472 1745 1677 1780 duodecimum
1709 1756 1823 1779 annum
1857 1755 1963 1791 agens,

1295 1797 1407 1828 aviam
1423 1793 1546 1841 Juliam
1565 1794 1739 1830 desunflam
1752 1803 1810 1839 pro
1827 1795 1964 1827 concione

1294 1842 1439 1878 laudavit
1452 1857 1463 1877 :
1480 1842 1678 1890 quadriennio
1690 1842 1766 1888 post,
1783 1841 1877 1876 virili
1890 1850 1964 1887 toga

572 1895 703 1942 populus
730 1895 893 1940 consultus,
929 1894 1016 1930 nulla
1051 1893 1169 1942 quaestio
1193 1892 1246 1928 de·
1285 1892 1429 1938 sumpta,
1462 1891 1652 1927 militaribus
1686 1890 1771 1926 donis
1806 1891 1965 1936 triumpho

574 1953 660 1981 creta
679 1957 699 1978 a
714 1945 830 1989 senatu
851 1943 902 1988 est.

626 1993 730 2029 Petiit
754 1993 874 2028 eodem
906 2002 1059 2039 tempore
1090 1991 1245 2026 tribuna-

575 2052 651 2079 tum
671 2042 763 2091 pleb.
794 2043 836 2076 C.
864 2042 968 2076 Cotta
998 2040 1036 2082 is,
1065 2040 1126 2087 qui
1157 2051 1246 2075 anno

575 2091 652 2139 post
707 2092 812 2126 Rom.
872 2089 975 2124 cond.
1035 2100 1243 2124 nchxvnr.

575 2139 706 2176 Consul
733 2151 813 2174 cum
833 2138 878 2173 L.
897 2137 1048 2174 octavio
1070 2136 1148 2172 fuit.
1176 2137 1241 2172 Sed

574 2189 695 2238 paucis
712 2188 834 2223 diebus
866 2187 941 2234 post
973 2196 1117 2222 mortem
1136 2186 1241 2220 Craffi

574 2237 737 2287 depulsus
766 2248 826 2285 per
854 2235 1018 2271 invidiam
1049 2235 1241 2278 tribunatu,

577 2301 645 2323 non
665 2286 783 2322 multis
801 2284 845 2320 ab
875 2297 916 2320 eo
943 2295 1096 2332 tempore
1122 2283 1240 2319 menli-

577 2337 643 2372 bus
660 2335 787 2383 ejeEtus
803 2334 850 2369 est
874 2345 894 2369 e
923 2333 1074 2375 civitate,
1100 2333 1154 2368 lib.
1182 2332 1244 2367 ΙΙΙ.

575 2385 613 2420 de
631 2387 768 2421 Oratore
785 2392 853 2429 cap.
875 2394 907 2429 3.
951 2383 1045 2418 Reus
1062 2382 1153 2417 enim
1173 2381 1246 2428 lege

579 2433 680 2468 Varia
709 2432 832 2475 fmus,
861 2431 954 2467 venit
984 2431 1016 2466 in
1045 2428 1243 2477 judicium:

573 2494 728 2530 cumque
747 2494 797 2518 res
815 2481 888 2517 fuas
903 2480 1085 2524 extulisset,
1098 2491 1133 2517 et
1149 2478 1246 2528 cqui-

1294 1942 1426 1987 Caesoris
1450 1940 1604 1986 Africano
1628 1939 1760 1974 donatus
1788 1939 1841 1983 est,
1866 1951 1962 1986 quan-

1293 2002 1385 2037 quam
1418 1999 1523 2036 expers
1560 1988 1632 2024 belli
1661 1997 1793 2035 propter
1826 1996 1961 2023 etatem.

1295 2038 1351 2074 Sic
1372 2039 1426 2074 M.
1445 2038 1588 2074 Tullius
1607 2037 1666 2073 suo
1686 2037 1770 2079 filio,
1791 2049 1864 2084 quo
1882 2049 1963 2071 auc-

1296 2097 1352 2123 tus
1386 2087 1454 2122 fuit
1486 2087 1618 2122 Caesare
1642 2096 1677 2121 et
1718 2086 1846 2132 Figulo
1882 2086 1961 2121 coss'.

1294 2148 1384 2171 anno
1403 2147 1564 2171 Dcnxxix
1583 2145 1699 2182 togam
1729 2146 1851 2182 puram
1870 2134 1965 2170 dedit

1294 2185 1448 2220 Lentulo
1476 2194 1511 2219 et
1542 2183 1712 2220 Marcello
1752 2183 1833 2218 coss.
1874 2195 1965 2219 anno

1294 2242 1512 2279 Dcc1v.ep.1.
1526 2233 1622 2279 [l.2.]
1638 2233 1693 2267 lib.
1710 2233 1772 2267 Le!
1787 2242 1834 2278 ep.
1849 2244 1904 2267 20.
1922 2232 1961 2277 [Ι.

1298 2283 1371 2329 ¹9·]
1387 2282 1441 2317 lib.
1453 2282 1516 2318 lx.
1527 2281 1570 2317 od
1583 2283 1653 2318 Aet.
1670 2281 1913 2316 Adulescentes
1923 2293 1966 2317 eo

1299 2331 1370 2379 ipso
1385 2331 1452 2372 die,
1480 2343 1552 2378 quo
1569 2341 1684 2378 togam
1705 2330 1836 2365 virilem
1856 2329 1963 2365 sume·

1298 2380 1392 2422 bant,
1402 2381 1434 2416 in
1446 2380 1660 2428 Capitolium
1675 2378 1852 2414 ascendisse
1864 2389 1964 2426 argu-

1298 2439 1414 2465 mento
1443 2429 1504 2470 est,
1535 2430 1631 2476 quod
1663 2428 1821 2463 Valerius
1847 2426 1900 2462 lib.
1922 2426 1962 2461 V.

1296 2488 1363 2526 cap.
1380 2493 1413 2524 4.
1434 2478 1476 2515 de
1496 2479 1551 2515 M.
1565 2481 1671 2515 cotta
1688 2477 1816 2519 scribit,
1833 2475 1875 2511 de
1892 2487 1965 2523 quo
