2241 2994
365 349 395 378 p.

634 242 928 286 VARIAE
1016 242 1579 289 LECTIONES.

457 339 479 368 1.

370 388 431 409 200
474 389 511 409 22
533 377 667 418 cuiquam
682 379 761 417 quod
784 381 811 408 A
834 386 982 416 quemquam
1001 387 1087 416 quem-

364 1068 419 1090 201

558 429 608 457 que
633 421 737 457 quisque
764 419 794 448 G
823 420 849 447 d.
884 417 913 454 4
939 427 1086 456 quemquam

558 459 662 496 quisque

450 509 485 538 23
511 499 530 527 fi
546 499 575 528 G
590 499 616 528 d.

448 549 488 576 24
509 538 626 567 nimiam
643 538 669 567 A
681 539 706 566 d.

445 594 487 602 —
508 579 550 607 Ea
562 579 599 606 est
615 580 642 607 A
658 580 686 609 d.

449 629 485 657 27
508 618 526 647 si
543 628 599 647 non
617 620 643 647 A
657 620 683 648 d.

448 669 486 698 30
507 658 677 688 obtestantes
688 661 714 688 A
727 660 922 696 commiserantes
936 659 1084 696 obtestantes

448 709 480 738 3¹
509 698 731 735 transjeffionem
745 700 770 727 A
785 701 965 737 trany'efflone

448 749 486 777 34
508 739 637 768 Lucilius
652 739 682 768 G
697 739 722 768 L
735 739 763 767 R
777 739 803 774 4
818 739 930 768 Cecilius

448 781 485 818 38
506 787 536 808 et
553 779 580 807 A
594 779 619 808 d.

444 829 479 857 4¹
505 818 598 857 operis
613 819 638 846 A
652 824 724 855 opere
739 817 769 846 G
783 825 843 856 opus
864 817 883 855 (
885 827 941 846 cum
957 820 1082 856 pandis)

552 858 577 886 L
593 860 746 895 operationis
759 858 784 893 4
799 860 924 886 orationi}

444 907 486 936 44
505 906 633 928 ornatam
648 898 677 927 G
693 905 811 927 ornatam
824 898 972 927 locutionem

442 954 484 961 —
504 939 641 968 varietate
655 938 683 967 G
699 940 858 966 varietatem
873 938 896 967 L
910 946 935 967 et
949 940 1081 968 varietate

443 995 485 1002 —
505 979 677 1018 distinguens
688 978 713 1006 L
727 979 867 1017 distinguit

444 1029 464 1058 4
469 1030 483 1059 ς
506 1027 535 1049 et
549 1020 575 1048 A
590 1020 618 1048 G
635 1020 660 1048 L
675 1024 701 1047 et
713 1020 743 1047 in

469 1069 479 1089 ι
505 1060 719 1089 exornationem
735 1060 761 1088 A
773 1059 801 1088 G
816 1061 980 1089 exornatione
994 1059 1018 1088 L
1030 1068 1078 1088 cx-

551 1103 693 1129 ornationes

463 1151 478 1179 3
502 1141 664 1170 continetur
679 1141 705 1169 A
720 1142 832 1169 continet

466 1191 482 1220 5
507 1181 536 1209 in
553 1181 582 1209 G
598 1183 623 1210 d.

464 1230 482 1259 7
504 1220 651 1259 Repetitio
666 1220 695 1249 G
711 1220 738 1249 R
760 1220 804 1249 De
817 1221 951 1249 verborum
965 1229 1077 1250 exorna·

551 1263 619 1289 tione
634 1261 764 1299 Repetitio
786 1262 813 1297 4
833 1261 877 1290 bic
899 1262 992 1298 incipit
1013 1261 1079 1290 liber

549 1304 656 1338 quintus
941 1318 947 1321 -

444 1350 480 1371 12
500 1341 632 1370 habenda
646 1341 676 1369 G
691 1341 716 1370 L
731 1339 758 1377 4
773 1342 808 1378 est
822 1341 937 1370 habenda

445 1391 482 1419 17
504 1381 684 1420 conspeftum
701 1381 730 1410 G
744 1380 872 1419 conspefflu

441 1431 477 1453 21
501 1421 572 1461 quid
583 1421 620 1450 est
634 1421 711 1460 quod
725 1422 829 1451 audeas
843 1420 982 1461 postulare
992 1420 1019 1451 A
1029 1420 1058 1451 d.

443 1472 482 1500 23
503 1462 574 1491 Non
586 1462 612 1490 A
628 1461 653 1490 L
669 1461 741 1490 Num

443 1512 484 1541 24
504 1501 642 1540 reliquisti
654 1501 680 1530 L
692 1502 854 1541 contempfisti

441 1557 483 1566 —
503 1551 560 1571 non
576 1543 603 1571 A
622 1542 646 1570 L
660 1551 722 1571 num

442 1592 460 1611 2
464 1592 479 1621 ς
501 1591 559 1611 non
574 1584 600 1610 A
613 1583 638 1611 L
653 1592 713 1611 num

438 1637 481 1647 -—
501 1622 613 1660 parenti
627 1623 652 1650 A
665 1629 768 1660 patrem

437 1677 480 1687 -
500 1662 619 1691 intulisti
635 1662 664 1691 G
679 1662 790 1702 injecisti

442 1703 482 1733 26
503 1711 560 1731 non
577 1704 603 1731 A
619 1704 644 1732 L
657 1712 718 1731 num

441 1752 480 1780 27
502 1742 646 1771 volutatus
663 1744 688 1771 A
705 1742 853 1780 voluptatus

441 1792 480 1821 30
500 1790 528 1812 et
543 1782 579 1811 ad
591 1782 747 1812 ornandam
763 1783 789 1811 A
802 1783 827 1811 d.
850 1781 880 1810 G
896 1782 922 1810 R
937 1787 963 1810 et
976 1783 1012 1810 ad
1026 1791 1075 1810 ex-

546 1824 686 1851 ornandam

442 1872 475 1902 3ι
500 1862 536 1891 ad
551 1863 710 1902 augendam
727 1862 753 1890 A
765 1861 795 1890 G
810 1861 838 1898 4
856 1863 1034 1902 exaugendam
1048 1862 1072 1891 L

549 1903 575 1931 R
591 1903 628 1931 ad
635 1902 808 1939 exaugendam

442 1953 458 1982 3
465 1952 479 1981 ς
501 1943 670 1973 revertimur
684 1943 712 1971 G
727 1944 885 1970 revertimus

441 1993 480 2022 39
501 1983 570 2012 fides
586 1982 695 2012 sublata
708 1983 745 2012 est
760 1983 786 2011 A
799 1983 825 2011 R
837 1983 862 2017 4
875 1988 903 2011 d.

439 2033 481 2061 40
500 2023 628 2052 amicitia
642 2023 751 2052 sublata
761 2023 799 2051 est
814 2024 840 2051 A
855 2023 880 2058 4
894 2023 921 2052 d.

439 2073 474 2100 41
501 2063 536 2092 C.
553 2063 658 2092 Laelius
675 2064 701 2092 A
718 2063 847 2092 corbellus

439 2113 479 2141 42
499 2113 586 2132 navus
603 2104 630 2132 G
646 2104 672 2138 4
686 2113 766 2131 novus

438 2157 481 2166 ““
500 2143 829 2212 ἒῖἓξὲξοῖἳέἶῗὲᾃῖῥι

439 2233 479 2261 43
502 2223 627 2252 studiosis
643 2223 772 2261 Astudiis

438 2274 480 2301 44
499 2263 613 2292 civitate
627 2265 656 2292 A
670 2264 700 2293 G
719 2264 742 2292 L
759 2263 785 2292 R
795 2264 821 2300 4
835 2263 883 2293 hac
897 2265 1005 2293 civitate

440 2314 477 2343 ⁴5
502 2312 567 2332 cum
583 2304 608 2332 A
622 2303 647 2331 d.

464 2353 474 2372 ι
500 2343 629 2382 pejerent
641 2343 667 2371 A
677 2350 812 2382 parcerent

462 2393 477 2421 3
502 2391 533 2412 ut
546 2384 572 2418 4
586 2390 617 2411 ut
633 2393 673 2412 rer

440 2438 481 2447 —
502 2431 558 2453 tuae
574 2423 601 2451 A
611 2425 662 2452 vix

461 2473 479 2501 7
500 2471 529 2492 et
543 2464 616 2492 hanc
627 2463 654 2491 A
669 2462 737 2493 banc

460 2507 477 2533 8
498 2504 624 2542 primum
640 2504 666 2532 A
682 2504 709 2532 d.

1147 347 1179 376 p-

1136 1267 1192 1289 202

1240 338 1249 366 l

1147 387 1200 407 201
1231 361 1266 407 io
1288 379 1323 407 ad
1341 381 1365 408 A
1383 381 1502 410 Geras

1225 433 1265 440 —
1285 419 1362 448 idem
1379 422 1547 459 postremum
1564 423 1589 457 4
1603 420 1761 460 idpostremo

1222 472 1263 480 —
1283 469 1458 489 revertamur
1474 462 1498 489 A
1511 462 1540 490 G
1552 469 1705 490 revertatur

1228 507 1261 526 12
1284 509 1422 538 ruperunt
1438 503 1462 529 A
1479 509 1597 540 rumpere
1614 503 1636 531 L
1654 503 1817 539 reliquerunt

1227 545 1259 574 13
1283 540 1397 568 crudele
1408 542 1433 575 4
1447 542 1523 569 crude

1221 591 1261 598 -—
1283 578 1313 606 in
1328 579 1411 608 Italia
1427 583 1452 609 A
1470 582 1493 609 L
1511 582 1535 609 R
1551 583 1577 610 d.

1220 631 1262 639 -—·
1281 618 1422 655 gesserunt
1439 622 1465 648 A
1475 621 1573 657 ἑτι-’ᾖτε

1224 665 1258 691 14
1283 658 1342 695 Qi
1359 658 1420 688 sunt
1504 661 1740 699 Carthaginenses
1758 662 1784 691 A
1798 662 1826 690 d.

1225 697 1260 724 16
1283 697 1334 726 fibi
1349 699 1490 736 postulant
1505 700 1530 727 A
1541 702 1665 738 postulent

1219 745 1255 774 ¹9
1277 737 1419 769 damnarit
1433 741 1458 768 A
1473 740 1610 768 damnavit

1219 785 1256 805 22
1279 777 1427 808 absolvetis
1443 781 1469 809 A
1485 780 1618 816 absolvitis

1220 825 1256 853 23
1281 826 1311 846 ut
1325 820 1351 847 A
1368 819 1397 848 G
1413 821 1436 848 L
1453 823 1495 848 uti

1220 866 1255 894 25
1281 859 1406 888 offendat
1422 861 1448 889 A
1464 861 1576 897 offendar

1219 897 1256 924 26
1279 899 1435 928 orationem
1451 901 1476 928 A
1491 901 1516 929 d.

1219 945 1256 973 29
1279 946 1309 967 tu
1327 940 1354 968 G
1373 939 1396 967 L
1412 941 1436 968 d.

1216 985 1253 1014 ὅς
1278 978 1334 1007 fine
1349 979 1472 1008 divitum
1490 981 1572 1018 Asui
1584 982 1677 1010 diviti:-

1215 1032 1257 1039 —
1277 1026 1307 1047 tu
1390 1019 1501 1049 divitiis
1513 1022 1540 1049 A
1554 1022 1580 1050 d.

1217 1056 1255 1094 36
1277 1060 1354 1088 voles
1371 1061 1395 1088 A
1411 1061 1489 1090 nolles

1216 1105 1255 1133 42
1277 1108 1306 1127 re
1322 1101 1348 1128 A
1356 1099 1544 1138 significatione

1216 1146 1256 1174 44
1278 1139 1331 1168 tibi
1347 1139 1376 1168 G
1392 1142 1419 1169 d.

1214 1192 1259 1201 —
1279 1180 1378 1208 Amari
1393 1181 1423 1210 G
1439 1181 1465 1210 L
1477 1183 1504 1217 4
1517 1192 1576 1211 nam
1588 1184 1674 1211 amari

1215 1228 1253 1258 45
1276 1220 1308 1248 fit
1324 1220 1348 1249 L
1363 1221 1389 1248 R
1404 1222 1430 1256 4
1443 1222 1477 1256 est

1235 1270 1251 1298 5
1275 1260 1311 1288 ad
1326 1260 1353 1289 A
1368 1262 1394 1290 d.

1220 1309 1253 1368 ιῖ
1275 1301 1377 1370 3ἓῖῗῖ
1380 1302 1642 1381 ¹{1¹11{⁴³201(;GI“1⁴R«‡‘⁴³'12.

1216 1388 1228 1409 1
1237 1390 1252 1409 2
1274 1382 1356 1418 Ρᾶξίο
1371 1383 1397 1417 4
1410 1383 1479 1411 modo

1215 1435 1258 1443 —-
1276 1421 1422 1452 assentatio
1438 1425 1465 1452 A
1477 1423 1583 1460 offentio

1219 1470 1255 1498 ¹7
1277 1461 1349 1490 solus
1366 1464 1392 1491 A
1408 1463 1475 1499 G4
1488 1467 1516 1492 d.

1219 1510 1255 1539 ¹9
1276 1502 1382 1532 Tacito
1396 1513 1462 1532 cum
1479 1504 1504 1532 A
1521 1501 1548 1539 ψ
1563 1503 1622 1532 cito
1634 1513 1691 1532 cum
1706 1515 1755 1535 non

1214 1555 1255 1563 -
1276 1542 1326 1570 ubi
1341 1544 1368 1571 A
1384 1544 1412 1571 G
1429 1543 1456 1579 4
1471 1553 1526 1571 tum
1539 1544 1590 1571 tibi

1211 1590 1247 1619 23
1269 1581 1300 1609 in
1313 1582 1451 1611 concione
1466 1584 1492 1612 A
1507 1593 1570 1612 mem
1585 1582 1776 1623 (cum-spatio)

1215 1630 1251 1659 κς
1275 1622 1400 1659 perferre
1412 1623 1440 1658 4
1445 1625 1528 1659 ferre

1210 1670 1250 1699 34
1270 1671 1386 1701 quoque
1399 1665 1425 1692 A
1439 1673 1535 1701 queque

1211 1716 1254 1723 —
1273 1710 1306 1729 ac
1323 1703 1348 1730 A
1367 1704 1445 1731 Laut

1214 1750 1230 1780 3
1236 1751 1250 1780 ς
1274 1741 1414 1771 clariffimi
1429 1744 1455 1778 4
1468 1743 1590 1780 eariffi‘mi

1214 1781 1251 1819 36
1273 1781 1402 1812 aluerunt
1419 1785 1445 1812 A
1460 1783 1535 1812 aloer

1216 1830 1252 1858 37
1275 1821 1303 1850 Ο
1334 1824 1358 1851 A
1376 1824 1405 1851 G
1421 1824 1445 1851 L
1458 1825 1484 1853 d.

1211 1876 1250 1884 —
1272 1862 1293 1890 F
1296 1863 1408 1901 regellae
1424 1865 1451 1892 A
1467 1863 1597 1901 Fragellae
1610 1864 1636 1898 4
1650 1863 1773 1902 Flogellae

1213 1903 1249 1940 38
1272 1903 1362 1931 vestro
1374 1903 1558 1933 contabuistis
1579 1904 1605 1932 A
1626 1905 1705 1941 nostro
1727 1905 1845 1944 conca-'14'

1320 1943 1375 1980 rstis

1211 1990 1246 2019 4¹
1274 1991 1406 2013 maneant
1418 1984 1444 2012 A
1458 1991 1607 2012 remaneant

1211 2031 1249 2060 45
1271 2023 1421 2053 calumniis
1437 2026 1464 2053 A
1480 2025 1714 2054 calumniatoribus

1209 2076 1251 2084 —
1273 2063 1406 2092 assumitis
1422 2065 1444 2092 L
1462 2065 1486 2093 R
1501 2064 1659 2103 qffumpſsstis

1233 2111 1244 2131 ι
1269 2110 1297 2131 et
1313 2104 1338 2131 A
1351 2104 1375 2132 L
1389 2105 1417 2133 d.

1233 2152 1248 2180 3
1272 2143 1416 2173 videbitur
1432 2144 1455 2172 L
1471 2144 1575 2172 videtur

1209 2197 1251 2205 —
1272 2184 1306 2211 ad
1322 2194 1406 2221 quam
1424 2186 1449 2212 A
1465 2184 1580 2221 aliquam

1215 2231 1251 2251 ιο
1272 2223 1362 2262 igitur
1376 2224 1435 2252 haec
1451 2223 1480 2252 G
1494 2224 1550 2252 hert
1564 2233 1622 2262 ergo

1213 2272 1223 2291 1
1233 2272 1248 2291 2
1271 2263 1406 2292 sociorum
1423 2264 1459 2292 ab
1474 2264 1501 2292 A
1515 2264 1660 2302 aliquorum
1671 2275 1687 2292 ι

1211 2311 1247 2340 13
1270 2305 1432 2332 removebas
1448 2311 1476 2332 et
1493 2305 1518 2332 A
1533 2306 1559 2331 d.

1209 2357 1251 2365 --
1270 2342 1413 2372 alienabas
1429 2344 1453 2372 L
1470 2343 1497 2380 4
1511 2345 1673 2373 abalienabas

1209 2397 1251 2406 -
1270 2391 1305 2410 an
1322 2392 1377 2411 non
1395 2384 1420 2411 A
1435 2383 1462 2411 d.

1214 2431 1249 2459 ¹4
1269 2422 1393 2460 aliquem
1409 2424 1434 2458 4
1446 2424 1470 2453 d.

1209 2476 1251 2485 —
1270 2463 1400 2531 exolrnari
1415 2464 1441 2493 R
1456 2465 1562 2492 exorari
1576 2463 1642 2502 (vel
1652 2467 1767 2495 exortari
1775 2467 1840 2505 sup‘·

1326 2504 1386 2539 ln.)

1501 2544 1621 2573 Mmm
1645 2553 1660 2573 2
