2335 3009
776 200 1377 244 FRAGMENTA.

381 302 559 342 Piscibus
578 316 587 341 :
619 300 714 340 huic
735 301 867 339 cervix
889 300 1023 338 dextra
1043 300 1242 339 mulcetur
1262 302 1427 354 Aquari.

380 369 507 407 Serius
528 367 611 406 haec
632 367 764 405 obitus
789 366 900 404 terrai
922 366 1007 404 visit
1029 366 1136 418 Equi
1156 367 1230 411 vis,

380 435 513 485 Qam
533 433 712 486 gelidum
732 432 862 471 valido
883 432 929 469 de
950 445 1112 485 corpore
1132 430 1258 484 frigus
1280 431 1466 472 anhelans

380 500 555 551 Corpore
575 497 756 537 semifero
776 511 921 550 magno
943 498 1206 550 Capricornus
1228 497 1268 535 in
1290 498 1384 537 orbe
1402 513 1412 538 :

380 566 512 617 Qem
534 578 625 602 cum
647 573 837 617 perpetuo
858 563 1010 602 vestivit
1031 563 1182 601 lumine
1203 564 1340 609 Titan,

379 631 557 670 Brumali
578 631 734 669 fleetens
756 639 995 682 contorquet
1016 638 1193 682 tempore
1213 630 1370 669 cursum
1389 645 1399 669 ε

377 697 471 735 Hoc
492 710 582 735 cave
599 706 636 734 te
656 706 780 750 ponto
801 696 949 734 studeas
971 696 1221 734 committere
1241 696 1400 735 mense:

375 763 482 802 Nam
504 776 582 800 non
603 762 871 815 longinquum
893 762 1062 815 spatium
1082 762 1211 800 labere
1230 762 1434 808 diurnum,

377 829 472 867 Non
495 827 670 879 hyberna
689 828 771 865 cito
792 827 970 866 volvetur
990 826 1190 865 curriculo
1210 841 1289 866 nox
1308 842 1317 867 :

376 894 557 933 Humida
578 907 654 931 non
678 893 752 932 sese
773 893 904 931 vestris
925 906 1061 930 aurora
1080 892 1249 945 querelis

378 960 514 1011 Ocyus
536 958 726 1004 ostendet,
757 958 852 996 clari
872 959 1092 1011 praenuntia
1111 958 1202 996 solis
1221 972 1231 996 :

376 1027 434 1063 At
454 1025 591 1063 validis
612 1038 744 1077 aequor
763 1024 935 1077 pulsabit
955 1024 1103 1062 viribus
1125 1023 1293 1062 Auster:

377 1093 487 1130 Tum
510 1090 636 1129 fixum
658 1090 828 1128 tremulo
848 1090 1047 1142 quatietur
1066 1089 1214 1142 frigore
1233 1103 1392 1142 corpus·

377 1157 450 1195 Sed
472 1166 602 1195 tamen
623 1157 714 1194 anni
729 1157 813 1208 jam
834 1155 1022 1194 labuntur
1042 1166 1220 1208 tempore
1240 1164 1340 1201 toto,

375 1223 464 1262 Nec
485 1222 550 1260 cui
571 1222 771 1273 signorum
791 1220 951 1266 cedunt,
983 1234 1109 1273 neque
1128 1221 1288 1260 flamina
1306 1222 1448 1267 vitant,

375 1288 465 1328 Nec
485 1296 671 1325 metuunt
691 1300 807 1325 canos
829 1286 1031 1324 minitanti
1051 1299 1255 1325 murmure
1274 1286 1442 1326 fluetus:

374 1354 435 1392 At
454 1352 870 1404 nautaefulicaestmiles‚
903 1365 1090 1404 mergoque
1105 1351 1267 1397 natanti,

374 1419 505 1460 Anxia
518 1428 588 1472 per
604 1428 719 1458 totum
726 1418 915 1471 jabinntes
934 1417 1070 1457 lumina
1082 1427 1248 1472 pontum,

375 1485 626 1538 Nequicquam
645 1485 815 1538 nusquam
828 1484 1005 1537 parentia
1023 1484 1134 1523 litora
1153 1492 1339 1538 quaerunt,

375 1552 482 1591 Dum
502 1551 617 1589 tenuis
633 1550 737 1603 mgro
757 1549 884 1589 tabula
902 1550 961 1589 hos
980 1549 1165 1603 dssinguit
1183 1549 1230 1589 ab
1250 1552 1359 1589 Orco.

375 1619 511 1670 Atque
530 1617 648 1655 etiam
669 1617 821 1670 supero,
852 1617 942 1655 navi
961 1617 1180 1670 pelagoque
1199 1625 1376 1669 vagatus,

375 1683 530 1729 Mense,
553 1682 835 1736 Sagittipotens
857 1682 947 1721 solis
968 1696 1063 1721 cum
1083 1682 1244 1721 sustinet
1263 1682 1416 1728 orbem,

375 1749 462 1788 Non
482 1748 590 1787 multo
610 1748 747 1786 leviora
761 1757 867 1801 putes
885 1747 1016 1798 itstare
1028 1747 1183 1800 pericla,

373 1817 478 1855 Ante
496 1815 622 1868 mgras
639 1823 767 1852 cautus
787 1813 952 1852 tenebras
957 1813 1159 1867 subducere
1173 1814 1341 1867 puppim.

374 1882 482 1921 Nam
497 1883 582 1934 jam
604 1895 698 1919 cum
717 1881 850 1919 minus
871 1881 1017 1933 exiguo
1037 1880 1108 1919 lux
1129 1889 1306 1933 tempore
1324 1878 1461 1933 praesto
1480 1879 1549 1926 est,

375 1947 467 1987 Hoc
488 1949 642 2001 signum
663 1947 821 1986 veniens
843 1956 1030 2000 poterunt
1049 1947 1287 2000 praenoscere
1307 1955 1459 1985 nautae:

374 2015 464 2066 Jam
485 2028 606 2068 prope
626 2014 896 2068 praecipitante
917 2013 1056 2052 licebit
1076 2012 1195 2052 visere
1216 2015 1345 2059 noete,

377 2080 436 2117 Ut
457 2079 529 2118 sese
548 2079 752 2118 ostendens
773 2079 941 2132 emergit
961 2079 1146 2132 Scorpius
1166 2079 1258 2124 alte,

378 2145 590 2184 Posteriore
610 2144 766 2184 trahens
788 2145 938 2184 flexum
957 2145 996 2184 vi
1016 2145 1191 2198 corporis
1212 2158 1363 2183 arcum.

378 2209 450 2248 Sed
465 2211 573 2262 Nepa
591 2224 659 2248 non
679 2210 829 2249 multum
840 2210 962 2264 prior,
992 2218 1035 2248 at
1047 2209 1155 2263 prior
1173 2209 1249 2248 exit
1268 2208 1314 2248 ab
1334 2208 1449 2248 undis.

378 2277 468 2327 Jam
491 2275 626 2329 supera
644 2289 777 2314 cernes
798 2277 911 2315 Ateii
931 2286 1050 2329 caput
1069 2275 1142 2315 esse
1161 2276 1343 2321 minoris,

378 2342 432 2380 Et
451 2341 576 2393 magis
597 2343 768 2379 ereetum
788 2342 836 2380 ad
856 2342 1058 2381 summum
1079 2342 1259 2380 versarier
1278 2341 1431 2380 orbem.

378 2408 492 2446 Tum
512 2406 587 2445 sese
609 2406 736 2444 Orion
758 2415 842 2446 toto
857 2409 940 2460 jam
961 2421 1124 2460 corpore
1144 2407 1282 2445 condit

380 2474 570 2513 Extrema
589 2485 710 2526 prope
730 2474 858 2520 noete,
888 2483 928 2513 et
947 2473 1132 2527 Cepheus
1151 2473 1337 2513 conditur
1355 2481 1446 2511 ante

1373 2539 1466 2590 (ζα

1700 221 1772 263 ¹23

1691 317 1768 357 290

1690 644 1766 685 295

1690 971 1770 1012 300

1688 1299 1766 1342 305

1687 1629 1767 1671 310

1687 1960 1763 2002 315

1689 2285 1772 2329 3²0
