2335 3009
595 230 693 270 AD
753 228 1267 269 HERENNIUM
1328 231 1462 271 LIB.

392 325 451 369 id,
503 327 600 374 quod
641 328 726 363 locis
772 327 1060 362 mandaverimus.

392 375 513 422 Qare
546 376 658 423 placet
688 385 722 410 et
747 387 791 410 ex
817 376 937 411 ordine
966 376 1061 410 locos

391 435 609 470 comparare·,
627 434 662 458 et
680 424 786 467 locos,
803 435 893 471 quos
911 424 1059 471 assump-

390 470 541 514 serimus,
551 472 687 519 egregie
703 473 939 508 commeditari
956 485 1060 520 opor-

389 519 488 562 tebit,
526 530 566 555 ut
593 531 761 568 perpetuo
798 521 897 557 nobis
934 521 1061 556 haerere

388 569 525 614 possint.
577 570 670 604 Nam
703 570 879 617 imagines,
906 570 992 605 sicut
1018 570 1058 605 li-

389 627 484 659 terae,
511 618 679 660 delentur,
705 619 767 654 ubi
794 619 879 654 nihil
905 619 970 654 illis
990 619 1056 654 uti-

389 677 494 700 mur:
535 666 615 708 loci,
642 676 807 714 tanquam
836 679 922 708 cera,
951 679 1056 702 rema-

388 725 466 749 nere
483 714 620 750 debent.
675 716 736 758 Et,
764 728 807 751 ne
832 715 922 751 forte
940 716 973 751 in
994 729 1057 751 nu-

386 774 481 797 mero
498 763 655 799 locorum
673 763 746 799 falli
765 766 941 812 poffimuS‚
954 766 1056 812 quiri-

387 821 463 845 tum
481 824 658 860 quemque
685 814 803 849 locum
831 814 944 861 placet
960 824 1056 849 nota-

388 860 413 894 ri
431 874 437 895 :
467 861 562 907 quod
580 873 700 908 genus,
727 862 751 897 fi
771 863 804 897 in
823 863 948 910 quinto
978 863 1056 898 loco

387 920 528 944 manum
555 922 690 946 auream
721 912 944 953 collocemus,
969 921 1004 946 et
1031 912 1054 946 si

388 957 420 992 in
455 957 591 994 decimo
625 960 776 1007 aliquem
819 970 954 1002 notum,
997 960 1054 995 cui

386 1018 587 1053 praenomen
605 1008 646 1043 sit
663 1008 811 1044 Decimo
827 1027 837 1051 ·,
865 1009 987 1044 deinde
1005 1009 1055 1044 fa-

386 1055 452 1089 cile
467 1056 530 1091 erit
552 1056 672 1092 similes
691 1067 787 1093 notas
813 1058 938 1106 quinto
968 1070 1052 1105 quo-

386 1115 456 1150 que
473 1105 552 1140 loco
569 1105 747 1141 collocare.

435 1153 536 1188 XlX.
576 1154 663 1189 Item
694 1155 912 1190 commodius
943 1154 991 1190 est
1021 1155 1054 1190 in

385 1201 557 1244 derelicta,
576 1215 681 1250 quam
702 1204 736 1238 in
753 1204 890 1245 celebri,
918 1204 1056 1251 regione

386 1250 481 1285 locos
504 1263 724 1298 comparare:
754 1262 933 1299 propterea
958 1252 1055 1299 quod

384 1298 578 1346 frequentia
611 1310 646 1335 et
678 1301 918 1336 obambulatio
944 1301 1055 1335 homi-

385 1359 471 1382 num
488 1349 674 1384 conturbat
694 1358 728 1383 et
754 1349 905 1384 infirmat
933 1349 1053 1396 imagi-

384 1408 469 1431 num
488 1408 609 1440 notas;
637 1397 787 1433 solitudo
809 1398 985 1434 conservat
1003 1398 1053 1433 in-

383 1455 494 1492 tegras
512 1446 773 1482 simulacrorum
792 1446 930 1494 figuras.
958 1448 1053 1482 Prae-

383 1503 473 1529 terea
488 1494 661 1531 dissimiles
679 1494 790 1530 forma
807 1506 912 1543 atque
932 1505 1053 1531 natura

384 1543 450 1578 loci
468 1545 691 1592 comparandi
715 1544 803 1586 sunt,
831 1555 870 1579 ut
896 1545 1053 1580 distincte

382 1590 584 1628 interlucere
605 1595 740 1641 possint.
793 1593 886 1628 Nam
918 1594 941 1629 si
973 1594 1052 1641 quis

381 1641 493 1676 multa
504 1641 766 1678 intercolumnia
777 1641 1049 1690 sumpserit,con·

381 1689 579 1725 turbabitur
617 1691 838 1726 similitudine
879 1692 1050 1734 locorum,

381 1746 422 1772 ut
447 1738 593 1786 ignoret,
618 1740 704 1787 quid
738 1751 880 1787 quoque
911 1741 944 1775 in
972 1741 1050 1775 loco

382 1787 569 1823 collocarit.
611 1789 659 1824 Et
677 1789 914 1836 magnitudine
939 1789 1049 1824 modi·

382 1847 446 1879 ca,
484 1847 519 1872 et
566 1837 752 1873 mediocres
789 1838 884 1873 locos
927 1837 1050 1872 habere

381 1895 527 1932 oportet.
580 1887 674 1921 Nam
701 1897 734 1921 et
760 1896 886 1934 praeter
904 1886 1048 1922 modum

381 1935 486 1982 ampli
503 1947 609 1983 vagas
628 1935 791 1982 imagines
810 1935 958 1970 reddunt
977 1952 987 1977 ·,
1014 1945 1049 1970 et

381 1983 481 2018 nimis
510 1984 644 2032 angusti
675 1984 763 2031 saepe
790 1996 858 2018 nori
887 1984 1049 2019 videntur

379 2033 473 2079 poss‘e
489 2044 609 2080 capere
634 2033 826 2080 imaginum
849 2033 1047 2068 collocatio-

381 2093 468 2116 nem.
512 2082 611 2116 Tum
655 2094 714 2116 nec
754 2081 854 2117 nimis
889 2081 1047 2124 illustres,

382 2141 442 2164 nec
476 2129 692 2166 vehementer
732 2130 909 2172 obscuros,
952 2130 1046 2166 locos

379 2178 496 2213 haberi
511 2189 660 2226 oportet,
687 2191 728 2214 ne
748 2189 808 2214 aut
824 2179 1048 2214 obcaecentur

379 2226 526 2262 tenebris
559 2227 735 2275 imagines,
773 2238 833 2262 aut
869 2227 1047 2275 splendore

379 2273 620 2322 praefulgeant.
671 2277 858 2311 Intervalla
888 2279 1045 2312 locorum

379 2324 564 2359 mediocria
589 2325 652 2359 effe
682 2325 806 2372 placet,
840 2324 910 2360 fere
939 2325 1045 2372 paulo

379 2373 460 2420 plus
485 2382 544 2407 aut
572 2373 686 2408 minus
708 2373 836 2420 pedum
862 2373 1043 2410 tricenum.

378 2422 473 2456 Nam
507 2431 545 2456 ut
583 2421 754 2469 aspectus,
792 2422 836 2456 ita
867 2422 1044 2469 cogitatio,

379 2471 492 2507 minus
510 2471 613 2514 valet,
639 2470 707 2506 sive
725 2470 826 2506 nimis
842 2471 966 2518 procul
995 2483 1044 2506 re·

1513 234 1589 271 III.
1710 236 1784 286 189

1112 326 1274 367 moveris,
1316 327 1384 362 sive
1415 328 1633 365 vehementer
1675 343 1783 378 prope

1112 375 1306 410 admoveris
1325 376 1371 418 id,
1390 377 1486 424 quod
1505 388 1641 424 oportet
1662 380 1780 415 videri.

1110 424 1177 458 Sed
1208 435 1410 470 quanquam
1440 425 1540 460 facile
1565 427 1614 461 est
1638 428 1682 470 ei,
1718 430 1780 475 qui

1109 472 1216 519 paulo
1234 472 1335 519 plura
1349 473 1592 521 exploraverit,
1619 478 1779 523 quamvis

1110 521 1252 560 multo&
1278 530 1313 556 et
1331 521 1470 557 idoneos
1490 523 1582 558 locos
1601 536 1776 572 compara-

1111 581 1167 604 re:
1196 579 1309 604 tamen
1329 570 1353 605 si
1371 570 1449 617 quis
1468 571 1508 604 ad
1527 571 1587 606 ista
1604 573 1680 608 satis
1701 574 1778 609 ido-

1108 630 1188 654 neos
1208 617 1358 653 invenire
1385 618 1416 653 se
1438 631 1508 654 non
1532 622 1681 667 putabit,
1710 623 1779 670 ipse

1108 667 1169 701 fibi
1189 667 1384 708 constituat,
1399 679 1505 715 quam
1524 669 1617 704 volet
1635 670 1776 712 multos,

1107 715 1235 750 licebit.
1285 716 1464 763 Cogitatio
1493 717 1586 752 enim
1617 720 1777 765 quamvis

1108 765 1282 811 regionem
1299 765 1410 812 potest
1427 766 1600 813 amplecti,
1626 777 1660 801 et
1677 767 1710 801 in
1739 781 1777 802 ea

1107 813 1209 848 situm
1228 813 1296 848 loci
1313 812 1489 860 cujusdam
1508 815 1550 849 ad
1570 815 1667 850 suum
1687 817 1776 851 arbi-

1107 862 1212 897 trium
1257 861 1416 897 fabricari
1463 874 1497 898 et
1551 864 1774 902 architeetari.

1107 911 1228 959 Qare
1245 911 1374 954 licebit,
1403 911 1423 946 fi
1449 912 1512 947 hac
1538 923 1700 960 prompta
1718 926 1775 949 co-

1105 960 1161 1006 pia
1177 960 1328 994 contenti
1347 971 1416 995 non
1432 961 1572 1002 erimus,
1591 963 1774 1011 nosmetip-

1106 1007 1157 1042 sos
1175 1009 1274 1044 nobis
1292 1009 1502 1056 cogitatione
1524 1009 1636 1045 nostra
1666 1012 1774 1058 regio-

1106 1069 1183 1091 nem
1201 1057 1417 1099 constituere,
1442 1068 1476 1093 et
1503 1058 1704 1095 idoneorum
1724 1061 1774 1095 lo-

1105 1117 1226 1140 corum
1251 1107 1559 1142 commodissimam
1585 1108 1773 1144 distinctio-

1106 1166 1182 1189 nem
1224 1166 1432 1202 comparare.
1483 1156 1539 1190 De
1581 1156 1665 1192 locis
1699 1157 1775 1193 satis

1104 1203 1237 1237 dietum
1267 1203 1340 1238 est:
1381 1215 1474 1239 nunc
1503 1205 1547 1239 ad
1583 1205 1773 1253 imaginum

1106 1251 1270 1286 rationem
1290 1252 1507 1288 transeamus.

1153 1300 1236 1335 XX.
1267 1302 1445 1348 Qoniam
1476 1314 1559 1349 ergo
1589 1316 1701 1338 rerum
1732 1305 1773 1339 si·

1105 1347 1202 1383 miles
1221 1348 1383 1396 imagines
1400 1350 1465 1384 effe
1492 1362 1641 1399 oportet,
1668 1362 1702 1387 et
1729 1365 1774 1387 ex

1103 1397 1268 1432 omnibus
1286 1397 1400 1433 verbis
1419 1407 1514 1433 notas
1534 1400 1633 1435 nobis
1656 1401 1772 1436 simili-

1104 1445 1240 1481 tudines
1257 1446 1381 1493 eligere
1409 1447 1587 1490 debemus,
1615 1449 1772 1496 duplices

1102 1494 1340 1530 similitudines
1355 1496 1419 1531 esse
1435 1496 1585 1538 debent;
1620 1510 1700 1533 unae
1720 1512 1770 1534 re-

1102 1555 1191 1586 rum,
1235 1544 1350 1580 alterae
1387 1545 1585 1581 verborum.
1638 1547 1771 1583 Rerum

1101 1592 1339 1629 similitudines
1383 1594 1636 1640 exprimuntur,
1689 1608 1770 1631 cum

1101 1641 1297 1677 summatim
1347 1642 1499 1690 ipsorum
1550 1644 1769 1691 negotiorum

1101 1690 1265 1737 imagines
1282 1702 1534 1739 comparamus.
1572 1693 1769 1729 Verborum

1100 1739 1338 1774 similitudines
1372 1739 1644 1783 constituuntur,
1686 1754 1768 1777 cum

1100 1786 1367 1835 uniuscujusque
1386 1788 1533 1823 nominis
1549 1798 1584 1824 et
1605 1791 1769 1826 vocabuli

1099 1837 1264 1871 memoria
1306 1836 1453 1884 imagine
1490 1847 1640 1874 notatur.
1702 1840 1768 1875 Rei

1100 1884 1206 1919 totius
1225 1885 1425 1920 memoriam
1442 1886 1532 1934 saepe
1551 1899 1620 1921 una
1637 1897 1719 1922 nota
1734 1898 1769 1925 et

1099 1933 1246 1981 imagine
1265 1934 1409 1981 simplici
1424 1934 1767 1981 comprehendemus,

1098 1982 1163 2017 hoc
1181 1983 1287 2018 modo
1302 1996 1310 2017 :
1339 1983 1405 2025 Ut,
1413 1983 1448 2027 st
1462 1984 1624 2029 accustztor
1639 1984 1767 2029 dixerit,

1097 2031 1139 2065 ab
1156 2043 1207 2066 reo
1227 2032 1373 2066 hominem
1400 2043 1516 2067 veneno
1541 2040 1708 2076 necatum,
1736 2043 1768 2069 et

1097 2079 1283 2115 hereditatis
1301 2080 1391 2127 causa
1402 2081 1530 2124 fufium
1557 2083 1709 2128 arguerit,
1736 2092 1767 2119 et

1096 2130 1161 2175 ejus
1178 2132 1224 2163 rei
1238 2128 1349 2164 multos
1363 2129 1478 2164 dixerit
1494 2132 1574 2175 tglles
1591 2138 1622 2165 et
1639 2133 1767 2178 conscios

1096 2177 1170 2225 effe:
1200 2177 1223 2212 si
1253 2177 1318 2213 hoc
1336 2178 1502 2225 primum,
1531 2189 1569 2214 ut
1587 2179 1628 2213 ad
1647 2179 1764 2215 defen-

1095 2226 1247 2262 dendum
1266 2227 1366 2261 nobis
1382 2228 1584 2274 expeditum
1614 2227 1666 2269 sit,
1695 2241 1763 2264 me-

1096 2275 1227 2310 miniffe
1252 2276 1434 2316 volemus3
1475 2275 1507 2310 in
1540 2276 1655 2323 primo
1686 2277 1766 2314 loco

1096 2324 1140 2359 rei
1176 2325 1282 2359 totius
1313 2324 1495 2370 imaginem
1529 2323 1764 2361 conformabi-

1096 2385 1198 2413 mus;
1225 2382 1396 2420 aegrotum
1420 2373 1452 2406 in
1472 2372 1560 2408 lecto
1577 2373 1762 2410 cubantem

1094 2421 1259 2456 faciemus
1279 2421 1389 2467 ipsum
1418 2421 1516 2456 illum
1534 2421 1577 2456 de
1593 2434 1666 2469 quo
1684 2435 1762 2471 age-

1093 2479 1164 2513 tur,
1191 2469 1215 2505 si
1240 2468 1388 2506 formam
1419 2468 1494 2517 ejus
1518 2471 1759 2509 detinebimus
