2335 3009
518 248 594 289 160

513 357 708 383 extremum
738 344 954 388 docebimus,
992 342 1186 392 cujusmodi

516 394 796 432 conclusionibus
825 393 1024 430 orationum
1061 393 1111 429 uti
1147 407 1185 429 o-

515 455 650 493 porteat
666 459 673 479 ε
691 444 752 487 qui
772 444 868 479 locus
877 452 949 478 erat
959 453 1131 478 extremus
1145 443 1188 478 de

501 494 571 532 ·sex
604 491 968 541 partibus'orationis.
1028 491 1186 527 Primum

514 555 599 591 ergo
640 554 851 590 quaeremus,
889 541 1185 588 quemadmodum

515 603 694 639 quamque
710 591 844 627 causam
863 589 996 626 tractari
1024 590 1186 624 conveni-

516 651 562 676 at.
611 641 661 676 Et
702 640 866 675 nimirum
909 637 1185 685 conjecturalem,

516 702 599 747 quae
617 690 729 738 prima
743 699 778 724 et
806 688 1011 724 difficillima
1037 687 1096 728 est,
1124 699 1185 734 po-

515 741 680 775 trffimum
707 737 968 774 confideremus.
1022 736 1063 770 In
1089 735 1188 770 causa

516 787 751 836 conjecturali,
794 785 941 821 narratio
984 783 1186 819 accusatoris

516 836 721 886 suspiciones
750 834 938 882 interjectas
967 843 1001 868 et
1026 833 1187 881 dispersas

516 887 641 923 habere
657 886 772 928 debet,
790 894 830 919 ut
847 883 931 918 nihil
949 883 1078 925 aetum,
1103 882 1188 917 nihil

517 935 664 978 dictum,
683 934 851 981 nusquam
871 941 1013 966 ventum
1038 941 1097 966 aut
1115 931 1186 966 abi-

516 994 606 1028 tum,
644 983 729 1019 nihil
762 982 911 1029 denique
938 979 1084 1022 fastum,
1122 980 1189 1015 fine

515 1034 615 1070 causa
631 1042 784 1081 putetur.
830 1029 1023 1066 Defensoris
1041 1030 1189 1064 narratio

516 1082 705 1130 simplicem
731 1091 765 1116 et
789 1079 978 1114 dilucidam
1003 1078 1188 1126 expositio-

516 1143 594 1167 nem
612 1131 713 1166 debet
731 1129 865 1170 habere,
884 1139 965 1162 cum
984 1126 1187 1162 attenuatio-

515 1193 557 1216 ne
575 1178 783 1226 suspicionis.
827 1175 950 1223 Hujus
971 1175 1187 1210 constitutio-

514 1229 567 1265 nis
586 1228 672 1264 ratio
690 1227 722 1262 in
742 1226 796 1262 sex
823 1235 935 1274 partes
952 1223 1000 1259 est
1024 1224 1186 1259 distribu-

514 1288 573 1319 ta·,
616 1276 809 1326 probabile,
850 1273 1084 1317 collationem,
1122 1273 1187 1321 sig-

514 1339 613 1369 num,
628 1334 885 1374 argumentum,
900 1322 1187 1366 consecutionem,

514 1375 812 1425 approbationem.
874 1373 1016 1407 Horum
1060 1383 1186 1406 unum-

514 1426 673 1474 quidque
706 1423 794 1471 quid
825 1421 950 1464 valeat,
984 1420 1184 1468 aperiemus.

515 1473 703 1510 Probabile
725 1472 787 1514 est,
815 1483 875 1520 per
891 1469 989 1518 quod
1007 1470 1186 1517 probatur,

513 1523 683 1571 expedisse
711 1533 767 1557 reo
797 1531 949 1568 peccare,
979 1528 1013 1553 et
1041 1531 1059 1553 a
1087 1518 1187 1554 simili

515 1583 573 1608 tur
602 1571 732 1607 itudine
781 1569 954 1606 hominem
1007 1579 1186 1616 nunquam

515 1622 560 1657 ab
579 1621 670 1656 uisse.
724 1619 763 1655 Id
792 1618 962 1654 dividitur
991 1618 1024 1653 in
1052 1617 1186 1653 causam

514 1681 550 1706 et
579 1670 613 1705 in
643 1669 760 1704 vitam.
813 1666 925 1702 Causa
953 1668 1000 1703 est
1029 1679 1079 1709 ea,
1107 1678 1189 1714 quae

517 1719 653 1755 induxit
671 1719 713 1753 ad
737 1716 958 1759 maleficium,
986 1716 1187 1752 commodo-

516 1781 592 1805 rum
622 1767 689 1816 spe,
717 1776 777 1801 aut
807 1765 1109 1801 incommodorum
1135 1765 1185 1799 vi-

515 1818 666 1854 tatione:
700 1826 739 1851 ut
769 1827 849 1850 cum
881 1814 1064 1862 quaeritur,
1102 1826 1186 1849 num

515 1867 612 1916 quod
639 1865 864 1902 commodum
891 1863 1060 1899 maleficio
1083 1875 1186 1911 appe-

517 1917 618 1959 tierit‚
644 1927 728 1951 num
761 1915 938 1956 honorem,
966 1925 1050 1948 num
1082 1924 1186 1961 pecu-

517 1966 621 2006 niam,
665 1976 749 1999 num
782 1962 1064 2002 dominationem,
1104 1973 1187 1997 num

516 2015 669 2062 aliquam
708 2012 933 2060 cupiditatem
969 2011 1093 2046 amoris
1129 2021 1188 2046 aut

517 2063 712 2112 hujusmodi
748 2060 912 2102 libidinis,
951 2060 1100 2095 voluerit
1129 2072 1186 2095 ex-

516 2114 618 2162 plere.
666 2113 741 2146 Aut
772 2122 854 2146 num
874 2109 969 2157 quod
998 2110 1186 2144 incommo-

516 2163 601 2197 dum
621 2161 749 2205 vitarit,
772 2158 979 2202 inimicitias,
998 2156 1186 2201 infamiam,

516 2212 683 2248 dolorem,
703 2208 922 2257 supplicium.

566 2261 628 2296 Ill.
659 2259 728 2294 Hic
748 2257 922 2293 accusator
950 2255 982 2291 in
1008 2255 1064 2304 spe
1091 2267 1185 2290 corn-

518 2311 610 2346 modi
639 2308 864 2355 cupiditatem
893 2305 1046 2341 ostendet
1069 2305 1186 2339 adver-

519 2360 603 2402 sarii,
633 2359 664 2393 in
691 2358 853 2392 vitatisne
884 2353 1092 2390 incommodi
1120 2353 1187 2388 for-

519 2408 681 2443 mul-,linem
695 2418 736 2442 au
763 2405 846 2441 ebit.
891 2403 1057 2440 Defensor
1075 2413 1189 2438 autem

519 2457 656 2503 negabit
683 2420 781 2490 t'uiffe
808 2453 956 2497 causam,
995 2452 1017 2488 fi
1049 2452 1187 2499 poterit,

519 2516 577 2542 aut
614 2517 689 2542 eam
729 2504 944 2540 vehementer
977 2501 1187 2538 extenuabit.

826 246 1607 287 RHETORICORUM

1235 346 1372 382 Deinde
1390 346 1550 393 iniquum
1567 345 1631 381 effe
1646 345 1749 389 dicet,
1775 357 1908 390 omnes,

1237 396 1279 430 ad
1313 407 1403 442 quos
1437 395 1570 443 aliquid
1606 395 1830 431 emolumenti
1864 407 1908 431 ex

1236 444 1352 491 aliqua
1383 456 1416 478 re
1443 443 1646 491 pervenerit,
1682 444 1716 479 in
1747 444 1907 492 suspicio<

1237 505 1314 528 nem
1349 493 1507 527 maleficii
1541 493 1711 528 devocari.
1771 493 1908 529 Deinde

1235 541 1308 576 vita
1325 541 1472 576 hominis
1495 553 1538 576 ex
1565 551 1642 576 ante
1658 541 1756 576 factis
1779 541 1906 588 specta-

1238 589 1342 624 bitur.
1386 590 1427 624 In
1451 602 1524 636 quo
1547 590 1698 636 primum
1717 590 1906 625 considera-

1238 638 1289 674 bit
1315 639 1500 681 accusator,
1528 650 1612 673 num
1636 639 1778 686 quando
1800 639 1909 674 simile

1237 687 1324 735 quid
1353 686 1482 722 fecerit.
1526 687 1561 722 Si
1590 687 1626 722 id
1657 699 1725 722 non
1753 687 1909 734 reperiet,

1237 746 1383 784 quaeret,
1403 747 1486 771 num
1509 736 1649 783 quando
1667 736 1796 772 venerit
1815 736 1848 771 in
1867 737 1908 772 fi-

1237 785 1354 820 milem
1372 785 1617 832 suspicionem:
1644 795 1678 820 et
1697 784 1730 819 in
1747 797 1789 821 eo
1805 785 1908 820 debe-

1238 834 1289 869 bit
1306 835 1370 869 effe
1386 844 1590 882 occupatus,
1617 843 1657 869 ut
1675 834 1717 869 ad
1733 846 1808 869 eam
1827 846 1910 869 cau-

1237 882 1305 918 sam
1324 883 1467 931 peccati,
1494 895 1601 930 quam
1627 883 1732 930 paulo
1756 894 1832 918 ante
1848 895 1907 918 ex-

1238 931 1400 978 posuerit,
1438 932 1510 968 vita
1539 931 1686 967 hominis
1721 934 1823 980 poffit
1852 943 1908 966 ac-

1237 981 1463 1024 commodari,
1503 981 1568 1015 hoc
1599 980 1716 1016 modo.
1755 981 1791 1016 Si
1817 981 1909 1016 dicet

1238 1029 1397 1077 pecuniae
1441 1029 1540 1064 causa
1580 1028 1704 1070 fecisse,
1755 1029 1910 1065 ostendet

1237 1090 1319 1113 eum
1342 1077 1472 1124 semper
1489 1089 1631 1113 avarum
1649 1076 1770 1113 fuisse:
1799 1078 1823 1113 si
1847 1078 1910 1113 ho·

1238 1127 1343 1170 noris,
1361 1126 1602 1162 ambitiosum:
1631 1126 1677 1161 ita
1694 1126 1820 1174 poterit
1837 1127 1910 1163 ani-

1238 1176 1284 1210 mi
1313 1175 1439 1210 vitium
1458 1187 1539 1211 cum
1558 1175 1657 1210 causa
1673 1175 1805 1223 peccati
1827 1187 1909 1212 con-

1237 1224 1418 1272 glutinare.
1461 1225 1497 1261 Si
1515 1237 1583 1260 non
1601 1224 1728 1272 poterit
1750 1236 1811 1272 par
1837 1225 1910 1261 ani-

1238 1273 1285 1309 mi
1326 1274 1453 1309 vitium
1492 1285 1574 1309 cum
1614 1273 1713 1309 causa
1753 1273 1910 1321 reperire,

1237 1323 1381 1370 reperiat
1398 1322 1519 1370 dispar.
1546 1322 1582 1358 Si
1601 1335 1669 1357 non
1689 1323 1814 1370 poterit
1831 1335 1910 1358 ava-

1237 1384 1316 1406 rum
1330 1371 1572 1413 demonstrare,
1603 1371 1811 1407 demonstret
1833 1383 1909 1408 cor-

1238 1430 1414 1468 ruptorem
1440 1421 1495 1456 vel
1523 1421 1756 1468 perfidiosum,
1784 1421 1807 1456 sl
1836 1433 1911 1469 quo

1238 1470 1343 1505 modo
1371 1470 1517 1517 poterit:
1546 1469 1696 1517 denique
1714 1470 1832 1517 aliquo
1850 1480 1911 1505 aut

1237 1531 1343 1566 quam
1362 1518 1520 1565 plurimis
1544 1518 1636 1553 vitiis
1660 1519 1910 1554 contaminabit

1237 1568 1413 1615 personam
1429 1581 1436 1603 :
1465 1567 1588 1603 deinde
1605 1567 1667 1615 qui
1687 1567 1773 1602 illud
1792 1566 1911 1603 fecerit

1238 1627 1308 1652 tam
1342 1617 1510 1664 nequiter,
1538 1617 1685 1652 eundem
1717 1616 1808 1652 hunc
1839 1626 1910 1652 tam

1239 1678 1416 1714 perperam
1447 1665 1558 1700 fecisse
1589 1678 1656 1701 non
1686 1665 1750 1700 esse
1784 1665 1909 1701 miran-

1238 1716 1334 1750 dum.
1387 1715 1423 1749 Si
1443 1715 1658 1749 vehementer
1675 1714 1785 1749 castus
1804 1725 1837 1749 et
1859 1715 1908 1750 in-

1238 1774 1331 1811 teger
1347 1764 1598 1799 existimabitur
1616 1763 1836 1803 adversarius,
1858 1763 1908 1798 di-

1237 1824 1291 1848 cet
1332 1813 1434 1855 faela,
1479 1825 1546 1847 non
1588 1811 1729 1853 famam,
1770 1812 1909 1859 l‘pec‘tari

1237 1873 1394 1910 oportere
1411 1879 1421 1903 ·,
1443 1862 1540 1897 illum
1560 1872 1636 1896 ante
1652 1861 1835 1896 occultasse
1854 1861 1911 1896 sua

1239 1911 1394 1959 flagitia-‚
1422 1911 1451 1946 se
1479 1912 1621 1958 planum
1651 1909 1838 1951 facturum,
1866 1911 1910 1945 ab

1238 1973 1279 1996 eo
1298 1960 1505 1996 maleficium
1526 1972 1593 1995 non
1613 1959 1730 1995 abesse.
1780 1959 1909 1994 Defen-

1240 2009 1292 2044 sor
1326 2009 1477 2057 primum
1512 2008 1758 2044 demonstrabit
1804 2009 1910 2043 vitam

1240 2059 1419 2106 integram,
1448 2059 1471 2094 si
1491 2057 1636 2105 poterit:
1667 2057 1699 2091 id
1720 2057 1741 2092 si
1763 2069 1829 2092 non
1849 2070 1911 2104 po-

1238 2108 1328 2149 terit,
1354 2105 1533 2155 confugiet
1559 2106 1600 2141 ad
1631 2106 1911 2154 imprudentiam,

1238 2157 1430 2199 stultitiam,
1445 2155 1716 2196 adolescentiam,
1730 2155 1815 2197 vim,
1835 2167 1910 2209 per-

1239 2206 1447 2242 suasionem:
1476 2204 1606 2253 quibus
1629 2205 1671 2239 de
1699 2205 1799 2240 rebus
1818 2213 1911 2240 vitu-

1238 2255 1370 2304 peratio
1397 2266 1530 2296 corum,
1556 2266 1637 2302 qute
1663 2264 1757 2288 extra
1784 2254 1818 2288 id
1845 2253 1911 2288 cri-

1240 2317 1316 2340 men
1347 2313 1460 2344 erunt,
1492 2316 1558 2338 non
1589 2303 1711 2338 debeat
1742 2302 1909 2350 assignari.

1239 2353 1298 2388 Sin
1332 2353 1546 2387 veliementer
1581 2352 1728 2387 hominis
1761 2351 1911 2399 turpitu-

1240 2402 1319 2437 dine
1345 2401 1549 2450 impedietur
1573 2412 1605 2436 et
1635 2401 1787 2441 infamia,
1815 2400 1911 2447 prius

1239 2452 1335 2487 dabit
1370 2463 1522 2499 operam,
1559 2460 1597 2485 ut
1629 2450 1728 2485 salins
1758 2461 1911 2484 rumores

1239 2501 1414 2550 dissipatos
1436 2501 1500 2536 ess‘e
1523 2499 1616 2535 dicat
1638 2500 1680 2535 de
1708 2499 1910 2539 innocente,
