2335 3009
544 263 620 313 196

540 359 786 395 existimentur.
836 362 968 398 Contra
991 375 1042 405 ea,
1068 376 1150 411 quae
1166 365 1211 400 ab

542 407 583 441 iis
600 408 775 450 dicuntur,
802 410 864 456 qui
893 411 1015 446 dicunt
1040 413 1155 447 alienis
1180 413 1211 448 se

540 457 707 504 exemplis
727 457 775 492 uti
794 469 963 506 oportere,
981 460 1058 495 satis
1074 461 1121 495 est
1139 461 1209 496 dic·

541 513 630 539 tum.
682 506 802 546 Nunc,
829 519 912 553 qiiae
936 507 1112 556 separatim
1142 509 1209 544 dici

540 552 693 600 possunt,
719 554 978 591 consideremus.

593 602 637 636 V.
664 602 824 638 Dicimus
854 615 950 651 ergo,
986 617 1044 640 eos
1077 617 1208 648 omnm,

542 648 620 684 ideo
637 650 734 697 quod
754 651 870 686 alienis
889 663 1042 695 utantur,
1058 665 1209 701 peccare,

540 707 618 732 tum
634 698 736 733 etiam
756 701 864 748 magis
880 701 1090 748 delinquere,
1113 703 1210 749 quod

542 757 561 779 a
579 747 698 781 multis
715 750 869 795 exempla
888 749 1031 784 sumant.
1084 751 1150 785 Sed
1167 751 1209 786 de

539 806 594 837 eo,
621 795 716 842 quod
733 797 848 843 postea
865 797 1029 840 diximus,
1055 809 1132 833 ante
1156 799 1208 834 vi-

540 843 693 879 deamus.
746 845 781 879 Si
816 847 1058 889 concederem,
1102 847 1210 882 aliena

541 901 699 938 oportere
716 893 878 928 assumere
899 895 1068 942 exempla,
1095 896 1210 930 vince-

542 951 613 974 rem
656 940 759 975 unius
802 952 982 988 oportere:
1037 943 1209 991 primum,

541 988 639 1035 quod
655 999 773 1023 contra
788 989 852 1024 hoc
868 991 962 1026 nulla
980 991 1078 1027 staret
1090 1005 1210 1030 eorum

541 1036 639 1072 ratio.
690 1037 829 1073 Liceret
857 1039 948 1074 enim
977 1040 1150 1087 eligerent,
1176 1051 1210 1076 et

540 1085 726 1131 probarent
750 1087 954 1133 quemlibet,
990 1090 1051 1135 qui
1081 1089 1143 1123 sibi
1174 1089 1208 1124 in

539 1145 658 1168 omnes
693 1146 743 1169 res
774 1134 1005 1182 suppeditaret
1037 1137 1207 1184 exempla,

538 1182 595 1215 vel
625 1191 775 1229 poetam,
803 1184 857 1218 vel
886 1194 1069 1227 oratorem,
1108 1184 1207 1231 cujus

539 1230 741 1266 auctoritate
758 1231 954 1268 niterentur.
1006 1234 1141 1268 Deinde
1159 1235 1208 1269 in-

539 1278 636 1313 terest
655 1280 769 1327 magni
787 1279 874 1327 ejus,
900 1282 962 1328 qui
979 1281 1105 1316 discere
1117 1283 1208 1325 vult,

539 1337 658 1362 utrum
676 1339 786 1363 unum
804 1341 932 1372 omnia,
958 1341 999 1364 an
1016 1342 1133 1366 omnia
1150 1343 1206 1366 ne-

538 1375 680 1418 minem,
730 1376 784 1411 sed
819 1377 911 1412 aliud
946 1378 1065 1420 aliurn,
1109 1389 1208 1426 putet

538 1424 699 1472 consequi
730 1426 832 1472 pofl‘e.
885 1425 921 1461 Si
949 1427 1041 1461 enirn
1070 1427 1209 1474 putabit

538 1473 632 1519 posse
645 1475 762 1508 omnia
780 1486 880 1521 penes
895 1486 1004 1509 unum
1019 1475 1207 1519 consistere,

539 1520 549 1555 i
579 1520 609 1555 se
641 1534 784 1569 quoque
814 1523 856 1557 ad
889 1524 1046 1558 omnium
1082 1524 1209 1560 nitetur

539 1534 750 1606 genitatem.
804 1571 863 1605 Sin
893 1571 927 1606 id
945 1573 1147 1620 desperabit,
1175 1573 1208 1608 in

538 1618 659 1666 paucis
701 1619 732 1654 se
763 1621 956 1656 exercebit:
999 1621 1075 1667 ipsis
1117 1622 1209 1656 enim

538 1678 720 1703 contentus
737 1668 810 1703 erit.
863 1669 939 1704 Nec
959 1669 1098 1713 mirum,
1126 1683 1207 1706 cum

540 1715 608 1762 ipse
635 1726 829 1764 praeceptor
855 1717 935 1753 artis
962 1719 1078 1753 omnia
1107 1732 1207 1767 penes

540 1776 650 1799 unum
670 1766 812 1812 reperire
831 1778 897 1800 non
916 1767 1076 1814 potuerit.
1108 1769 1206 1803 Aila-

539 1813 581 1847 tis
612 1813 717 1860 igitur
745 1815 914 1861 exemplis
944 1827 963 1849 a
996 1816 1149 1859 Catone,
1189 1829 1208 1851 a

538 1862 719 1905 Gracchis,
757 1875 776 1896 a
808 1863 937 1906 Laelio,
980 1876 999 1899 a
1032 1864 1206 1913 Scipione,

539 1910 664 1953 Galba,
693 1911 849 1952 Porcina,
876 1912 1007 1955 Crasso,
1035 1914 1206 1957 Antonio,

539 1959 759 2006 caeterisque;
802 1959 881 1994 item
913 1961 1056 2008 sumptis
1086 1963 1158 1997 aliis
1188 1976 1206 1998 a

539 2007 662 2055 poetis,
685 2017 718 2042 et
738 2008 951 2044 historiarum
970 2010 1205 2057 scriptoribus,

540 2056 664 2090 necesse
692 2057 767 2096 erit,
797 2069 891 2097 eum,
927 2058 988 2104 qui
1018 2058 1134 2100 discet,
1162 2060 1205 2094 ab

537 2104 700 2139 omnibus
736 2117 855 2151 putare
887 2106 1015 2149 omnia,
1059 2108 1102 2141 ab
1135 2120 1205 2143 uno

537 2165 649 2200 pauca
668 2153 724 2188 vix
745 2155 887 2200 potuisse
906 2155 1000 2189 sumi.
1044 2157 1164 2203 Qare
1183 2157 1203 2191 fi

539 2214 640 2236 unius
676 2202 820 2248 alicujus
850 2203 913 2237 else
955 2204 1094 2238 similem
1131 2205 1204 2239 satis

539 2251 692 2293 habebit,
727 2251 853 2292 omnia,
889 2264 970 2298 qum
999 2265 1117 2287 omncs
1148 2253 1204 2287 ha-

540 2300 688 2341 buerint,
734 2300 841 2334 iolum
878 2301 998 2335 habere
1041 2301 1071 2335 se
1114 2303 1205 2349 posse

538 2349 680 2382 diffidet.
733 2349 829 2395 Ergo
855 2349 972 2383 inutile
999 2350 1045 2384 est
1072 2349 1115 2391 ci,
1143 2351 1204 2397 qui

539 2398 662 2430 tlilurc·
692 2397 782 2439 vult,
835 2410 900 2431 non
942 2409 1062 2445 putare
1097 2411 1206 2433 unuin

539 2446 631 2498 poffi·
648 2447 772 2479 omnia.
820 2447 930 2492 igitur
949 2459 1048 2481 nemo
1068 2448 1099 2481 in
1120 2447 1204 2482 hanc

539 2495 663 2529 incidet
689 2494 900 2540 opinionem,
928 2496 948 2531 si
974 2495 1018 2531 ab
1048 2508 1118 2532 uno
1147 2509 1203 2532 tx-

851 266 1630 309 RHETORICORUM

1259 365 1374 413 empla
1391 365 1463 401 sum
1494 366 1611 401 sissent.
1656 365 1763 402 Nunc
1782 366 1847 403 hoc
1866 367 1931 416 ng-

1261 414 1295 448 ni
1325 413 1385 456 est,
1423 379 1511 462 ipsas
1542 415 1622 450 artis
1653 414 1828 463 scriptores
1859 429 1928 452 non

1260 462 1392 509 putasse
1410 475 1519 498 unum
1537 463 1683 510 potuisse
1701 464 1735 499 in
1764 465 1929 500 omnibus

1260 511 1464 546 elocutionis
1493 512 1651 559 partibus
1676 513 1814 554 enitere,
1840 525 1930 560 quo-

1260 558 1350 593 niam
1370 571 1480 606 neque
1497 559 1556 594 sua
1573 560 1804 607 protulerunt,
1820 573 1931 608 neque

1260 606 1362 641 unius
1393 606 1552 654 alicujus,
1576 618 1636 642 aut
1663 609 1812 656 denique
1840 610 1928 644 duo-

1261 666 1351 695 rum,
1386 655 1440 690 sed
1469 656 1512 690 ab
1541 656 1705 692 omnibus
1734 657 1929 693 oratoribus

1260 712 1295 737 et
1312 704 1422 750 poetis
1438 704 1596 752 exempla
1609 704 1832 752 sumpserunt.
1858 706 1929 741 De-

1260 751 1349 793 inde,
1382 751 1405 787 si
1435 752 1514 799 quis
1544 753 1627 788 velit
1651 763 1756 789 artem
1785 754 1928 789 demon·

1259 799 1360 835 strare
1398 801 1483 836 nihil
1532 802 1685 849 prodesse
1718 803 1761 837 ad
1799 802 1928 838 discen·

1259 849 1357 889 dum,
1387 861 1453 884 non
1488 850 1576 885 male
1598 860 1716 886 utatur
1738 851 1804 886 hoc
1830 850 1926 897 adju-

1261 907 1389 938 mento,
1432 899 1529 945 quod
1571 910 1662 934 unus
1695 911 1814 934 omnes
1848 899 1929 935 artis

1260 955 1372 992 partes
1414 946 1575 994 consequi
1619 959 1720 983 nemo
1766 948 1928 995 potuerit.

1260 994 1373 1041 Qiod
1408 995 1512 1041 igitur
1536 994 1639 1042 juvat
1671 1008 1792 1031 eorum
1827 996 1928 1031 ratio-

1259 1054 1350 1084 nem,
1386 1043 1448 1089 qui
1479 1043 1621 1078 omnino
1652 1043 1849 1092 improbent
1877 1057 1929 1079 ar-

1259 1099 1341 1132 tem,
1370 1090 1404 1125 id
1433 1103 1501 1125 non
1527 1091 1712 1127 ridiculum
1729 1092 1789 1134 est,
1817 1091 1930 1140 ipsum

1259 1138 1458 1185 scriptorem
1477 1140 1558 1175 artis
1585 1139 1646 1175 suo
1668 1139 1805 1187 judicio
1834 1153 1929 1176 com-

1258 1188 1430 1232 probare?
1468 1188 1567 1235 Ergo
1600 1189 1644 1224 ab
1671 1201 1743 1225 uno
1768 1189 1931 1225 sumenda

1259 1234 1358 1270 fuisse
1387 1236 1571 1272 docuimus
1599 1237 1769 1286 exempla,
1796 1239 1819 1274 si
1845 1238 1928 1274 sem—

1260 1296 1320 1331 per
1336 1284 1473 1320 aliunde
1490 1285 1712 1322 sumerentur.

1306 1333 1370 1367 VI.
1407 1334 1515 1369 Nunc
1545 1334 1688 1370 omnino
1715 1334 1854 1371 aliunde
1883 1336 1927 1371 fic

1257 1380 1488 1428 intelligemus
1518 1381 1680 1418 sumenda
1712 1395 1781 1419 non
1814 1382 1924 1420 fuiffe.

1258 1429 1417 1464 Primum
1447 1431 1617 1473 omniurn,
1645 1432 1743 1479 quod
1772 1432 1816 1467 ab
1845 1433 1927 1468 artis

1257 1477 1420 1526 scriptore
1453 1479 1594 1514 affertur
1629 1481 1842 1528 exemplum,
1885 1482 1929 1517 de

1257 1524 1330 1573 ejus
1349 1526 1494 1563 artificio
1523 1527 1625 1563 debet
1646 1529 1722 1570 esse,
1750 1541 1820 1564 non
1845 1539 1884 1566 ut
1902 1530 1927 1565 si

1258 1575 1337 1622 quis
1356 1587 1546 1623 purpuram
1577 1586 1637 1612 aut
1665 1577 1759 1612 aliud
1785 1578 1926 1626 quippi-

1259 1635 1315 1658 am
1349 1626 1512 1668 vendens,
1537 1625 1643 1668 dicat,
1669 1626 1774 1661 Sume
1807 1638 1827 1661 a
1860 1639 1927 1670 me,

1257 1671 1311 1707 sod
1329 1672 1432 1718 hujus
1449 1674 1648 1721 exemplum
1667 1674 1804 1710 aliunde
1827 1687 1927 1722 roga-

1259 1721 1316 1763 bo,
1343 1721 1478 1769 tibique
1493 1723 1680 1758 ostendam.
1732 1723 1766 1758 Si
1799 1735 1927 1760 merces

1258 1769 1317 1816 ipsi
1344 1770 1406 1816 qui
1425 1771 1615 1813 venditant,
1641 1771 1779 1807 aliunde
1811 1784 1925 1807 exem-

1257 1818 1358 1866 plum
1373 1819 1557 1866 quaeritent
1574 1820 1667 1855 aliud
1686 1821 1829 1863 mercis;
1849 1832 1888 1856 ut
1902 1822 1925 1856 fi

1257 1878 1396 1902 acervos
1426 1867 1457 1903 se
1474 1867 1590 1903 dicant
1607 1868 1710 1904 tritici
1729 1869 1864 1912 habere,
1891 1880 1926 1905 et

1255 1927 1376 1950 eorum
1393 1917 1594 1963 exemplum
1621 1930 1742 1965 pugno
1770 1929 1839 1952 non
1865 1918 1923 1953 ha-

1258 1964 1370 2005 beant,
1397 1966 1494 2012 quod
1512 1965 1712 2001 ostendant:
1742 1966 1763 2001 si
1780 1967 1923 2014 Tripto-

1258 2013 1379 2055 lenuis,
1406 2025 1486 2049 cum
1505 2014 1702 2050 hominibus
1722 2014 1830 2049 semen
1860 2017 1923 2050 lar-

1255 2060 1397 2107 giretur,
1426 2062 1493 2109 ipse
1511 2063 1554 2097 ab
1573 2062 1646 2098 aliis
1666 2063 1700 2097 id
1728 2063 1927 2100 hominibus

1256 2120 1494 2146 mutuaretur:
1533 2122 1592 2146 aut
1628 2111 1650 2146 si
1685 2112 1924 2156 Prometheus,

1254 2169 1335 2192 cum
1372 2159 1575 2194 mortalibus
1618 2159 1730 2207 ignem
1772 2161 1925 2197 dividere

1256 2207 1369 2246 vellet,
1396 2207 1462 2254 ipse
1480 2219 1498 2241 a
1516 2208 1636 2243 vicinis
1654 2220 1735 2243 cum
1755 2209 1835 2244 testa
1852 2223 1924 2245 am-

1257 2254 1390 2295 bulans,
1442 2257 1672 2291 carbunculos
1716 2270 1923 2305 corrogaret,

1257 2315 1323 2337 non
1344 2304 1510 2339 ridiculus
1539 2306 1738 2340 videretur?
1770 2307 1823 2341 liti
1852 2319 1921 2342 ma-

1254 2351 1361 2398 gistri,
1387 2354 1544 2387 omnium
1570 2354 1703 2388 dicendi
1732 2367 1923 2403 praecepto-

1258 2412 1319 2440 res,
1349 2413 1415 2435 non
1436 2401 1595 2437 videntur
1623 2403 1682 2437 sibi
1713 2403 1853 2439 ridicule
1875 2404 1921 2439 sa-

1255 2461 1340 2490 cere,
1367 2462 1448 2484 cum
1469 2451 1514 2490 id,
1541 2452 1636 2498 quod
1662 2451 1734 2486 aliis
1760 2453 1924 2499 pollicen-

1256 2508 1323 2539 tur,
1355 2499 1398 2533 ab
1419 2499 1492 2535 aliis
1511 2510 1687 2547 qua-runt.
1739 2501 1788 2544 Si,
1814 2502 1874 2549 qui
1895 2501 1925 2537 ii:
