2241 2994
499 237 580 279 280

497 437 608 477 Anno
629 434 738 476 Urbis
757 432 853 486 689.
898 433 1079 474 Ciceronis
1097 446 1166 487 43.

642 507 834 547 Consules
863 506 1028 547 fuerunt

498 571 731 623 L.Ju1.1us
750 569 940 613 CAESAR,
958 569 1008 607 C.
1025 567 1168 606 MAR-

651 643 754 670 cms
786 631 1014 669 F1Gutus.

549 729 631 764 Hos
664 726 819 763 consules
857 725 1013 762 nominat
1045 723 1168 760 Cicero

493 787 556 824 pro
573 777 668 823 Sylla.
694 785 765 822 cap.
785 786 843 810 20.
891 774 1013 810 Iisdem
1032 773 1063 808 se
1080 773 1168 808 filio-

498 827 534 862 lo
552 826 694 861 anetum
712 823 828 860 scribit
844 832 891 869 ep.
915 835 944 858 1.
973 823 1012 868 [l.
1034 823 1086 868 2.]
1112 821 1165 857 lib.

499 875 527 911 1.
546 874 592 910 ad
606 880 678 910 Att.
717 872 816 920 Qia
832 870 914 907 itero
931 883 1040 906 annus
1068 882 1166 905 xmn

499 924 636 972 legibus
672 921 842 959 Romanis
872 920 1058 956 consularis
1088 918 1168 961 fuit,

499 982 541 1008 ut
557 972 680 1008 Cicero
696 971 816 1016 Philip.
831 969 876 1005 V.
894 979 961 1016 cap.
986 981 1040 1016 17.
1059 968 1168 1004 osten-

495 1020 564 1064 dit,
590 1021 667 1056 ideo
685 1020 808 1056 Cicero
825 1017 891 1053 hoc
908 1029 999 1053 anno
1015 1017 1168 1052 consula-

499 1079 576 1105 tum
597 1068 731 1117 petivit‚
757 1068 800 1103 de
828 1078 902 1113 quo
921 1075 983 1112 pro
1005 1066 1100 1101 Caelio
1119 1065 1169 1101 in-

496 1118 580 1166 quit
598 1127 669 1164 cap.
699 1130 736 1161 4.
787 1117 940 1160 Deinceps
959 1115 1031 1160 fuit
1062 1126 1172 1155 annus,

497 1179 558 1216 quo
575 1178 630 1214 ego
645 1165 833 1211 consulatum
852 1165 968 1210 petivi.
1022 1163 1064 1198 In
1088 1174 1170 1198 con-

500 1216 630 1254 sulatus
658 1214 823 1263 petitione
849 1212 904 1248 sex
929 1211 1172 1262 competitores

500 1264 624 1300 Cicero
640 1262 776 1306 habuit,
803 1262 845 1297 P.
865 1260 1063 1309 Sulpicium
1088 1261 1172 1296 Gal-

814 237 882 278 M.
941 237 997 277 T.
1056 235 1585 277 CICERONIS

1218 333 1252 368 in
1279 341 1361 380 toga
1384 332 1540 368 candida.
1592 331 1772 368 Utebatur
1794 332 1887 368 enim

1217 381 1285 417 hoc
1319 391 1474 429 tempore
1503 381 1739 428 magistratum
1770 391 1889 429 petens

1218 430 1364 465 candida
1387 441 1480 478 toga,
1506 442 1614 478 quam
1637 430 1805 477 Polybius
1830 430 1886 466 lib.

1217 480 1266 514 X.
1295 478 1412 516 -m'cnm
1428 480 1564 526 λαμτεὺ
1580 477 1745 514 nominat.
1796 479 1888 515 Eam

1217 527 1420 570 orationem,
1447 526 1548 574 cujus
1572 527 1764 575 fragmenta
1793 527 1889 575 apud

1219 575 1411 611 Asconium
1445 585 1576 619 extant,
1612 577 1806 623 Quintilian.
1831 576 1887 612 lib.

1218 624 1282 660 111.
1310 634 1380 670 cap.
1400 637 1434 673 9.
1462 634 1566 660 vocat
1592 624 1721 660 librum
1741 625 1775 660 in
1793 636 1889 660 com-

1219 682 1392 720 petitores,
1444 684 1550 720 quem
1600 673 1890 722 vitupemtionem

1217 721 1391 757 continere
1417 721 1476 764 ait,
1503 732 1537 757 et
1565 730 1678 757 tamen
1709 722 1743 757 in
1775 721 1890 758 senatu

1217 770 1282 805 esse
1296 770 1455 806 habitum
1474 771 1553 806 loco
1571 770 1754 806 sententiae.

1266 818 1501 867 Catilinajam
1518 820 1717 855 convocatis
1740 819 1792 862 iis,
1811 819 1890 867 qui-

1219 867 1285 903 bus
1311 869 1461 903 maxima
1490 869 1698 903 neceffitudo
1720 879 1754 903 et
1781 868 1891 916 pluri·

1219 928 1318 952 mum
1357 916 1511 952 audaciae
1546 920 1667 960 inerat,
1706 917 1890 953 confilium

1219 964 1319 1000 suum
1345 965 1559 1013 exposuerat,
1586 965 1683 1012 quod
1713 977 1775 1013 per
1803 966 1890 1001 Ful-

1218 1014 1312 1048 viam
1330 1014 1363 1048 in
1383 1015 1512 1061 vulgus
1540 1014 1729 1062 prolatum,
1756 1014 1790 1049 in
1819 1014 1891 1062 pri-

1220 1062 1285 1097 mis
1313 1062 1426 1097 studia
1454 1063 1636 1097 hominum
1663 1063 1820 1098 accendit
1848 1063 1894 1098 ad

1221 1111 1439 1146 consulatum
1457 1111 1691 1146 mandandum
1709 1111 1896 1148 M.Tullio

1221 1159 1393 1202 Ciceroni,
1421 1169 1460 1195 ut
1489 1160 1682 1203 Sallustius,
1719 1161 1792 1196 Cat.
1822 1170 1892 1208 cap.

1223 1219 1282 1255 23.
1308 1209 1435 1244 scribit.
1488 1210 1610 1257 Itaque,
1645 1209 1692 1245 ait
1720 1209 1894 1245 Asconius

1223 1257 1258 1292 in
1276 1259 1375 1294 Orat.
1395 1258 1429 1293 in
1448 1258 1554 1306 Toga
1570 1258 1668 1294 cand.
1695 1259 1803 1294 Cicero
1821 1270 1895 1294 con.

501 1314 597 1355 barn,
630 1312 677 1348 L.
710 1310 870 1358 Sergium
899 1309 1099 1351 Catilinam,
1129 1309 1172 1345 C.
1214 1306 1274 1350 sul
1285 1309 1417 1342 omnium
1435 1307 1572 1353 consensit
1580 1307 1690 1350 fatias
1705 1308 1764 1352 tsi:
1792 1309 1896 1344 Anto-

502 1361 715 1403 Antonium,
758 1360 803 1395 L.
846 1359 999 1394 Caffium
1038 1358 1173 1406 Longi-

504 1423 602 1453 num,
631 1411 687 1457 Q
702 1408 945 1451 Cornificium,
964 1416 999 1442 et
1016 1407 1059 1442 C.
1078 1407 1174 1442 Lici-

504 1460 603 1496 nium
621 1458 853 1499 Sacerdotem,
879 1456 922 1492 de
948 1456 1079 1504 quibus
1109 1455 1174 1492 As-

504 1509 626 1544 conius
643 1511 676 1543 in
693 1515 777 1542 orat.
793 1508 827 1541 in
844 1505 878 1541 T
873 1517 920 1552 og.
948 1504 1040 1540 cand.
1065 1515 1101 1540 et
1126 1505 1182 1553 Q

501 1557 628 1593 Cicero
651 1557 688 1591 de
711 1557 811 1592 Petit.
837 1554 925 1598 Confi
950 1563 1018 1600 cap.
1052 1565 1085 1589 2.
1137 1554 1176 1588 In

504 1607 556 1642 his
574 1605 708 1655 patricii
725 1605 797 1640 duo
818 1602 974 1646 fuerunt,
993 1604 1040 1638 P.
1060 1602 1175 1638 Galba

501 1665 538 1692 et
555 1655 600 1691 L.
619 1654 779 1690 Catilina.
822 1653 878 1688 De
902 1651 1033 1699 quibus
1051 1651 1174 1686 Cicero

498 1713 561 1750 pro
586 1705 744 1746 Murena,
770 1713 846 1750 cap.
876 1703 908 1736 8.
939 1701 1066 1737 Etenim
1094 1699 1174 1735 mihi

503 1754 561 1800 ipſs
576 1752 705 1795 accidit,
731 1759 767 1787 ut
790 1762 857 1785 cum
881 1748 999 1785 duobus
1013 1751 1177 1795 patriciis,

503 1802 604 1838 altero
628 1799 837 1847 improbiffimo
859 1807 952 1847 atque
973 1797 1176 1842 audactffimo,

505 1851 609 1886 altero
627 1848 826 1895 modqlliffimo
847 1856 939 1896 atque
959 1849 1075 1894 optimo
1091 1849 1177 1889 viro,

501 1909 653 1946 peterem,
687 1899 844 1945 superavi
883 1904 988 1931 tamen
1023 1895 1180 1943 dignitate

506 1948 694 1990 Catilinam,
714 1948 829 1994 gratia
846 1945 993 1980 Galbam.

557 1998 652 2032 Cum
670 2005 785 2031 autem
806 1994 839 2030 in
857 1994 928 2030 dies
952 1993 1087 2029 licentia
1109 2005 1180 2029 am·

508 2046 603 2082 bitus
644 2054 825 2092 augeretur
865 2053 1007 2090 propter
1055 2043 1176 2090 praeci-

508 2107 616 2144 puam
646 2093 808 2130 Catilinae
837 2102 872 2127 et
899 2090 1046 2126 Antonii
1073 2091 1176 2126 auda-

509 2145 611 2186 ciam,
649 2142 822 2178 censuerat
863 2140 1007 2183 senatus,
1047 2149 1084 2175 ut
1122 2140 1178 2176 lex

510 2193 662 2229 ambitus
700 2191 799 2226 auCta
825 2189 928 2225 etiam
958 2200 1040 2224 cum
1074 2199 1181 2237 poena

511 2242 665 2278 ferretur.
717 2239 786 2275 Cui
807 2239 850 2274 rei
869 2250 949 2273 cum
968 2239 1016 2284 Q
1032 2237 1180 2273 Mucius

510 2291 690 2327 Orestinus
708 2288 869 2324 tribunus
894 2286 1005 2335 plebis
1029 2286 1179 2322 interces-

513 2341 609 2382 sill'ct,
647 2341 795 2386 graviter
825 2335 940 2371 senatu
979 2335 1181 2371 intercessio-

512 2401 589 2424 nem
619 2387 757 2428 ferente,
791 2386 914 2421 cicero
942 2383 1097 2427 surrexit,
1131 2394 1180 2420 at-

510 2451 580 2485 que
608 2437 640 2471 in
665 2436 849 2471 coitionem
873 2433 1034 2469 Catilinae
1051 2443 1085 2468 et
1104 2433 1179 2468 An-

512 2486 596 2522 tonii
616 2485 770 2521 invectus
799 2483 859 2527 cst,
888 2483 1004 2519 habita
1029 2482 1181 2519 oratione

1223 1357 1292 1390 nius
1303 1355 1450 1402 pauculis
1469 1358 1614 1391 centuriis
1644 1356 1816 1391 Catilinam
1834 1357 1894 1402 su-

1219 1407 1362 1452 peravit.
1415 1404 1463 1439 Et
1481 1404 1549 1452 ipse
1567 1404 1600 1440 in
1618 1403 1789 1447 Pisonem,
1815 1417 1894 1453 cap.

1231 1465 1260 1489 1.
1311 1455 1374 1489 Me
1400 1457 1510 1488 euntia
1529 1453 1638 1495 Italia,
1665 1465 1712 1488 me
1729 1465 1829 1490 omnes
1842 1466 1898 1489 or·

1225 1502 1322 1544 dines,
1347 1514 1394 1537 me
1420 1503 1563 1548 universa
1587 1504 1703 1538 civitas
1726 1515 1786 1538 non
1805 1504 1898 1549 prius

1225 1551 1342 1587 tabella
1366 1564 1458 1598 quam
1485 1563 1561 1586 voce
1585 1554 1722 1598 priorem
1752 1552 1899 1597 consulem

1221 1600 1408 1636 declaravit.
1464 1601 1549 1635 Item
1576 1600 1724 1648 Agraria
1742 1600 1789 1636 11.
1817 1612 1894 1649 cap.

1224 1661 1256 1685 2.
1309 1651 1364 1695 Est
1385 1649 1464 1684 illud
1489 1649 1711 1694 ampliffimum.
1737 1648 1818 1697 quod
1839 1650 1896 1685 hoc

1221 1699 1331 1734 honore
1347 1710 1384 1734 ex
1400 1701 1490 1733 novis
1507 1698 1678 1733 bominibus
1690 1701 1830 1744 primum
1848 1711 1896 1733 me

1226 1748 1331 1782 multis
1345 1747 1528 1793 posthabitis
1553 1746 1710 1793 affecistis,
1732 1746 1814 1793 qued
1824 1749 1897 1794 pri-

1227 1809 1278 1832 ma
1305 1798 1469 1842 petitione,
1505 1796 1584 1844 quod
1610 1808 1690 1831 anno
1719 1808 1782 1831 meo
1796 1810 1807 1831 :
1840 1795 1903 1841 sed

1228 1852 1333 1880 tamen
1361 1844 1606 1892 magnificentius
1634 1852 1671 1879 at
1691 1856 1729 1879 ue
1756 1848 1899 1880 ornatius

1228 1894 1282 1942 effe
1298 1894 1352 1929 illo
1369 1893 1452 1930 nibil
1473 1894 1583 1940 potest,
1608 1906 1665 1942 quo
1710 1896 1781 1929 meis
1805 1898 1899 1929 ‘omi-

1229 1945 1284 1979 tiis
1313 1955 1372 1978 non
1393 1943 1540 1979 tabellam
1567 1943 1719 1978 vindicem
1735 1945 1842 1978 tacite
1858 1944 1899 1978 ts·-

1226 1992 1379 2034 bertatis,
1397 1992 1454 2039 sed
1474 2004 1577 2027 vocem
1599 1994 1712 2027 vivam
1724 2001 1794 2038 prae
1811 1993 1900 2028 vobis

1224 2040 1355 2077 indicem
1378 2041 1552 2085 vestrarum
1575 2052 1652 2088 erga
1680 2053 1724 2076 mc
1751 2042 1901 2076 voiunta-

1227 2098 1294 2126 tum
1311 2103 1347 2125 ac
1353 2090 1542 2135 studiorum,
1569 2089 1691 2133 tulistis.
1731 2091 1838 2137 Itaque
1852 2101 1901 2126 me

1229 2151 1289 2174 non
1310 2147 1448 2174 extrema
1465 2139 1566 2173 tribus
1584 2138 1823 2185 Jisffragiorum,
1846 2138 1903 2181 sed

1226 2190 1325 2234 primi
1341 2187 1390 2222 illi
1412 2188 1506 2232 vestri
1531 2188 1698 2232 concavas,
1725 2199 1816 2235 neque
1829 2188 1899 2232 fin-

1225 2237 1309 2284 gule
1332 2248 1420 2272 voces
1444 2245 1632 2282 patronum,
1652 2236 1709 2282 sed
1736 2248 1800 2271 una
1825 2248 1902 2272 voca

1230 2286 1388 2333 universus
1401 2286 1533 2332 populus
1553 2287 1643 2320 Rom.
1677 2286 1822 2333 consulem
1845 2285 1899 2322 de—

1230 2335 1385 2370 claravit.

1281 2383 1365 2419 Hoc
1396 2395 1486 2419 anno
1514 2383 1716 2418 Ciceronem
1746 2383 1900 2431 QGal·

1231 2432 1317 2468 lium
1335 2433 1377 2468 de
1407 2432 1539 2467 ambitu
1562 2431 1745 2467 defendisse
1770 2442 1808 2467 ut
1834 2444 1899 2480 pu-

1229 2491 1313 2523 tem,
1340 2481 1510 2518 Asconius
1539 2480 1642 2523 facit:
1670 2481 1732 2529 qui
1758 2483 1792 2516 in
1818 2491 1902 2517 orat.
