2241 2994
632 225 904 266 VARIAE
988 225 1548 268 LECTIONES.

438 320 446 348 1

352 330 411 398 ἷᾷς
435 340 472 397 3'0
492 359 643 398 postulabit
658 360 682 388 A
700 360 727 388 G
744 359 768 387 R
778 358 888 397 Μαῖα,

434 409 471 437 3²
493 400 651 437 proferatur
665 401 690 427 A
707 399 730 427 L
746 399 770 426 R
779 400 926 436 proferetur

434 447 473 475 34
495 439 514 466 fi
531 441 556 467 Α
572 440 598 467 d.

434 487 469 515 33
492 487 539 506 aut
554 478 646 515 plures
662 477 686 504 A
697 476 784 513 plures

436 525 472 553 37
493 517 593 554 poffint
610 517 631 544 A
644 516 742 552 poffimt

439 557 474 592 38
498 556 526 584 id
543 557 568 584 A
582 557 607 586 d.
623 554 650 590 ψ
661 557 692 583 id
702 565 793 592 angere

434 604 468 631 41
493 603 601 624 tantum
619 597 643 622 A
660 595 685 623 R
701 595 726 628 ψ
739 595 764 624 d.

431 650 474 658 —-
493 643 605 672 oportet
621 635 647 662 A
663 646 708 662 ncn
719 642 810 671 oportet

432 685 471 714 42
493 685 596 711 augere
608 674 637 702 G
652 675 678 702 d.

432 725 469 753 43
492 715 586 743 doceri
602 715 626 742 A
645 715 669 742 R
684 715 767 741 docere
778 713 804 747 ψ
817 713 904 740 docere
913 710 956 738 boc
970 711 1040 737 modo

453 764 469 792 3
493 754 619 782 occidere
636 754 659 782 L
673 754 780 789 occidiſje

452 795 471 822 6
491 803 559 827 non,
579 801 611 821 ut
633 792 759 830 quidque
777 791 803 818 A
821 790 979 828 quodcunque
997 789 1063 826 qued

540 833 564 860 L
581 832 605 859 R
617 843 664 860 non
674 832 782 869 quidque
795 831 862 868 quod
868 827 894 865 ψ
902 839 949 856 non
960 837 1060 866 rit-quo·

538 873 607 899 modo
620 873 729 909 quidque

453 920 475 948 7
492 912 529 940 est
545 913 569 940 R
581 912 619 947 sie

433 967 475 974 —
495 951 616 989 primum
634 949 659 977 A
673 950 700 978 G
712 950 738 977 d.

454 1001 472 1029 9
491 990 639 1019 concludit
652 991 677 1016 A
694 990 717 1017 L
733 987 888 1017 concluditur

436 1040 472 1059 ιο
492 1029 701 1058 enumeratione
716 1029 740 1055 A
754 1028 782 1056 G
799 1028 966 1056 numeratione

437 1079 471 1098 1-2
493 1070 559 1107 quid
577 1070 605 1097 G
621 1070 684 1106 quod

435 1119 471 1147 ¹-3
493 1109 562 1147 quid
577 1106 786 1136 confirmatione
801 1106 827 1134 A
844 1114 868 1134 ee
882 1106 946 1143 quid
959 1105 989 1133 de
1003 1114 1059 1132 con-

530 1150 680 1187 firmatione

434 1196 470 1225 14
490 1186 732 1226 argumentatione
743 1185 771 1214 G
787 1189 816 1213 in
827 1186 1041 1223 argumentatione

436 1237 470 1264 ¹7
493 1227 640 1264 tripertita:
654 1227 679 1261 ψ
691 1228 838 1263 tripartiae

434 1277 472 1295 20
493 1266 525 1294 In
540 1268 565 1294 R
580 1267 604 1294 d.

431 1321 473 1328 —
492 1307 523 1334 In
606 1304 784 1333 conclufione
799 1304 827 1332 Α·
840 1303 866 1332 d.

433 1355 473 1382 24
492 1345 521 1373 in
536 1345 711 1373 conclusione
728 1344 754 1378 ψ
766 1345 792 1372 d.

433 1387 470 1415 28
492 1385 698 1422 redintegretur
713 1385 738 1412 A
755 1383 784 1412 G
803 1383 829 1411 R
850 1385 1018 1421 reintegrelur
1032 1379 1059 1417 ψ

538 1426 728 1461 redintegraiur

434 1473 472 1502 30
492 1464 644 1492 referamus
660 1462 689 1491 G
703 1463 728 1497 ψ
742 1465 879 1501 referemus.

435 1513 467 1541 3¹
493 1504 523 1531 id
540 1503 611 1532 AG
628 1501 770 1537 Rssidsm

434 1553 471 1580 32
492 1543 562 1571 Item
578 1542 607 1570 G
623 1541 647 1568 L
662 1542 687 1576 ψ
700 1543 732 1570 In
745 1552 796 1579 qua

434 1592 470 1620 33
494 1592 510 1610 a
524 1583 549 1610 A
566 1582 594 1610 G
611 1581 634 1608 R
651 1582 678 1609 d.

433 1631 471 1659 34
491 1630 633 1659 repetatur
648 1622 672 1649 A
688 1623 810 1658 repetitur

435 1671 473 1699 37
495 1661 789 1694 autAGLRslad.

432 1716 472 1723 —
492 1708 540 1729 aut
554 1701 662 1737 ingenii
679 1702 704 1728 A
719 1702 863 1737 ingeniique
877 1698 904 1727 G
920 1705 943 1726 et
957 1699 1052 1736 ingenii

540 1740 563 1767 L
578 1741 603 1774 ψ
617 1743 712 1777 ingenii

434 1781 470 1817 38
491 1780 658 1808 venditandi
669 1780 694 1807 A
709 1790 757 1806 non
768 1779 902 1807 indicandi

434 1834 474 1840 —
495 1818 843 1851 autALethel-ssd.

431 1869 468 1896 39
489 1858 654 1886 ostentandae
666 1858 692 1885 A
707 1859 858 1895 ostendenda*

431 1907 465 1935 41
491 1897 604 1925 Deinde
617 1897 716 1925 ordine
732 1897 852 1925 breviter
867 1895 895 1923 G
908 1896 932 1924 L
944 1895 1060 1925 breviter

537 1939 623 1965 defnde
634 1945 656 1966 et
670 1939 756 1965 ordine

432 1986 472 2014 44
491 1987 532 2005 res
549 1977 576 2011 ψ
589 1978 616 2004 d.

356 2017 410 2055 176
453 2026 468 2054 3
491 2016 637 2044 sumuntur
653 2016 820 2053 Lfismentur

431 2072 470 2079 —
490 2056 649 2095 adaugendi
666 2057 691 2084 A
705 2056 733 2084 G
751 2056 774 2083 L
788 2055 813 2089 ψ
823 2055 978 2093 adaugendi

452 2106 473 2132 4
493 2096 572 2124 causa
588 2097 613 2123 A
626 2096 654 2123 G
672 2095 695 2123 L
706 2095 731 2129 ψ
744 2100 846 2132 causam

451 2137 469 2163 6
491 2144 741 2164 commemoramus
757 2134 784 2169 ψ
795 2145 953 2163 memoramus

452 2185 470 2213 9
491 2176 650 2204 nationibus
660 2176 684 2209 ψ
696 2178 724 2203 d.

437 2225 447 2244 1
458 2225 467 2242 1
493 2215 603 2253 legibus
621 2216 644 2242 A
662 2215 689 2243 G
705 2220 733 2243 in
745 2214 842 2251 legibus

436 2264 479 2284 12⁷
493 2253 627 2282 sancitum
643 2253 794 2288 dajaanm

437 2303 469 2332 17
492 2294 596 2331 quibus
612 2294 782 2322 anaoritatis
798 2292 826 2320 G
842 2291 932 2331 quibus
945 2293 1057 2320 andari-

535 2343 589 2361 1aie
605 2333 627 2359 L
643 2333 666 2360 R
682 2334 705 2366 ψ
719 2344 821 2370 quorum
833 2335 985 2361 auaoriiase

434 2382 472 2402 20
491 2374 614 2410 corpoiis
631 2371 654 2400 A
666 2380 689 2400 et
703 2375 809 2410 corporis

435 2423 473 2450 24
493 2412 566 2440 idem
584 2413 606 2439 A
623 2412 648 2440 d.

434 2462 470 2491 ²5
493 2452 665 2482 ostendemus
680 2452 705 2480 A
720 2453 872 2490 ostendamus

1118 1945 1170 1973 ι77

1203 317 1212 346 1

1113 328 1173 394 ι1,·76
1198 337 1234 385 206
1255 364 1304 386 aut
1320 359 1346 386 A
1361 358 1389 386 G
1408 358 1431 386 L
1447 358 1471 386 R
1487 358 1513 394 ψ
1527 368 1602 398 mque

1192 411 1234 418 —
1251 396 1434 435 consequatur
1448 398 1477 427 G
1493 400 1667 437 consequamur
1680 402 1726 437 (in
1735 411 1817 438 marg.

1299 437 1335 466 al.
1351 437 1532 475 conſsqtialur)

1195 484 1232 512 29
1253 476 1390 504 maleficia
1407 475 1433 510 ψ
1446 477 1595 515 muhficium

1194 528 1234 535 —
1255 515 1364 543 futuros
1380 516 1571 554 Afuturoseffl

1197 562 1229 589 3¹
1256 563 1305 590 per
1320 564 1403 591 quem
1421 555 1446 582 A
1461 567 1536 593 quum

1197 601 1232 628 32
1253 593 1422 620 ostendimus
1437 594 1465 622 G
1481 596 1626 632 ‹ssendemui

1193 646 1234 652 —
1256 631 1274 658 fi
1289 631 1370 659 semel
1387 634 1410 659 A
1425 632 1451 666 ψ
1465 635 1617 668 asentencia

1197 680 1231 707 33
1254 670 1360 698 nullam
1376 680 1433 698 rem
1447 671 1505 699 sore
1521 674 1542 701 A
1557 685 1602 701 non
1612 673 1685 702 illam
1699 685 1751 703 rem

1197 719 1235 747 34
1255 710 1437 738 incommodo
1452 711 1478 738 A
1493 712 1577 749 aliquo

1193 764 1234 770 —
1253 757 1374 778 erratum
1386 750 1517 790 judicum
1534 753 1559 779 A
1573 751 1822 792 deperperamjudi-

1302 801 1366 817 ctum
1381 798 1494 818 erratum

1199 838 1236 866 39
1257 828 1391 857 vetustate
1409 830 1432 856 A
1448 832 1578 867 veiustati

1196 877 1235 904 40
1257 868 1338 903 hujus
1354 869 1377 896 A
1394 869 1468 907 hujus
1480 880 1544 897 vero

1195 917 1233 944 43
1255 907 1429 936 ostendemus
1444 908 1472 936 G
1485 907 1512 943 ψ
1523 911 1669 946 qstendimus

1195 961 1236 968 —
1256 956 1290 974 ex
1305 946 1329 973 L
1345 956 1368 974 e!
1382 959 1414 974 ex

1197 996 1236 1023 44
1256 986 1380 1014 dicemus
1397 986 1427 1014 G
1444 987 1467 1014 L
1482 988 1507 1021 ψ
1520 989 1627 1017 dicimus

1195 1041 1236 1048 —-
1256 1026 1361 1053 nullam
1376 1025 1403 1053 G
1422 1026 1445 1054 L
1463 1026 1486 1054 R
1501 1026 1527 1061 ψ
1542 1028 1637 1056 nullam
1651 1030 1693 1066 effi

1195 1075 1232 1103 43
1251 1065 1353 1100 justam
1370 1065 1399 1092 G
1412 1068 1591 1105 etiamjustam
1614 1068 1635 1096 L
1649 1069 1673 1103 ψ
1687 1070 1814 1107 “justam

1218 1115 1234 1133 2
1256 1114 1314 1142 quo
1326 1105 1351 1132 A
1366 1115 1420 1132 cum

1193 1159 1239 1167 -—
1254 1145 1428 1172 ostendemus
1444 1144 1472 1173 G
1488 1145 1512 1172 L
1529 1145 1553 1174 R
1569 1147 1716 1183 ostendimus

1216 1194 1231 1222 ς
1254 1183 1364 1220 injuriae
1379 1183 1408 1211 G
1424 1184 1448 1211 L
1465 1185 1489 1212 R
1505 1185 1529 1218 ψ
1543 1187 1642 1222 injuria

1215 1234 1234 1261 9
1255 1224 1422 1251 ostendimus
1439 1225 1463 1251 A
1477 1226 1624 1261 fflendemus

1199 1272 1233 1291 12
1255 1272 1312 1300 quo
1327 1263 1355 1290 G
1372 1263 1396 1290 R
1412 1263 1436 1297 ψ
1450 1265 1517 1301 quod

1200 1312 1234 1340 ¹3
1257 1303 1289 1330 sit
1304 1302 1333 1330 G
1349 1303 1372 1330 L
1389 1302 1413 1329 R
1429 1304 1453 1337 ψ
1465 1305 1498 1340 ψ

1195 1356 1235 1364 -
1257 1342 1334 1370 locus
1348 1343 1373 1376 ψ
1387 1342 1451 1371 Iocus
1461 1345 1494 1380 est

1199 1382 1234 1410 16
1256 1381 1406 1420 ingenuam
1423 1383 1448 1409 A
1463 1386 1583 1420 ingenuae

1200 1430 1233 1458 17
1256 1421 1349 1459 legere
1360 1422 1385 1449 A
1399 1421 1477 1450 ledere
1495 1423 1554 1459 (sed
1563 1422 1607 1461 glo
1620 1435 1641 1452 s.
1658 1424 1820 1463 “furari'')

1301 1461 1327 1495 ψ
1340 1461 1431 1489 laea'ere

1199 1508 1233 1538 ¹9
1254 1500 1439 1538 imperantem
1451 1502 1476 1528 A
1487 1505 1688 1538 intemperantem

1195 1549 1231 1568 22
1252 1549 1423 1577 exponemus
1438 1542 1462 1569 A
1473 1549 1637 1579 cxpugncmus

1196 1588 1231 1615 27
1254 1579 1478 1608 commovebitur
1492 1581 1517 1614 ψ
1527 1581 1744 1611 commovebuntur

1196 1620 1231 1647 28
1252 1619 1389 1647 auditoris
1404 1619 1514 1647 animus
1533 1621 1557 1647 A
1574 1621 1601 1648 G
1618 1621 1642 1648 L
1664 1621 1822 1652 auditoribus

1303 1659 1327 1686 R
1343 1660 1445 1685 auditor
1458 1659 1484 1691 ψ
1498 1661 1625 1688 auditores

1197 1707 1211 1735 3
1219 1707 1232 1734 3
1256 1697 1307 1726 sint
1319 1697 1347 1724 G
1360 1698 1384 1725 R
1391 1699 1446 1734 fin!
1460 1701 1611 1727 incommoda

1198 1737 1235 1774 36
1257 1746 1375 1774 quorum
1393 1738 1418 1765 A
1434 1737 1459 1764 d.

1196 1786 1232 1813 37
1255 1777 1415 1814 potestatem
1433 1779 1458 1805 A
1468 1780 1589 1815 potestate

1197 1818 1232 1853 38
1255 1816 1350 1844 nostris
1366 1817 1391 1844 A
1409 1815 1434 1851 ψ
1449 1819 1538 1854 nostrie
1549 1820 1671 1855 proximis

1196 1865 1234 1893 39
1254 1856 1360 1883 caeteris
1376 1856 1402 1883 A
1417 1865 1439 1883 et
1454 1860 1540 1884 efferii

1195 1905 1232 1931 42
1255 1896 1403 1923 solitudine
1420 1897 1445 1923 A
1458 1895 1485 1923 G
1501 1897 1695 1933 dasblicitudine

1218 1945 1227 1963 1
1255 1935 1346 1963 sumus
1362 1935 1496 1972 quimue

1215 1985 1229 2012 3
1256 1975 1344 2002 fatum
1359 1975 1494 2012 defatium

1213 2024 1233 2051 4
1252 2023 1455 2051 conqueremur
1471 2015 1495 2041 A
1511 2026 1680 2053 conqueremus

1217 2063 1227 2083 1
1253 2053 1463 2088 conscripfimus
1477 2054 1502 2087 ψ
1515 2055 1717 2093 rratyertpfimus

1216 2103 1230 2122 2
1254 2103 1283 2122 tu
1301 2095 1327 2121 A
1345 2093 1371 2121 G
1391 2094 1414 2121 R
1430 2096 1456 2121 d.

1193 2148 1233 2156 —
1253 2133 1338 2162 fueris
1359 2133 1520 2161 consecutus
1544 2134 1568 2161 A
1593 2134 1638 2161 vel
1647 2133 1758 2171 perh-Ha
1776 2136 1823 2164 vel

1297 2174 1533 2210 desertptasuerint
1545 2173 1572 2200 G
1577 2174 1668 2208 fueris
1677 2175 1817 2210 consecutus

1299 2221 1324 2240 et
1339 2213 1464 2248 nobiscum
1475 2220 1500 2240 et
1505 2220 1564 2248 stne·
1574 2213 1642 2240 nobis
1656 2214 1817 2249 eonstderabis

1298 2252 1321 2279 L
1337 2260 1362 2280 el
1375 2254 1497 2290 nobiscum
1512 2259 1535 2279 et
1546 2253 1604 2289 sine
1622 2254 1690 2281 nobis
1709 2255 1815 2292 confide·

1298 2293 1368 2319 rabis

1214 2342 1228 2369 3
1252 2331 1365 2359 scicntia
1381 2332 1406 2359 A
1420 2332 1568 2366 anfi-imma

1215 2375 1230 2400 8
1252 2373 1389 2407 reliquun.
1405 2371 1430 2404 ψ
1443 2371 1580 2406 pet-malum

1195 2419 1231 2440 10
1251 2419 1348 2438 caetera
1362 2410 1386 2437 R
1401 2411 1455 2438 alia

1197 2459 1225 2478 11
1254 2458 1283 2478 ut
1297 2448 1325 2477 G
1341 2450 1364 2477 L
1380 2450 1404 2483 ψ
1417 2458 1444 2478 a!
1460 2449 1490 2476 id

1197 2498 1230 2519 12
1253 2489 1370 2518 facimus
1386 2489 1545 2528 xpsaeiemus
