2335 3009
643 236 737 275 AD
798 236 868 287 Q
915 235 1283 276 FRATREM
1341 237 1474 281 ΜΒ.
1527 240 1560 277 1.
1779 255 1800 294 3

405 335 749 391 pertimescimus:
782 350 870 388 quae
903 334 1069 388 perszepe
1102 335 1387 388 sapientifiimiS
1420 337 1513 374 viris
1543 336 1798 381 acciderunt;

406 412 465 447 ut,
495 401 834 454 quemadmodum
866 401 1146 453 gubernatores
1177 402 1322 453 optimi
1353 402 1433 440 vim
1466 402 1718 454 tempestatis,
1750 404 1800 439 [ω

404 468 468 507 illi
501 467 669 508 fortunae
706 469 917 520 impetum,
959 468 1134 520 superare
1170 481 1249 505 non
1284 467 1448 520 possent.
1497 470 1593 506 Ti'm
1629 469 1714 507 tiata
1748 468 1801 506 est

405 535 559 574 summa
578 549 666 588 pax,
686 535 838 573 summa
859 534 1146 586 tranquillitas:
1171 535 1224 572 ita
1246 543 1390 579 tamen,
1411 544 1452 572 ut
1475 548 1516 571 ea
1537 535 1800 574 dormientem

404 601 708 654 gubernatorem
729 600 790 638 vel
811 600 990 644 obruere,
1022 600 1254 653 vigilantem
1285 601 1404 638 etiam
1434 601 1637 646 dele-ctare,
1670 601 1798 653 poffit.

405 667 570 705 Constat
598 667 708 705 enim
739 679 782 703 ea
813 666 1016 719 provincia
1050 666 1227 718 primum
1261 679 1307 704 ex
1343 679 1388 703 eo
1419 680 1559 718 genere
1589 666 1799 711 sociorum,

404 732 512 785 quod
532 731 586 771 est
606 746 653 771 ex
673 731 887 772 hominum
907 731 1018 770 omni
1038 745 1179 783 genere
1199 730 1525 770 humaniffimum
1543 747 1552 771 :
1585 731 1726 770 deinde
1755 746 1802 771 ex

405 811 452 836 eo
480 811 620 850 genere
649 798 814 843 civium,
846 798 917 849 qui
944 806 1010 836 aut
1039 796 1146 849 quod
1176 797 1381 849 publicani
1411 797 1515 842 sunt,
1548 810 1617 836 nos
1651 797 1804 839 summa

406 863 685 902 neceffitudine
720 864 952 915 attingunt;
995 872 1061 900 aut
1089 863 1196 915 quod
1228 863 1282 900 ita
1312 863 1577 915 negotiantur,
1610 873 1654 901 ut
1687 864 1802 902 locu-

405 929 530 982 pletes
563 930 652 975 suit,
685 928 805 968 nostri
839 928 1065 969 consulatus
1087 927 1280 966 beneficio
1301 928 1337 966 se
1371 929 1593 968 incolumes
1623 929 1803 968 fortunas

403 994 548 1035 habere
566 995 820 1034 arbitrantur.

462 1060 518 1098 ΙΙ.
551 1061 606 1099 At
637 1060 746 1098 enim
780 1060 883 1098 inter
917 1057 989 1096 hos
1020 1057 1123 1111 ipsos
1153 1057 1326 1097 existunt
1353 1071 1488 1111 graves
1515 1058 1800 1106 controverfiae,

405 1123 542 1163 multae
563 1124 776 1163 nascuntur
804 1124 972 1176 injuriae,
1004 1137 1155 1176 magnae
1183 1124 1459 1162 contentiones
1489 1123 1801 1177 consequuntur.

406 1190 525 1241 Qafi
546 1203 637 1228 vero
656 1203 730 1242 ego
751 1189 790 1227 id
813 1198 966 1241 putem,
998 1202 1078 1227 non
1102 1198 1138 1226 te
1158 1189 1408 1241 aliquantum
1429 1191 1580 1241 negotii
1602 1190 1800 1230 sustinere.

403 1255 595 1307 Intelligo
615 1267 877 1307 permagnum
905 1253 979 1291 effe
1006 1254 1228 1305 negotium,
1259 1263 1299 1291 et
1328 1255 1494 1292 maximi
1523 1255 1704 1294 confilii:
1737 1257 1802 1294 sed

403 1330 621 1365 memento,
666 1319 819 1358 confilii
855 1332 918 1357 me
950 1317 1029 1357 hoc
1070 1318 1277 1370 negotium
1316 1318 1389 1357 effe
1423 1319 1548 1370 magis
1583 1320 1801 1372 aliquanto,

404 1399 524 1439 quam
544 1384 729 1430 fortunae,
761 1393 911 1437 putare.
959 1383 1070 1436 Qid
1097 1384 1151 1421 est
1170 1384 1278 1421 enim
1300 1385 1465 1436 negotii,
1490 1375 1700 1424 'continere
1721 1400 1801 1433 eos,

403 1453 550 1506 quibus
571 1452 714 1506 praefis,
746 1452 772 1490 fi
793 1460 832 1490 te
851 1451 932 1505 ipse
953 1451 1188 1490 contineas?
1220 1450 1267 1490 Id
1298 1461 1430 1489 autem
1463 1452 1509 1490 fit
1541 1466 1731 1505 magnum
1763 1464 1803 1493 et

403 1519 567 1558 difficile
587 1519 752 1563 caeteris,
774 1517 873 1556 ficut
892 1517 946 1556 est
966 1516 1274 1556 difficillimum:
1300 1517 1375 1555 tibi
1395 1526 1434 1555 et
1454 1516 1533 1556 fuit
1554 1517 1630 1557 hoc
1651 1519 1802 1572 semper

403 1583 660 1629 facillimum,
681 1593 720 1622 et
740 1597 831 1622 vero
850 1583 924 1622 effe
945 1583 1102 1629 debuit,
1126 1584 1239 1636 cujus
1261 1592 1398 1621 natura
1418 1583 1506 1622 talis
1528 1584 1595 1630 est,
1618 1595 1662 1623 ut
1682 1586 1802 1624 etiam

404 1651 482 1690 fine
502 1651 679 1689 doetrina
698 1650 875 1688 videatur
895 1649 1094 1689 moderata
1112 1649 1184 1687 effe
1205 1638 1392 1702 potuisse,
1415 1663 1458 1688 ea
1477 1660 1608 1690 autem
1626 1650 1803 1690 adhibita

404 1717 580 1756 doctrina
613 1716 681 1762 est,
712 1730 798 1769 quae
830 1716 891 1755 vel
925 1715 1207 1754 vitiofiffimam
1242 1725 1421 1754 naturam
1455 1716 1634 1754 attollere
1668 1718 1798 1771 poffit.

404 1783 472 1822 Tu
492 1796 587 1821 cum
608 1783 799 1836 pecuniae,
831 1795 923 1820 cum
945 1781 1155 1834 voluptati,
1187 1794 1280 1819 cum
1307 1781 1491 1819 omnium
1523 1795 1651 1820 rerum
1682 1783 1800 1835 cupi-

402 1849 533 1894 ditati,
565 1849 722 1895 refistes,
747 1858 791 1887 ut
811 1847 937 1893 facis;
969 1848 1057 1892 erit,
1080 1847 1212 1892 credo,
1235 1847 1474 1900 periculum,
1499 1861 1548 1886 ne
1569 1848 1800 1900 improbum

403 1915 705 1968 negotiatorem,
732 1914 850 1968 paulo
870 1912 1116 1967 cupidiorem
1139 1913 1415 1966 publicanum,
1437 1914 1699 1966 comprimere
1721 1929 1801 1954 non

403 1981 533 2035 poffis.
566 1982 674 2021 Nam
697 1982 827 2020 Graeci
848 1979 1011 2033 quidem
1032 1980 1082 2018 s1c
1104 1989 1140 2018 te
1161 1981 1216 2018 ita
1236 1981 1433 2019 viventem
1456 1981 1732 2026 intuebuntur,
1757 1991 1802 2020 ut

402 2047 600 2099 quendam
621 2062 668 2087 ex
698 2048 902 2086 annalium
931 2047 1136 2092 memoria,
1169 2056 1234 2085 aut
1262 2047 1383 2084 etiam
1414 2046 1461 2084 de
1491 2046 1587 2085 caelo
1618 2047 1801 2087 divinum

403 2112 608 2152 hominem
644 2113 716 2152 effe
751 2114 792 2152 in
826 2113 1073 2167 provinciam
1106 2113 1309 2166 delapsum
1345 2121 1500 2166 putent.
1552 2113 1687 2165 Atque
1718 2112 1801 2153 liaec

405 2193 511 2218 nunc
532 2193 612 2218 non
634 2189 678 2218 ut
698 2179 832 2225 facias,
864 2178 928 2218 sed
958 2188 1002 2217 ut
1027 2188 1065 2217 te
1084 2177 1211 2216 facere
1231 2188 1270 2216 et
1291 2177 1421 2216 fecisse
1441 2178 1622 2231 gaudeas,
1655 2179 1797 2218 scribo.

404 2244 638 2284 Praeclarum
661 2244 713 2282 est
733 2245 857 2290 enim,
890 2244 1044 2282 summo
1066 2257 1158 2282 cum
1179 2244 1348 2296 imperio
1369 2242 1481 2282 fuiffe
1502 2245 1542 2281 in
1565 2243 1652 2281 Afia
1674 2245 1797 2282 trien-

404 2311 533 2355 nium,
551 2311 601 2349 fic
623 2320 666 2349 ut
684 2310 841 2349 nullum
860 2319 897 2349 te
914 2310 1085 2363 fignum,
1104 2310 1215 2348 nulla
1234 2310 1399 2362 piCtura,
1419 2309 1576 2348 nullum
1593 2323 1672 2355 vas,
1692 2311 1802 2348 nulla

404 2375 532 2420 vestis,
559 2376 718 2415 nullum
737 2377 1000 2429 mancipium,
1024 2375 1133 2414 nulla
1153 2375 1279 2414 forma
1300 2374 1548 2428 cujusquam,
1572 2375 1680 2414 nulla
1700 2390 1799 2414 con-

404 2441 505 2479 ditio
526 2442 700 2494 pecuniae
723 2443 887 2495 (quibus
909 2443 1025 2482 rebus
1047 2442 1219 2481 abundat
1240 2441 1309 2480 ista
1331 2441 1550 2495 provincia)
1574 2442 1620 2479 ab
1650 2442 1803 2480 summa

404 2507 630 2560 integritate
651 2508 975 2561 continentiaque
995 2508 1216 2549 deduxerit.
1255 2507 1366 2561 Qid
1386 2517 1518 2546 autem
1540 2509 1700 2562 reperiri
1721 2518 1801 2548 tam

1404 2575 1442 2612 A
1474 2586 1496 2613 2
