2241 2994
553 257 1398 297 PHILOSOPHORUM.

301 345 445 387 αἰὲιαφοεὲα
463 347 506 382 ab
530 347 602 395 ipso
625 347 762 382 dicitur.
806 347 886 382 Luc.
905 359 963 390 4²·

304 395 345 429 In
363 395 463 430 rebus
479 396 570 430 enim
589 395 642 437 iis,
668 395 702 430 in
727 395 857 442 quibus
881 395 965 430 nihil

303 444 400 489 quod
426 453 485 478 aut
508 443 686 478 honestum
711 453 772 477 aut
789 453 889 490 turpe
912 445 964 485 sit,

303 490 443 537 negavit
454 492 517 526 effe
530 492 636 526 ullam
650 491 783 526 causam
797 503 860 526 cur
872 491 965 526 aliud

303 538 360 572 alii
393 549 666 585 anteponeretur,
702 551 764 574 nec
798 540 885 575 inter
912 552 966 575 eas

301 598 353 621 res
382 587 575 634 quidquam
601 587 744 623 omnino
762 588 899 634 putavit
917 589 966 623 in-

301 635 425 670 tereffe.
450 636 487 670 de
499 636 603 671 Finib.
625 636 669 671 V.
692 639 724 671 8.
762 636 849 670 Vide
864 636 966 671 etiam

300 682 337 717 de
358 683 465 720 Finib.
496 683 543 719 11.
572 697 626 731 ¹3·
660 684 723 720 111.
757 697 790 730 3,
829 685 896 720 &c.
931 695 965 720 et

302 730 392 775 Offic.
413 733 438 768 1.
459 744 492 767 2.

352 779 430 814 Esse
465 791 577 815 tamen
611 780 792 827 quaedam,
834 781 964 828 quibus

302 838 499 864 commotus
533 829 661 876 sapiens
699 839 872 876 appeteret
905 831 964 865 ali-

302 876 402 922 quid,
429 877 525 923 quod
544 877 671 924 cuique
689 878 722 912 in
740 887 888 913 mentem
916 880 966 913 in-

302 924 440 968 cideret,
470 935 504 960 et
534 927 772 972 quodcunque
801 936 966 974 tanquam

301 983 505 1009 occurreret.
532 975 569 1009 de
585 974 690 1009 Finib.
709 974 771 1010 lv,
795 975 850 1010 16.

352 1021 452 1056 Nihil
469 1022 604 1058 differre
626 1023 718 1057 aliud
737 1023 780 1057 ab
799 1024 877 1065 alio,
905 1036 966 1059 nec

301 1069 366 1104 effe
379 1082 428 1105 res
446 1071 546 1112 ullas,
572 1081 698 1119 praeter
709 1071 853 1107 virtutes
869 1083 902 1107 et
915 1073 966 1107 vi-

303 1118 362 1159 tia,
391 1119 477 1154 inter
502 1131 587 1166 quas
611 1120 805 1167 quidquam
825 1123 967 1156 omnino

304 1165 480 1202 interesset.
507 1168 629 1203 deFin.
651 1168 712 1203 IV.
734 1179 786 1212 ¹7·

352 1216 484 1251 Praeter
497 1216 580 1251 vitia
597 1226 700 1264 atque
714 1216 870 1258 virtutes,
889 1218 966 1252 nul-

305 1263 373 1298 lam
395 1265 459 1299 effe
484 1277 553 1300 rem
585 1275 644 1300 aut
671 1263 885 1311 fugiendam,
911 1276 970 1301 aut

303 1313 540 1359 expetendam.
566 1313 603 1347 de
616 1313 722 1348 Finib.
743 1314 784 1347 V.
807 1325 863 1359 25.

353 1363 488 1396 Nocere
511 1362 729 1396 audientibus
748 1362 969 1410 philosophos

304 1421 374 1450 eos,
401 1410 462 1456 qui
487 1410 572 1445 bene
588 1410 679 1445 dieta
700 1411 788 1444 male
806 1411 967 1458 interpre-

305 1467 478 1493 tarentur:
522 1459 616 1506 posse
648 1459 739 1493 enim
779 1459 887 1494 asotos
925 1471 967 1494 ex

305 1506 488 1554 Aristippi,
516 1507 654 1542 acerbos
671 1519 689 1541 e
703 1508 852 1542 Zenonis
871 1507 964 1543 scho-

306 1555 338 1588 la
351 1555 453 1590 exire.
480 1555 516 1590 de
532 1555 619 1591 Nat.
638 1557 736 1591 Deor.
757 1555 820 1591 ΙΙΙ.
841 1567 891 1601 3¹-

502 1700 770 1735 BIAS.

401 1796 416 1831 Ι
432 1797 498 1831 AS
523 1809 612 1832 unus
630 1809 648 1832 e
671 1796 795 1844 septem
814 1796 968 1844 sapienti-

415 1845 481 1879 bus
494 1845 632 1880 habitus
645 1845 702 1881 est.
745 1846 855 1891 Apud
872 1845 969 1879 Cice·

308 1905 424 1928 ronem
438 1903 551 1928 autem
565 1894 616 1928 his
628 1893 741 1928 verbis
756 1893 968 1939 reprehendi-

309 1952 384 1976 tur:
418 1942 565 1977 Nullam
596 1954 717 1976 vocem
745 1941 968 1976 inimiciorem

309 1990 468 2025 amicitiae
500 1991 644 2038 potuiffe
678 1989 826 2037 reperiri,
862 2001 968 2036 quam

308 2038 393 2086 ejus,
420 2039 480 2085 qui
508 2039 654 2081 dixisset,
681 2040 734 2073 Ita
758 2049 866 2072 amare
882 2048 972 2084 opor-

308 2096 385 2128 tere,
412 2098 447 2122 ut
462 2087 496 2131 fi
516 2087 683 2135 aliquando
705 2087 772 2134 efflet
795 2088 911 2132 osurus.
937 2086 974 2121 de

309 2138 471 2173 Amiciua.
495 2137 549 2172 16.

416 2281 866 2316 CALLIPHO.

403 2377 751 2413 ALLIPHONEM
792 2377 969 2424 reprehen-

424 2426 474 2460 dit
488 2426 624 2466 Cicero,
649 2426 736 2470 Offic.
754 2427 815 2461 111.
833 2439 890 2472 34.
909 2427 970 2473 qui

310 2475 562 2522 dirempturum
593 2473 623 2508 se
645 2474 807 2508 sedtarum
836 2485 970 2509 contro·

312 2524 451 2558 versiam
471 2532 663 2570 putaverat,
694 2522 718 2556 si
744 2535 824 2556 cum
856 2521 971 2558 hones-

1597 275 1675 315 413

1015 357 1083 383 tate
1116 349 1345 396 voluptatem,
1396 359 1560 396 tanquam
1595 363 1675 386 cum

1015 396 1153 431 homine
1194 398 1384 444 pecudem,
1427 398 1673 445 copulavisset:

1015 456 1215 491 quanquam
1230 446 1437 482 honestatem
1455 446 1500 481 slc
1516 447 1564 481 est
1581 459 1675 482 com-

1016 493 1151 538 plexus,
1189 503 1228 527 ut
1262 494 1389 536 omnia,
1428 506 1509 542 quae
1542 495 1609 530 sine
1638 507 1676 531 ea

1016 540 1092 581 sint,
1110 540 1211 587 longe
1227 551 1261 575 et
1280 552 1368 577 retro
1385 544 1543 589 ponenda
1559 544 1675 580 censu-

1015 588 1089 623 erit.
1136 591 1216 623 Hoc
1245 589 1351 635 igitur
1379 602 1488 625 unum
1511 590 1583 637 ejus
1602 605 1678 639 per·

1017 646 1162 684 petuurn
1179 637 1354 672 decretum
1372 637 1462 673 fuit:
1483 641 1543 675 Ad
1561 641 1678 676 hones·

1015 694 1118 719 tatem
1136 684 1277 732 adjungi
1306 686 1523 734 voluptatem
1540 700 1679 736 oporte-

1015 745 1059 768 re.
1072 733 1144 768 vide
1151 733 1188 768 de
1200 734 1306 769 Finib.
1322 735 1369 770 ΙΙ.
1384 747 1425 769 11.
1437 744 1471 770 et
1483 736 1527 770 V.
1542 739 1573 771 8.
1588 738 1675 782 fust.

1014 782 1057 816 V.
1076 793 1135 828 29,
1155 793 1212 828 30.
1229 783 1282 816 ubi
1291 783 1499 828 omniumfere
1506 785 1680 830 sententias

1013 829 1050 865 de
1070 831 1190 874 summo
1216 831 1292 866 bono
1318 840 1474 868 numerat.
1528 835 1678 882 Qiaera-

1015 890 1107 920 mus,
1138 878 1263 925 inquit,
1295 891 1578 928 unamquamque
1603 882 1678 918 reli-

1015 938 1167 973 quorum
1184 927 1391 970 sententiam,
1419 929 1443 963 fi
1462 930 1533 964 fieri
1557 932 1678 978 potest,

1016 985 1055 1009 ut
1073 974 1137 1009 hoc
1155 976 1360 1022 praeclarum
1383 977 1477 1024 quasi
1503 978 1679 1015 decretum

1017 1023 1125 1058 beata:
1142 1024 1224 1059 vita:
1250 1026 1350 1071 poffit
1373 1026 1530 1061 omnium
1552 1027 1679 1063 senten-

1015 1072 1070 1106 tiis
1093 1082 1127 1106 et
1151 1072 1337 1120 disciplinis
1362 1075 1554 1110 convenire.
1594 1077 1682 1112 Sunt

1016 1131 1129 1154 autem
1154 1121 1208 1155 hae
1231 1121 1273 1156 de
1295 1122 1453 1164 Finibus,
1481 1132 1519 1158 ut
1543 1124 1680 1171 opinor,

1017 1178 1156 1204 retentae
1169 1168 1384 1217 defensaeque
1397 1170 1588 1207 sententiae:
1610 1173 1679 1219 pri-

1017 1229 1114 1252 mum
1149 1217 1317 1265 simplices
1359 1230 1532 1265 quatuor:
1578 1221 1680 1257 Nihil

1021 1265 1165 1307 bonum,
1191 1267 1251 1301 nisi
1270 1266 1460 1309 honestum,
1487 1278 1528 1303 ut
1550 1269 1677 1306 Stoici:

1019 1314 1118 1349 Nihil
1138 1315 1281 1356 bonum,
1308 1315 1367 1350 nisi
1387 1317 1613 1364 voluptatem,
1640 1327 1683 1354 ut

1018 1363 1215 1409 Epicurus:
1244 1363 1344 1398 Nihil
1370 1364 1514 1407 bonurn,
1542 1367 1601 1401 nis1
1620 1379 1678 1401 va-

1018 1411 1179 1445 cuitatem
1198 1411 1338 1454 doloris,
1365 1422 1404 1447 ut
1422 1413 1677 1461 Hieronymus:

1017 1459 1117 1494 Nihil
1145 1460 1288 1502 bonum,
1314 1461 1374 1495 nisi
1400 1471 1531 1497 naturae
1559 1463 1679 1510 primis

1018 1507 1117 1542 bonis
1151 1518 1210 1542 aut
1242 1508 1406 1544 omnibus
1433 1519 1492 1544 aut
1522 1511 1679 1547 maximis

1016 1554 1099 1598 frui,
1126 1565 1165 1590 ut
1191 1557 1380 1592 Carneades
1406 1567 1524 1593 contra
1545 1560 1680 1595 Stoicos

1016 1604 1206 1639 differebat.
1252 1605 1343 1640 Haec
1366 1605 1471 1652 igitur
1493 1607 1680 1654 simplicia:

1019 1652 1076 1686 illa
1094 1653 1200 1687 mista.
1245 1653 1333 1688 Tria
1348 1666 1470 1699 genera
1495 1655 1679 1698 bonorum,

1018 1701 1169 1735 maxima
1198 1701 1313 1742 animi,
1342 1701 1486 1737 secunda
1514 1705 1680 1751 corporis,

1018 1758 1155 1784 externa
1172 1750 1280 1791 tertia,
1301 1759 1340 1784 ut
1359 1750 1598 1797 Peripatetici;
1618 1764 1680 1788 nec

1019 1798 1133 1832 multo
1173 1807 1301 1832 veteres
1334 1799 1535 1834 Academici
1575 1801 1678 1836 secus.

1018 1846 1243 1892 Voluptatem
1266 1858 1347 1881 cum
1377 1847 1548 1882 honestate
1570 1849 1681 1884 Dino-

1018 1894 1160 1929 machus
1177 1903 1211 1929 et
1228 1894 1392 1942 Callipho
1408 1897 1597 1944 copulavit.
1625 1898 1680 1933 In-

1018 1942 1204 1977 dolentiam
1222 1952 1337 1978 autern
1356 1943 1519 1979 honestati
1543 1945 1680 1992 Peripa-

1017 1991 1140 2025 teticus
1174 1991 1352 2026 Diodorus
1385 1992 1552 2039 adjunxit.
1607 1994 1681 2030 Hae

1020 2039 1100 2074 sunt
1112 2039 1296 2082 sententiae‚
1323 2052 1405 2088 quae
1418 2041 1609 2077 stabilitatis
1621 2043 1681 2078 ali-

1021 2088 1108 2134 quid
1127 2088 1293 2129 habeant·,
1311 2101 1390 2124 nam
1401 2090 1582 2133 Aristonis,
1600 2093 1680 2137 Pyr-

1022 2137 1155 2179 rhonis,
1198 2136 1345 2180 Herilli,
1388 2138 1682 2186 nonullorumque

1022 2185 1167 2220 aliorum
1184 2196 1407 2221 evanuerunt.

1080 2330 1618 2366 CLITOMACHUS.

1108 2425 1471 2469 LITOMACHUS,
1510 2426 1615 2463 homo
1647 2437 1682 2463 et

1132 2486 1266 2517 acutus,
1293 2484 1333 2509 ut
1353 2475 1498 2517 Poenus,
1523 2485 1557 2510 et
1582 2477 1682 2511 valde

1021 2522 1188 2558 studiosus
1207 2534 1244 2557 ac
1265 2522 1423 2569 diligens,
1451 2523 1556 2571 usque
1575 2525 1618 2559 ad
1634 2524 1681 2560 se·
