2241 2994
522 228 601 273 ³32

522 310 618 346 dedit
633 319 697 346 tres
721 309 817 346 libros
840 311 878 346 de
903 311 1036 348 Natura
1054 312 1194 347 Deorum

523 368 554 394 et
569 358 643 394 duos
659 360 696 394 de
724 361 942 403 Divinatione,
968 370 1004 395 et
1033 370 1196 408 praeterea

522 407 679 454 dialogum
720 408 757 443 de
798 409 966 450 διηεὲῖιιιι,
1013 418 1053 444 ut
1094 418 1193 456 puto.

525 455 702 512 Qamvis
727 456 821 491 enim
839 467 916 492 ante
930 457 1026 492 libros
1043 457 1078 492 de
1095 459 1194 492 Divi-

525 507 652 539 natione
678 505 718 540 sit
739 504 897 552 lcriptus,
924 515 963 541 ut
982 505 1194 553 prooemium

525 552 583 588 lib.
604 553 649 588 Il.
676 553 848 588 ostendit:
877 563 990 588 tamen
1018 553 1084 589 hoc
1107 565 1197 588 anno

524 613 606 636 eum
624 602 668 637 ad
692 602 853 637 Atticum
879 602 1016 637 miffum
1036 601 1195 642 arbitror,

526 661 609 685 cum
628 649 656 685 is
673 650 827 686 timidior
841 668 870 685 v
872 667 929 686 am.
931 649 1195 697 mquibusdam

526 709 816 741 commoveretur,
841 708 873 733 et
900 667 1022 733 Cicero
1047 698 1195 733 seneelu-

526 756 596 781 tem
630 756 886 788 contemneret·,
923 750 972 792 epi
1000 774 1007 782 .
1042 758 1098 794 23.
1139 746 1194 781 lib.

526 794 628 830 XVI.
673 795 788 829 Famil.
854 796 948 830 Ante
982 795 1066 830 Idus
1107 794 1198 830 Maii

526 843 693 890 scriptum
720 842 819 878 fuiss'e
844 843 1063 891 cognoscitur
1088 853 1198 879 extre·

526 903 587 927 mo
604 891 658 925 lib
679 892 780 927 XIV.
807 893 890 937 epst.
914 891 960 926 ad
975 894 1048 928 An.

578 940 712 975 Eodem
747 950 903 995 tempore
935 941 1071 983 Cicero,
1114 951 1197 975 cum

527 999 646 1024 omnes
664 989 887 1036 cogitationes
910 988 1010 1024 suas
1003 1001 1035 1024 in
1053 1000 1197 1024 concor-

527 1037 585 1071 dia
601 1036 732 1072 civium
758 1037 887 1072 defixas
917 1037 1067 1080 haberet,
1094 1047 1199 1091 atque

527 1086 698 1126 omnium,
739 1085 842 1120 etiam
876 1085 1036 1129 Antonii,
1080 1085 1197 1120 amici·

526 1134 611 1168 tiam
637 1134 779 1168 retinere
802 1133 915 1174 vellet,
941 1134 1024 1180 epist.
1054 1145 1112 1180 23.
1140 1133 1196 1170 lib.

526 1182 629 1217 XVI.
655 1181 769 1217 famil.
806 1181 935 1230 scripslt
961 1183 1108 1226 Laelium,
1123 1183 1199 1226 five

528 1230 565 1266 de
583 1232 744 1266 Amicitia.

580 1280 706 1314 Rornae
725 1278 860 1314 interim
878 1291 898 1314 a
921 1278 1122 1314 consulibus
1141 1279 1198 1314 M.

529 1327 689 1363 Antonio
704 1337 738 1362 et
756 1328 796 1363 P.
816 1329 1012 1371 Dolabella,
1039 1328 1099 1382 qui
1119 1328 1198 1363 Cae-

471 1398 474 1401 -
529 1375 608 1411 saris
626 1376 742 1411 locum
761 1386 909 1424 ceperat,
940 1388 1050 1412 uncus
1069 1377 1198 1423 impac-

455 1448 457 1450 -
529 1435 585 1460 tus
602 1424 650 1460 est
666 1423 820 1472 fugitivo
836 1425 899 1468 illi,
925 1425 987 1472 qui
1005 1425 1039 1460 in
1057 1425 1098 1460 C.
1120 1424 1198 1459 Ma-

530 1473 569 1508 rii
589 1485 712 1508 nomen
730 1473 907 1515 invaserat,
932 1484 967 1509 et
992 1473 1027 1508 in
1051 1472 1202 1508 Liviana

529 1499 987 1630 {3¹32Jffl>-.‘³1³15l¹-2.
995 1521 1199 1614 ,022²ng

665 1583 697 1605 ια
776 1583 787 1604 ι
964 1588 1039 1615 (aia-t
1159 1587 1199 1605 u-

521 1627 602 1664 ·Δὲμι
597 1618 659 1657 ’ω
698 1631 717 1653 a
748 1618 885 1654 Valerio
915 1619 1014 1654 Max.
1047 1619 1099 1654 lib.
1132 1619 1198 1654 IX.

529 1677 588 1713 cap
621 1668 672 1702 16.
703 1667 919 1714 Herophilus
949 1667 1110 1721 equarius
1129 1679 1197 1702 me-

529 1716 643 1759 dicus,
660 1716 798 1752 dicitur.
835 1716 891 1751 De
908 1715 1010 1764 hujus
1028 1715 1200 1770 supplicio

530 1743 643 1800 Attici
661 1764 771 1799 literas
798 1765 921 1801 Cicero
948 1776 1079 1812 accepit
1102 1777 1197 1800 xvii.

530 1813 676 1848 Kalend.
707 1813 810 1853 Maii
834 1813 919 1860 epist.
952 1816 984 1849 8.
1012 1813 1067 1850 lib.
1095 1814 1197 1848 XIV.

529 1863 576 1896 ad
603 1864 674 1898 Ate.
726 1862 847 1897 Mente
881 1863 997 1909 Aprili
1030 1872 1065 1898 et
1098 1862 1200 1897 Maio

531 1911 707 1945 Antonius
725 1911 858 1945 ltaliam
877 1911 1107 1958 percurlavit3
1128 1912 1199 1946 Do-

532 1959 667 2014 labella,
706 1958 840 1994 ablente
873 1960 1020 2007 collega,
1060 1959 1199 1995 bustum

532 2008 564 2042 in
582 2006 659 2043 foro
675 2008 808 2048 evertit,
839 2008 955 2053 Philip.
977 2010 1020 2044 ll.
1048 2018 1116 2054 cap.
1137 2020 1196 2050 42.

532 2056 635 2090 Plebs
675 2056 766 2090 enini
813 2055 953 2091 lolidam
999 2057 1198 2091 columnam

531 2116 640 2152 prope
669 2116 728 2139 xx.
763 2106 891 2151 pedum
919 2105 1042 2152 lapidis
1072 2106 1199 2140 Numi-

531 2155 597 2187 ‹lici
627 2155 659 2187 in
679 2153 756 2187 foro
780 2155 812 2187 in
842 2153 942 2188 busto
969 2154 1111 2188 Caei'aris
1138 2154 1199 2188 sta-

533 2212 654 2242 tuerat,
695 2212 728 2236 et
764 2201 983 2248 inleriplerat‚
1024 2203 1061 2237 l.
1066 2215 1195 2237 Unci-111

532 2262 574 2284 ΡΑ
584 2261 716 2285 rain-2:
747 2260 851 2296 atque
873 2252 964 2306 apud
991 2251 1132 2286 eandem
1153 2257 1198 2286 ί.-ι

530 2300 621 2333 crili
617 2300 719 2340 nbat,
740 2309 820 2333 vota
839 2298 1050 2346 sulci1iebat‚
1069 2311 1100 2334 et
1119 2312 1199 2334 con-

531 2347 706 2382 troversias
725 2347 888 2399 quasdam
917 2349 1114 2395 interpolito
1141 2361 1200 2394 pti·

530 2396 698 2430 cat-sarem
728 2408 801 2442 Jurt
788 2395 953 2443 ejurando
982 2397 1199 2439 distrahebat,

529 2455 568 2481 ut
586 2447 770 2481 Suetonius
796 2448 829 2480 in
851 2446 927 2491 Caes.
946 2455 1015 2492 cap
1037 2447 1094 2493 85.
1123 2445 1199 2482 scri-

832 217 900 259 Μ.
957 219 1013 259 Τ.
1068 216 1603 258 CICERONIS

1245 311 1307 346 bit.
1346 310 1418 346 Dio
1443 310 1497 346 lib.
1525 310 1663 346 XLIV.
1700 314 1790 355 anglor
1817 306 1917 344 fuisse

1245 362 1303 401 ait,
1330 361 1372 395 ad
1391 371 1496 407 quam
1517 359 1643 394 Caesari
1662 358 1760 405 plebs
1789 357 1914 392 sacrifi-

1245 408 1298 444 cia
1327 407 1452 444 fecerit.
1504 411 1578 443 Ara
1604 409 1800 443 nominatur
1826 416 1913 453 quo-

1245 469 1314 503 que
1331 457 1414 503 epist.
1435 469 1466 492 2.
1484 456 1540 491 lib.
1558 457 1623 491 Xl.
1650 455 1763 491 famil.
1792 455 1917 489 Cicero

1246 506 1444 540 columnam
1465 514 1578 547 vocat,
1604 515 1710 551 quam
1730 502 1917 538 Dolabella

1247 553 1392 595 sustulit,
1419 563 1452 587 et
1470 553 1624 587 homines
1642 551 1825 593 seditiosos,
1852 550 1914 598 qui

1245 602 1340 636 illam
1355 601 1563 636 eversionem
1584 600 1724 654 indigne
1748 598 1915 641 ferebant,

1244 649 1370 696 partim
1403 649 1436 684 in
1470 660 1608 684 crucem
1637 648 1723 695 egit,
1761 648 1846 683 alios
1874 647 1919 682 de

1245 697 1324 733 saxo
1340 697 1474 745 dejecit,
1501 698 1586 744 epist.
1609 707 1662 742 17.
1681 696 1737 732 lib.
1756 697 1856 731 XIV.
1875 694 1921 730 ad

1245 747 1318 782 Au.
1345 757 1380 782 et
1405 747 1546 801 Philqu).
1566 747 1594 782 I.
1621 755 1688 792 cap.
1708 755 1742 780 2.
1786 743 1916 780 Memi-

1249 796 1299 830 nit
1324 794 1473 842 ejusdem
1503 795 1547 830 rei
1573 793 1779 830 Laetantius
1804 793 1857 828 lib.

1247 853 1316 889 cap.
1341 856 1395 889 15.
1423 843 1484 878 ubi
1511 843 1570 885 ait,
1596 842 1816 878 Dolabellam
1838 843 1918 877 Cae-

1248 892 1326 927 saris
1357 892 1570 934 columnam,
1612 891 1647 926 id
1679 891 1727 926 est
1761 890 1917 932 titulum,

1246 941 1409 975 evertiffe.
1460 941 1516 976 De
1535 940 1599 975 hoc
1617 938 1709 974 facio
1725 939 1920 986 gratulatur

1246 989 1369 1024 Cicero
1385 988 1582 1024 Dolabellae
1599 987 1743 1029 consuli,
1756 988 1841 1033 epist.
1861 999 1917 1030 ¹4·

1246 1037 1301 1072 lib.
1321 1038 1385 1072 IX.
1405 1037 1522 1072 Fan-il.

1297 1086 1340 1121 C.
1370 1084 1552 1127 OCkavius,
1577 1084 1639 1132 qui
1666 1083 1825 1131 deinceps
1854 1083 1918 1119 im·

1246 1134 1380 1182 perium
1406 1136 1515 1170 tenuit
1539 1144 1573 1170 et
1597 1133 1780 1186 Augustus
1804 1133 1920 1168 dietus

1246 1182 1307 1225 est,
1342 1194 1424 1218 curn
1455 1182 1584 1225 Caesar,
1618 1194 1691 1228 ejus
1722 1182 1919 1217 avunculus

1248 1243 1418 1279 magnus,
1469 1232 1597 1267 Romae
1652 1230 1918 1273 interficeretur,

1249 1280 1454 1328 Apolloniae
1499 1289 1581 1315 erat.
1633 1279 1761 1314 Fmstus
1803 1289 1920 1314 autem

1249 1329 1373 1363 certior
1389 1329 1432 1364 de
1449 1328 1592 1363 Caesaris
1610 1328 1717 1369 caede,
1733 1329 1766 1362 in
1785 1328 1922 1363 Italiam

1249 1377 1378 1412 tranfiit
1411 1387 1446 1412 et
1485 1377 1670 1424 Neapolim
1706 1375 1801 1411 venit
1840 1388 1921 1412 xiv.

1249 1426 1395 1461 Kalend.
1427 1425 1529 1468 Maii,
1554 1427 1633 1471 epfi.
1664 1435 1716 1460 10.
1743 1425 1796 1460 lib.
1814 1424 1918 1460 XIV.

1249 1474 1295 1508 ad
1309 1477 1382 1510 Att.
1433 1474 1517 1509 Fuit
1537 1477 1640 1508 etiam
1666 1475 1735 1508 ruri
1761 1485 1842 1508 curn
1859 1473 1918 1508 Ci-

1248 1534 1370 1558 cerone
1387 1522 1636 1571 perhonorifice
1653 1532 1686 1556 et
1704 1523 1823 1562 amice,
1836 1521 1919 1568 epist.

1250 1571 1842 1673 zffsreffffss‘sssstssfflff‘zffe'ssgessss‘.
1857 1582 1921 1655 35:

1248 1679 1370 1716 ceptus
1387 1668 1447 1704 est.
1499 1669 1601 1703 Adiit
1624 1678 1698 1703 tum
1718 1669 1919 1703 invidiosam

1247 1718 1390 1753 Caesaris
1423 1717 1655 1759 hereditatem,
1693 1718 1854 1763 quamvis
1884 1717 1919 1751 id

1249 1778 1360 1813 neque
1376 1765 1474 1801 Atiae
1493 1768 1606 1808 matri,
1633 1777 1744 1813 neque
1761 1765 1804 1800 L.
1824 1766 1919 1800 Mar-

1249 1815 1304 1850 cio
1359 1814 1525 1862 Philippo
1576 1814 1699 1849 vitrico
1760 1814 1917 1861 placeret.

1250 1864 1361 1910 Qod
1380 1876 1461 1898 cum
1482 1863 1555 1898 aliis
1582 1862 1748 1898 historicis
1769 1863 1919 1897 Velleius

1250 1912 1304 1947 lib.
1325 1913 1368 1948 ll.
1396 1922 1466 1958 cap.
1489 1912 1547 1948 60.
1574 1922 1608 1947 et
1633 1911 1817 1947 Suetonius
1834 1913 1919 1958 Aug.

1250 1971 1318 2006 cap.
1342 1963 1373 1996 8.
1402 1961 1564 1996 scribunt.

1300 2010 1409 2045 Adita
1427 2009 1610 2045 hereditate
1625 2008 1778 2049 Caesaris,
1796 2020 1920 2043 nomen

1249 2070 1393 2105 quoque
1418 2057 1491 2104 ejus
1522 2057 1614 2097 tulit.
1641 2069 1794 2104 cumque
1823 2058 1919 2105 prius

1250 2109 1292 2142 C.
1324 2108 1492 2141 ociavius
1532 2106 1776 2146 nominaretur,
1823 2106 1918 2140 dein·

1250 2167 1313 2202 ce}
1317 2168 1330 2189 s
1362 2158 1402 2190 C.
1423 2155 1540 2200 Julius
1563 2155 1677 2189 Cael'ar
1705 2156 1738 2189 O
1741 2154 1920 2190 &avianus

1249 2205 1291 2239 ‹le
1316 2215 1409 2238 inore
1437 2204 1550 2238 elifius
1577 2203 1634 2238 est.
1689 2206 1919 2250 Qiamquam

1252 2253 1304 2287 lex
1324 2253 1453 2287 curiata
1478 2253 1520 2287 de
1538 2252 1722 2299 adoptione
1739 2264 1813 2298 clus
1829 2263 1923 2286 anno

1251 2302 1391 2336 deinum
1417 2301 1586 2353 sequente
1614 2313 1694 2336 cum
1715 2313 1782 2343 lam
1800 2300 1920 2336 consul

1249 2351 1339 2391 elset,
1369 2351 1495 2396 perlata
1514 2349 1568 2383 fu
1554 2350 1628 2391 crit,
1649 2344 1786 2384 auclore
1806 2349 1921 2384 Dione

1249 2399 1304 2433 lib.
1343 2399 1479 2434 xlxi.
1523 2398 1639 2446 itaque
1675 2399 1798 2433 Cicero
1838 2409 1920 2432 eum

1250 2448 1356 2484 modo
1391 2448 1640 2492 Oelaviamuni,
1677 2447 1785 2484 modo
1814 2447 1920 2482 Oeta-
