2335 3009
718 243 1430 286 CONSULATUS

386 340 514 376 debent
539 348 600 375 tua
626 339 736 383 causa,
764 339 949 375 referendae
978 352 1054 388 gra-

387 390 471 431 tiae;
497 398 531 424 et
548 389 609 435 qui
628 389 767 431 volunt,
791 388 970 436 obligandi
989 388 1053 430 tui,

385 447 522 485 tempus
559 437 620 472 fibi
660 437 754 473 aliud
787 437 926 472 nullum
965 436 1050 472 fore.

385 486 501 520 Etiam
520 485 585 520 hoc
611 486 762 521 multum
787 486 926 520 videtur
952 484 1051 532 adju-

385 545 466 569 vare
495 534 586 581 posse
616 546 747 569 novum
777 534 964 576 hominem,
991 535 1052 570 ho-

384 582 519 617 minum
565 583 736 618 nobilium
786 583 970 624 voluntas,
1020 593 1055 618 et

384 632 534 666 maxime
575 631 828 667 Consularium.
886 631 1050 673 Prodest,

384 691 536 727 quorum
571 680 604 715 in
639 681 757 715 locum
798 692 837 715 ac
868 692 1049 715 numerum

383 729 560 776 pervenire
588 729 686 771 velis,
725 729 768 763 ab
799 729 850 763 his
881 729 960 776 ipsis
991 729 1051 764 illo

384 777 463 812 loco
492 789 530 812 ac
561 789 705 813 numero
742 777 889 824 dignum
926 779 1048 824 putari.

384 825 439 860 Hi
468 826 611 872 rogandi
627 837 746 861 omnes
764 825 842 861 sunt
857 826 1049 872 diligenter,

382 883 418 908 et
433 874 476 909 ad
491 886 550 909 eos
579 875 824 929 allegandum,
813 891 821 899 ·
850 874 1051 922 persuaden-

383 923 539 969 dumque
568 923 616 958 est
643 924 696 966 iis,
722 935 783 958 nos
813 924 943 971 semper
969 934 1051 958 curn

383 971 611 1026 optimatibus
637 972 681 1007 de
707 971 885 1020 republica
901 971 1051 1014 senfiffe3

385 1020 526 1055 minime
555 1021 738 1068 populares
766 1019 889 1062 fuiffe3
916 1021 940 1055 fi
966 1021 1054 1068 quid

384 1069 493 1103 locuti
511 1070 724 1116 populariter
741 1069 912 1111 videmur,
936 1069 971 1104 id
990 1081 1053 1104 nos

383 1129 427 1152 eo
456 1118 597 1152 consilio
629 1117 754 1159 fecisse,
790 1127 831 1153 ut
861 1118 960 1153 nobis
986 1119 1052 1153 Cn.

384 1166 594 1212 Pompeium
608 1165 888 1213 adjungeremus;
908 1176 947 1201 ut
959 1178 1052 1208 eum,

384 1214 447 1262 qui
465 1215 663 1268 plurimum
675 1215 795 1262 posset,
822 1224 882 1249 aut
901 1215 1052 1249 amicum

386 1263 419 1297 in
439 1263 550 1298 nostra
568 1263 732 1310 petitione
752 1263 966 1304 haberemus,
993 1274 1053 1298 aut

384 1321 475 1347 certe
499 1323 567 1346 non
595 1311 833 1346 adversarium.
885 1312 1055 1346 Praeterea

383 1360 610 1395 adolescentes
636 1360 767 1395 nobiles
784 1360 922 1394 elabora
938 1370 978 1394 ut
997 1360 1054 1394 ha-

385 1409 478 1451 beas,
513 1409 630 1443 velut
656 1418 767 1444 teneas
795 1408 960 1443 studiosos
990 1409 1053 1450 tui,

412 1469 474 1492 uos
494 1456 595 1492 habes
611 1471 619 1491 :
639 1457 790 1492 multum
808 1456 985 1504 dignitatis
1003 1457 1053 1491 af-

383 1469 505 1542 ‘flerent
556 1505 731 1541 Plurimos
761 1505 886 1540 habes:
916 1506 1052 1553 perfice,

386 1565 427 1590 ut
453 1554 570 1596 sciant,
606 1564 778 1601 quantum
806 1553 841 1588 in
871 1553 923 1588 his
954 1564 1053 1601 putes

383 1604 460 1638 effe.
510 1603 544 1638 Si
565 1603 757 1644 adduxeris,
785 1612 824 1637 ut
840 1602 876 1644 ii,
904 1604 965 1650 qui
984 1615 1052 1638 non

386 1652 522 1694 nolunt,
550 1651 717 1699 cupiant3
752 1651 945 1700 plurimum
974 1651 1052 1700 qui-

376 1700 464 1736 dem
482 1701 682 1748 proderunt.

436 1749 481 1784 Il.
508 1750 564 1783 Ac
579 1749 730 1784 multum
747 1748 849 1783 etiam
865 1749 1052 1783 novitatem

385 1806 483 1833 tuam
501 1796 655 1844 adjuvat,
681 1797 778 1844 quod
799 1796 964 1844 ejusmodi
989 1809 1050 1832 no—

387 1846 471 1882 biles
501 1856 616 1881 tecum
644 1856 780 1893 petunt,
806 1856 846 1880 ut
872 1857 972 1880 nemo
999 1845 1050 1887 sit,

385 1895 449 1942 qui
467 1896 589 1930 audeat
605 1895 728 1936 dicere,
755 1895 834 1941 plus
860 1894 926 1929 illis
952 1894 1050 1929 nobi-

386 1943 529 1987 litatem,
555 1955 661 1991 quam
688 1943 753 1978 tibi
772 1943 947 1986 virtutem,
974 1955 1051 1990 pro-

385 1992 474 2028 dem:
501 2002 669 2041 oportere.
713 1993 792 2037 Jam
824 1992 862 2026 P.
902 1992 1051 2026 Galbam

381 2050 419 2077 et
437 2041 482 2077 L.
501 2042 666 2084 Casfium,
691 2040 826 2075 summo
847 2041 924 2075 loco
943 2050 1051 2080 natos,

383 2088 464 2136 quis
496 2089 556 2133 est,
597 2089 660 2137 qui
688 2100 805 2144 'petere
836 2089 1051 2124 consulatum

384 2139 517 2185 putet?
553 2138 657 2173 Vides
688 2138 804 2186 igitur,
843 2137 1052 2184 amplissimis

383 2198 429 2221 ex
445 2185 583 2222 familiis
602 2187 767 2230 homines,
792 2187 877 2233 quia
893 2187 961 2221 fine
978 2198 1049 2220 ner-

387 2235 440 2270 vis
467 2234 556 2276 sunt,
582 2235 644 2270 tibi
664 2247 760 2289 pares
786 2247 854 2270 non
879 2235 954 2270 effe.
1001 2236 1052 2270 At

387 2284 563 2318 Antonius
584 2292 619 2317 et
641 2283 791 2319 Catilina
808 2283 938 2319 molesti
963 2282 1049 2318 sunt.

388 2332 465 2367 Imo
483 2330 612 2366 homini
629 2343 730 2374 navo,
749 2332 927 2374 industrio,
955 2332 1050 2366 inno-

384 2379 490 2423 centi,
527 2379 662 2422 diserto,
697 2380 843 2427 gratioso
873 2381 965 2428 apud
993 2391 1051 2415 eos

385 2429 449 2477 qui
476 2440 527 2464 res
551 2409 722 2475 judicant,
747 2429 891 2476 optandi
913 2439 1052 2475 compe-

385 2478 514 2514 titores.
559 2478 680 2514 Ambo
709 2488 728 2513 a
757 2477 902 2526 pueritia
933 2476 1051 2519 sicarii,

1695 262 1774 305 227

1104 340 1208 376 ambo
1250 341 1432 385 libidinosi,
1476 343 1579 379 ambo
1622 354 1768 390 egentes

1104 389 1237 424 Eorum
1277 391 1414 425 alterius
1451 393 1540 426 bona
1581 393 1769 440 prolcripta

1102 437 1279 480 vidimus3
1306 451 1427 474 vocem
1456 441 1605 492 denique
1635 441 1769 476 audivi-

1101 466 1351 532 musjtiraiitis,
1379 488 1408 521 se
1427 489 1551 523 Romae
1567 487 1702 535 judicio
1720 501 1768 524 ae-

1103 546 1176 581 quo
1206 547 1287 570 cum
1318 535 1454 570 homine
1482 537 1610 572 Graeco
1643 547 1770 572 certare

1105 595 1172 617 non
1203 584 1318 630 p0sse;
1345 595 1380 618 et
1408 596 1450 619 ex
1478 584 1592 620 senatu
1621 584 1768 632 ejec‘tum

1101 631 1237 667 scimus.
1291 632 1438 679 Optima
1472 645 1555 668 vero
1591 634 1769 669 censorum

1099 680 1346 715 existimatione
1369 693 1403 715 m
1428 690 1582 735 praetura
1602 683 1770 729 competi-

1101 737 1210 764 torem
1240 729 1438 771 habuimus,
1475 742 1585 765 amico
1615 731 1768 773 Sabidio,

1099 787 1134 811 et
1165 778 1358 818 Panthei-a·‚
1396 778 1494 825 quod
1528 779 1569 813 ad
1599 779 1767 822 tabulam,

1100 837 1190 872 quos
1207 836 1359 873 poneret,
1387 839 1454 862 non
1484 827 1642 862 habebat.
1681 829 1768 876 Qio

1100 882 1214 909 tamen
1233 887 1266 909 in
1284 874 1482 922 magistratu
1496 876 1652 917 amicam,
1662 888 1768 923 quam

1101 923 1216 970 palam
1238 923 1333 958 domi
1340 906 1509 978 cbaberet,
1535 924 1577 959 de
1603 925 1771 960 machinis

1101 971 1195 1006 emit.
1239 972 1278 1006 In
1297 971 1461 1020 petitione
1479 982 1592 1007 autem
1616 973 1769 1008 consula-

1104 1029 1172 1062 tus,
1215 1032 1390 1067 cauponas
1427 1033 1545 1055 omnes
1583 1022 1771 1069 compilare

1102 1080 1163 1115 per
1178 1069 1405 1116 turpiffimam
1417 1069 1621 1116 legationem
1635 1071 1769 1113 maluit,

1102 1129 1209 1163 quam
1238 1118 1357 1158 adesse,
1383 1128 1417 1152 et
1446 1119 1580 1166 populo
1610 1120 1770 1154 Romano

1104 1165 1302 1212 supplicare.
1335 1166 1437 1202 Alter
1470 1179 1564 1209 vero,
1590 1167 1638 1201 dii
1673 1167 1769 1209 boni,

1102 1226 1175 1261 quo
1193 1215 1370 1262 splendore
1385 1215 1454 1249 est!
1485 1215 1644 1250 Primum
1671 1216 1769 1251 nobi-

1103 1263 1197 1297 litate
1229 1264 1356 1298 eadem.
1405 1264 1505 1298 Num
1541 1263 1667 1312 majore
1701 1265 1770 1299 vir

1104 1321 1202 1346 tute.
1196 1312 1208 1336 Ρ
1238 1312 1335 1353 Νοη,
1362 1311 1415 1346 sed
1434 1313 1586 1348 audacia.
1632 1314 1769 1361 Quam-

1104 1360 1224 1394 obrem
1246 1361 1258 1394 ?
1300 1360 1397 1404 Quia
1414 1361 1591 1395 Antonius
1608 1363 1769 1396 umbram

1105 1408 1197 1442 suam
1216 1409 1357 1443 metuit:
1380 1408 1434 1443 hic
1448 1420 1490 1443 ne
1506 1409 1596 1456 leges
1613 1410 1769 1457 quidem,

1103 1466 1202 1491 natus
1231 1456 1264 1491 in
1291 1457 1397 1504 patris
1423 1457 1579 1504 egestate,
1603 1459 1770 1494 educatus

1102 1504 1136 1539 in
1162 1504 1283 1542 sororis
1304 1505 1441 1553 stupris,
1469 1506 1709 1558 corroboratus
1736 1508 1769 1542 in

1102 1554 1198 1588 caede
1229 1554 1386 1595 civium·‚
1427 1553 1526 1601 cujus
1560 1555 1692 1603 primus
1727 1557 1769 1590 ad

1102 1603 1354 1650 rempublicam
1384 1604 1496 1638 aditus
1528 1603 1562 1638 in
1591 1604 1769 1651 equitibus

1103 1651 1271 1686 Romanis
1287 1652 1483 1686 occidendis
1502 1650 1580 1687 fuit.
1617 1654 1712 1688 Nam
1729 1653 1769 1687 il-

1102 1699 1156 1741 lis,
1183 1712 1272 1747 quos
1299 1699 1530 1743 meminimus,
1556 1701 1681 1744 Gallis,
1706 1702 1770 1748 qui

1101 1758 1177 1783 tum
1208 1748 1436 1790 Titiniorum,
1466 1758 1505 1783 ac
1536 1749 1768 1793 Nanniorum,

1102 1808 1140 1831 ac
1164 1797 1409 1838 Tanusiorum,
1437 1798 1550 1844 capita
1573 1798 1769 1842 demebant,

1102 1845 1196 1891 Sylla
1214 1857 1323 1880 unum
1341 1845 1525 1880 Catilinam
1545 1845 1744 1893 praefecerat
1756 1865 1770 1890 ἦ

1102 1893 1136 1928 ἱη
1159 1894 1288 1941 quibus
1307 1893 1363 1928 ille
1386 1894 1560 1929 hominem
1581 1896 1769 1950 optimum,

1102 1943 1152 1989 Q
1174 1942 1372 1984 Caecilium,
1398 1942 1518 1978 sororis
1546 1943 1614 1978 suae
1641 1944 1771 1987 virum,

1101 1990 1253 2038 equitem
1273 1992 1485 2033 Romanum,
1502 1993 1673 2028 nullarum
1693 2005 1769 2041 par-

1102 2040 1204 2094 tium,
1238 2050 1319 2074 cum
1339 2039 1483 2092 {emper
1518 2051 1651 2083 natura,
1694 2051 1770 2077 tum

1100 2087 1203 2123 etiam
1221 2097 1321 2122 aetate
1332 2100 1405 2134 Jam
1422 2089 1595 2136 quietum,
1614 2090 1680 2125 iuis
1697 2101 1768 2126 ma·

1101 2137 1203 2171 nibus
1220 2136 1358 2171 occidit.

1152 2185 1213 2220 111.
1242 2185 1343 2232 Qid
1359 2197 1425 2232 ego
1449 2196 1539 2220 nunc
1557 2186 1683 2228 dicam,
1709 2197 1768 2233 pe·

1102 2243 1170 2269 tere
1187 2245 1267 2269 cum
1285 2245 1326 2268 eo
1341 2245 1373 2268 te
1385 2233 1614 2276 consulatum,
1628 2234 1690 2281 qui
1707 2235 1770 2271 ho·

1103 2283 1230 2318 minem
1253 2283 1458 2317 carissimum
1473 2282 1612 2335 populo
1639 2284 1770 2318 Roma·

1104 2343 1161 2373 no,
1189 2333 1242 2365 M.
1276 2330 1444 2371 Marium,
1472 2329 1677 2377 inspectante
1706 2344 1768 2379 po-

1102 2381 1188 2426 pulo
1223 2380 1396 2419 Romano,
1437 2377 1542 2425 virgis
1572 2391 1632 2426 per
1662 2388 1770 2416 totam

1103 2428 1224 2462 urbem
1247 2426 1432 2467 ceciderit,
1459 2427 1502 2461 ad
1527 2427 1665 2462 bustum
1692 2440 1768 2475 ege-

1103 2477 1171 2511 tit·
1166 2503 1175 2518 ,
1228 2476 1274 2510 ibi
1319 2474 1414 2509 omni
1457 2475 1613 2512 cruciatu
1647 2476 1769 2513 vivum

1338 2564 1470 2608 Ffa
