2335 3009
536 255 612 298 182

533 345 824 401 vituperabimus‚
851 355 912 381 aut
938 345 1062 382 merito
1083 345 1206 389 facere,

563 396 634 432 uod
664 395 711 430 ita
729 395 862 430 tractati
889 395 1018 430 simus:
1047 404 1107 430 aut
1136 395 1206 430 stu-

535 406 607 487 ilio,
634 444 732 492 quod
762 443 846 479 utile
870 454 1034 498 putemus
1061 444 1137 485 effe,
1163 444 1207 478 ab

534 493 700 529 omnibus
730 493 868 528 unicam
904 492 1070 528 malitiam
1103 501 1206 539 atque

536 542 727 590 nequitiam
774 541 962 596 cognosci:
1007 551 1068 576 aut
1107 541 1206 587 quod

535 591 672 640 placeat
696 590 841 632 ostendi,
868 589 954 636 quid
973 590 1073 625 nobis
1091 589 1207 637 displi-

536 649 624 683 ceat,
671 651 712 675 ex
755 639 902 675 aliorum
945 638 1207 686 vituperatione.

536 689 600 726 Ab
629 687 702 736 ejus
732 688 886 736 persona,
912 687 955 722 de
984 699 1058 735 quo
1087 687 1208 734 loque-

538 750 643 780 mur3
680 737 705 772 fi
739 737 971 779 laudabimus,
1009 748 1116 770 vereri
1147 747 1209 770 nos

536 787 705 828 dicemus,
719 796 758 822 ut
777 785 868 821 illius
886 785 976 820 facta
992 784 1106 827 verbis
1125 796 1209 819 con-

538 835 632 883 sequi
666 836 855 890 poffimus:
900 845 1020 869 omnes
1053 833 1210 868 homines

537 884 632 920 illius
651 884 794 919 virtutes
811 882 1000 938 praedicare
1028 891 1207 930 oportere:

538 932 610 982 ipsa
624 932 716 968 facta
731 933 890 968 omnium
906 931 1129 968 laudatorum
1139 931 1209 965 elo-

538 982 716 1030 quentiam
747 981 883 1016 anteire.
936 981 972 1016 Si
999 979 1211 1028 vituperabi-

538 1043 632 1073 mus,
658 1043 709 1073 ea,
735 1042 817 1078 quae
849 1029 1045 1065 videbimus
1075 1039 1211 1064 contra-

539 1079 602 1121 ria,
621 1079 739 1127 paucis
757 1078 871 1114 verbis
889 1077 1123 1119 commutatis,
1142 1077 1211 1112 dici

538 1129 646 1176 poss'e,
689 1128 866 1163 dicemus:
912 1137 953 1162 ut
995 1127 1102 1174 paulo
1135 1135 1212 1160 ante

538 1176 688 1224 exempli
718 1175 818 1211 causa
851 1175 1122 1210 demonstratum
1150 1173 1209 1209 est.

540 1225 603 1261 Ab
622 1225 820 1260 auditorum
838 1223 992 1272 persona,
1013 1224 1037 1258 fi
1056 1222 1211 1258 laudabi-

540 1287 632 1317 mus,
659 1273 827 1321 quoniam
854 1285 923 1308 non
949 1273 1044 1319 apud
1074 1273 1211 1320 ignotos

540 1323 736 1364 laudemus,
791 1333 856 1357 nos
899 1321 1062 1357 monendi
1085 1302 1213 1356 ¹”causa

540 1384 653 1427 pauca
676 1372 740 1407 effe
764 1371 943 1406 dicturos:
971 1380 1032 1405 aut
1057 1369 1082 1405 fi
1111 1379 1213 1404 erunt

543 1420 666 1469 ignoti,
694 1430 734 1455 ut
752 1419 854 1454 talem
873 1419 987 1454 virum
1006 1419 1113 1454 velint
1130 1430 1212 1465 cog-

542 1469 690 1511 noscere,
711 1478 889 1516 petemus·
919 1468 1085 1515 quoniam
1104 1468 1139 1502 in
1156 1479 1214 1502 eo·

543 1518 623 1554 dem
657 1517 797 1552 virtutis
840 1517 953 1552 studio
998 1517 1077 1559 sint,
1116 1516 1215 1572 *apud

543 1579 634 1615 quos
652 1567 846 1609 laudemus,
872 1578 945 1613 quo
968 1565 1036 1607 ille,
1063 1567 1125 1612 qui
1142 1566 1215 1601 lau-

543 1617 658 1659 datur,
685 1614 801 1658 fuerit,
828 1625 888 1650 aut
918 1616 969 1656 fit,
997 1614 1126 1662 sperare
1153 1627 1214 1650 nos

543 1663 644 1700 facile
676 1665 726 1704 iis,
753 1643 886 1711 qtiibus
913 1663 1076 1704 velimus,
1113 1662 1215 1717 hujus

543 1712 634 1749 faEta
652 1713 870 1768 probaturos.
923 1712 1104 1748 Contraria
1122 1713 1214 1747 vitu-

544 1762 699 1810 peratio:
740 1761 907 1815 quoniam
943 1761 1068 1802 norint,
1106 1773 1216 1808 pauca

545 1811 588 1846 de
608 1810 758 1858 nequitia
775 1823 848 1858 ejus
868 1823 929 1846 nos
946 1811 1010 1844 effe
1039 1810 1216 1847 dicturos.

546 1873 631 1908 quo
623 1861 643 1895 l
664 1861 685 1895 li
707 1861 876 1907 ignorent,
903 1869 1060 1907 petemus
1079 1869 1118 1894 ut
1135 1871 1217 1906 cog-

547 1909 698 1951 nolcant,
738 1909 788 1945 uti
810 1909 974 1944 malitiam
1006 1919 1114 1944 Vitare
1145 1908 1218 1955 pol-

547 1959 638 1994 sint:
666 1957 832 2004 quoniam
862 1957 1035 1992 diffimiles
1055 1957 1131 1998 sint,
1158 1957 1220 2004 qui

549 2007 708 2049 audiunt,
735 2017 838 2054 atque
866 2006 934 2048 ille,
960 2006 1021 2053 qui
1049 2006 1220 2053 vitupera—

550 2066 619 2098 tur,
647 2068 708 2090 nos
740 2055 867 2102 sperare
887 2055 976 2090 illius
996 2054 1103 2089 vitam
1123 2055 1221 2090 vehe-

550 2116 680 2140 menter
711 2104 979 2151 improbaturus.
1026 2104 1087 2138 Ab
1119 2105 1220 2139 rebus

551 2154 642 2202 ipsis,
685 2154 828 2190 incertos
858 2154 934 2194 esse,
973 2153 1059 2199 quid
1093 2153 1217 2199 potiffi-

550 2215 648 2239 mum
684 2203 888 2238 laudemus:
930 2202 1035 2237 vereri
1065 2215 1138 2243 nos,
1167 2214 1219 2243 ne,

550 2265 631 2288 cum
652 2253 761 2287 multa
779 2251 978 2292 dixerimus,
1007 2252 1107 2297 plura
1134 2263 1220 2298 pra:-

551 2311 744 2341 tert-amus,
773 2310 806 2335 ct
830 2312 912 2347 qua:
945 2300 1066 2336 similes
1095 2299 1221 2335 lenten-

551 2350 613 2386 tias
652 2349 852 2386 habebunt:
894 2350 1024 2396 quibus
1056 2349 1223 2384 lementiis

551 2412 649 2435 coni
654 2411 721 2434 .ιῐι.ι
767 2399 945 2435 {uniuntur
987 2411 1007 2433 a
1051 2398 1223 2446 vitupera·

553 2448 654 2484 tione.

603 2497 683 2533 Vll.
712 2496 890 2545 Principio
919 2497 1063 2534 trassato
1089 2495 1133 2532 ab
1160 2496 1221 2532 ali-

844 253 1660 295 RHETORICORUMv

1257 358 1328 394 qua
1346 345 1481 390 harum,
1508 358 1594 394 quas
1613 355 1690 382 ante
1712 357 1924 383 commemo-

1258 407 1423 437 ravtmus,
1461 406 1646 438 rationum,
1678 406 1826 430 narratio
1855 408 1924 431 non

1257 443 1321 479 erit
1338 444 1422 486 ulla,
1447 456 1529 491 quae
1544 444 1724 479 necess'ario
1740 444 1925 491 consequa-

1258 502 1335 535 tur:
1365 493 1419 528 sed
1437 493 1461 528 fi
1479 505 1550 539 qua
1568 492 1736 534 inciderit,
1763 504 1845 528 curn
1863 493 1925 527 ali-

1255 541 1354 588 quod
1375 540 1508 576 faCtum
1523 540 1609 588 ejuS,
1636 541 1679 576 de
1704 553 1779 589 quo
1805 543 1926 588 loque-

1257 602 1350 632 mur,
1394 590 1494 625 nobis
1529 590 1736 625 narrandum
1769 589 1812 625 fit
1844 602 1926 625 cum

1258 639 1360 673 laude
1386 648 1446 673 aut
1470 638 1736 685 vituperatione,
1772 650 1927 686 praecep·

1259 688 1308 722 tio
1323 687 1479 722 narrandi
1499 687 1542 722 de
1559 686 1674 735 primo
1690 686 1781 722 libro
1799 697 1926 735 repete·

1260 745 1328 771 tur.
1372 735 1552 771 Divifione
1572 736 1635 771 hac
1659 745 1808 771 utemur.
1851 736 1927 771 Pri-

1256 796 1318 824 mo
1333 796 1562 839 exponemus,
1580 796 1667 832 quas
1687 796 1738 820 res
1755 784 1928 820 laudaturi

1259 833 1390 875 sumus,
1417 843 1477 868 aut
1499 832 1737 881 vituperaturi.
1780 833 1928 874 Deinde,

1259 891 1300 918 ut
1331 894 1496 930 quaeque,
1527 894 1645 929 quove
1673 892 1840 929 tempore,
1878 894 1929 917 res

1259 931 1324 966 erit
1362 931 1466 978 gesta,
1508 930 1628 967 ordine
1661 930 1828 973 dicemus,
1875 940 1929 974 ut,

1262 979 1362 1028 quid,
1412 991 1591 1027 quamque
1633 989 1708 1014 tute
1747 990 1929 1027 cauteque,

1261 1029 1381 1076 egerit,
1408 1028 1630 1083 intelligatur.
1673 1028 1740 1062 Sed
1759 1040 1931 1082 exponere

1261 1059 1438 1124 oportebit
1455 1076 1559 1111 animi
1584 1076 1729 1111 virtutes
1748 1086 1808 1111 aut
1832 1075 1929 1113 vitia.

1260 1125 1397 1160 Deinde
1419 1124 1605 1160 commoda
1627 1134 1688 1160 aut
1710 1125 1932 1161 incommoda

1261 1173 1411 1222 coporis,
1454 1184 1514 1209 aut
1549 1185 1663 1209 rerum
1700 1183 1932 1217 externarum,

1262 1222 1444 1271 quomodo
1469 1222 1514 1259 ab
1541 1222 1659 1258 animo
1686 1222 1829 1258 tractata
1853 1223 1932 1265 fint,

1262 1271 1502 1308 demonstrare.
1550 1271 1720 1308 Ordinem
1751 1271 1845 1307 hunc
1873 1272 1933 1306 ad-

1261 1321 1378 1356 hibere
1407 1320 1442 1356 in
1475 1320 1738 1356 demonstranda
1769 1320 1844 1356 vita
1876 1321 1936 1356 de-

1263 1369 1396 1405 bemus.
1428 1369 1491 1405 Ab
1503 1369 1650 1405 externis
1669 1370 1790 1405 rebus:
1811 1381 1934 1417 genus,

1265 1419 1299 1454 in
1322 1418 1436 1461 laude,
1462 1419 1592 1466 quibus
1619 1417 1809 1466 majoribus
1833 1429 1935 1454 natus

1265 1467 1305 1503 stt
1321 1482 1328 1502 :
1357 1467 1383 1502 s1
1402 1467 1495 1503 bono
1513 1479 1645 1515 genere,
1664 1478 1781 1515 parem
1800 1477 1860 1502 aut
1875 1479 1935 1502 ex-

1265 1516 1439 1553 celsiorem
1458 1515 1577 1552 fuiffe:
1605 1516 1631 1551 fi
1655 1515 1778 1552 humili
1801 1527 1935 1563 genere,

1266 1565 1378 1612 ipsum
1411 1566 1445 1601 in
1477 1565 1555 1608 suis,
1594 1577 1663 1600 non
1699 1564 1732 1600 in
1763 1563 1937 1611 majorum

1264 1615 1454 1650 virtutibus
1473 1613 1626 1650 habuisse
1642 1614 1854 1661 praefidium.
1895 1614 1935 1648 In

1264 1663 1528 1710 vituperatione,
1556 1663 1579 1698 si
1599 1663 1692 1698 bono
1718 1675 1851 1710 genere,
1878 1663 1937 1698 de-

1264 1713 1379 1748 decori
1409 1711 1598 1759 majoribus
1627 1711 1751 1747 fuisse:
1782 1712 1803 1746 fi
1834 1711 1938 1753 malo,

1267 1772 1380 1797 tamen
1407 1761 1457 1796 his
1486 1761 1566 1809 ipsis
1594 1760 1800 1796 detrimento
1826 1759 1936 1795 fuisse.

1266 1810 1456 1853 Educatio,
1493 1811 1526 1845 in
1559 1809 1671 1850 laude,
1704 1809 1788 1844 bene
1815 1820 1848 1844 et
1877 1810 1938 1844 1101

1269 1859 1372 1900 neste,
1401 1859 1433 1894 in
1453 1858 1552 1894 bonis
1574 1858 1762 1906 disciplinis
1781 1871 1841 1906 per
1862 1870 1936 1893 om·

1271 1920 1347 1943 nem
1376 1908 1558 1956 pueritiam
1579 1908 1765 1943 educatum
1787 1908 1873 1942 effe:
1904 1907 1938 1941 in

1270 1957 1567 2004 vituperatione,e
1584 1956 1764 1992 contrario.
1804 1957 1940 1992 Deinde

1273 2007 1410 2042 transire
1433 2016 1570 2054 oportet
1588 2007 1630 2041 ad
1659 2005 1813 2053 corporis
1842 2018 1939 2040 com-

1272 2055 1385 2092 moda.
1431 2058 1466 2090 A
1486 2066 1618 2098 natura,
1645 2054 1678 2089 in
1703 2055 1828 2089 laude:
1859 2055 1880 2088 si
1901 2055 1942 2090 sit

1272 2104 1421 2151 dignitas
1449 2115 1552 2151 atque
1568 2102 1692 2145 forma,
1720 2103 1812 2138 laudi
1843 2101 1942 2138 fuiffe

1269 2166 1344 2189 eam
1359 2169 1370 2193 ·,
1398 2165 1465 2189 non
1480 2154 1777 2200 quemadmodum
1795 2152 1940 2195 caetcr‘ts,

1270 2201 1476 2237 detrimento
1488 2212 1592 2249 atque
1605 2202 1782 2237 dedecori:
1800 2201 1823 2236 fi
1839 2202 1940 2243 vires,

1271 2261 1375 2298 atque
1409 2251 1573 2286 velocitas
1598 2251 1759 2298 egregi-13
1796 2250 1941 2286 honestis

1271 2299 1574 2335 exercitationibus
1595 2311 1629 2335 et
1655 2299 1827 2335 industriis
1850 2299 1941 2335 dice-

1276 2361 1352 2384 mus
1381 2359 1600 2395 compannta:
1631 2350 1653 2384 si
1677 2349 1841 2383 valetudo
1867 2361 1941 2396 per-

1275 2408 1403 2445 petuat,
1445 2398 1624 2445 diligentia
1656 2408 1690 2433 et
1720 2398 1943 2444 temperantia

1271 2447 1515 2493 cupiditatum.
1561 2448 1600 2482 ln
1628 2448 1889 2494 vituperatione.
1919 2447 1940 2482 fi

1270 2507 1371 2533 ertmt
1387 2497 1462 2533 haec
1476 2496 1631 2545 corporis
1643 2495 1841 2538 commoda,
1854 2495 1942 2532 malo
