2335 3009
565 296 649 338 ,234

573 389 732 428 pateant:
758 389 872 428 neque
897 377 1034 415 foribus
1060 379 1171 415 solum
1196 392 1242 415 ae-

573 429 673 465 dium
695 438 848 471 tuarum,
874 427 929 464 sed
953 430 1056 464 etiam
1082 429 1184 464 vultu
1210 438 1245 464 et

573 477 701 521 fronte,
727 489 809 526 quae
824 477 874 512 est
891 477 996 513 animi
1006 477 1135 526 janua;
1162 489 1245 526 quse

575 527 598 562 fi
627 525 808 574 fignificat,
844 526 1062 562 voluntatem
1092 526 1245 562 abditam

574 575 640 612 effe
657 587 696 611 ac
722 574 898 618 retrusam,
925 575 1022 624 parvi
1044 574 1159 618 refert,
1185 587 1245 623 pa-

575 634 646 660 tere
673 623 812 661 ostium.
853 624 1028 660 Homines
1056 624 1148 659 enim
1178 636 1248 659 non

576 673 684 710 modo
701 672 858 722 promitti
873 673 948 717 fibi,
960 672 1147 722 praesertim
1165 684 1247 719 quae

576 732 598 758 a
637 721 833 758 Candidato
874 732 1004 770 petant,
1047 721 1102 757 sed
1145 722 1248 756 etiam

577 771 672 819 large
709 781 812 819 atque
854 770 1042 806 honorifice
1078 769 1249 818 promitti,

578 821 715 856 volunt.
759 821 880 869 Qare
898 820 964 855 hoc
982 819 1125 867 quidem
1148 817 1250 854 facile

577 879 796 918 praeceptum
823 869 885 912 est,
911 878 952 904 ut

578 918 635 961 fis,
647 917 681 952 id
698 918 865 966 significes
878 927 912 952 te
921 917 1067 952 studiose
1084 928 1122 952 ac
1141 917 1249 952 liben-

577 976 631 1002 ter
647 967 712 1001 effe
726 967 902 1002 facturum
916 981 924 1002 :
954 966 1041 1002 illud
1057 965 1248 1008 difficilius,

579 1025 614 1051 et
632 1016 740 1063 magis
756 1017 798 1051 ad
816 1026 966 1064 tempus,
992 1013 1100 1063 quam
1125 1015 1166 1050 ad
1191 1027 1250 1050 na-

578 1073 694 1100 turam
711 1065 1013 1100 accommodatum
1030 1073 1139 1106 tuam,
1153 1063 1251 1111 quod

579 1112 691 1148 facere
723 1126 793 1149 non
825 1115 942 1162 poffis,
968 1122 1009 1148 ut
1038 1112 1072 1147 id
1095 1111 1252 1160 jucunde

580 1173 703 1209 neges:
733 1174 884 1210 quorum
913 1162 1059 1197 alterum
1086 1161 1133 1196 est
1169 1160 1250 1196 boni

579 1210 671 1253 viri;
690 1211 836 1246 alterum
855 1209 937 1246 boni
954 1209 1121 1257 petitoris.
1143 1209 1250 1252 Nam,

580 1271 663 1295 cum
681 1259 716 1295 id
731 1257 874 1308 petitur,
898 1259 994 1307 quod
1014 1257 1164 1302 honeste,
1191 1268 1251 1294 aut

574 1309 648 1345 sine
668 1309 875 1344 detrimento
900 1308 1026 1350 nostro,
1052 1307 1252 1356 promittere

580 1369 649 1393 non
675 1357 878 1406 possumus;
904 1369 978 1404 quo
999 1357 1106 1392 modo
1125 1357 1146 1392 fi
1170 1355 1249 1404 quis

581 1417 691 1454 roget,
716 1416 757 1442 ut
779 1417 899 1442 contra
920 1406 1072 1441 amicum
1096 1405 1249 1453 aliquam

580 1455 714 1491 causam
745 1455 974 1503 recipiamus;
1006 1454 1095 1490 belle
1123 1466 1249 1501 negan-

581 1505 666 1539 dum
693 1504 764 1547 est3
793 1513 832 1539 ut
860 1503 1014 1539 ostendas
1039 1502 1250 1538 neceffitudi-

583 1565 659 1589 nem
672 1571 682 1596 ·,
696 1552 1032 1600 demonstres,quam
1048 1552 1185 1587 moleste
1202 1550 1252 1586 fe-

573 1607 660 1645 'ras-,
686 1602 760 1637 aliis
790 1612 822 1637 te
847 1601 881 1637 id
912 1601 1014 1637 rebus
1037 1600 1251 1643 exsarturum

580 1652 656 1693 effe,
681 1651 891 1699 persuadeas.

631 1700 715 1736 XII.
743 1699 893 1742 Audivi,
918 1698 984 1735 hoc
1001 1698 1112 1734 dicere
1129 1710 1251 1746 quem-

583 1750 662 1785 dam
683 1748 726 1784 de
748 1748 956 1796 quibusdam
973 1748 1182 1791 oratoribus,
1207 1748 1251 1784 ad

583 1811 672 1846 quos
690 1798 824 1834 causam
844 1797 936 1832 suam
954 1796 1146 1839 detulisset;
1175 1808 1250 1850 gra-

585 1849 706 1883 tiorem
733 1847 795 1883 fibi
821 1846 1011 1882 orationem
1037 1844 1136 1881 fuisse
1164 1858 1251 1892 ejus,

585 1897 645 1945 qui
664 1897 832 1944 negasset·,
861 1907 967 1942 quam
991 1895 1096 1937 illius,
1122 1895 1183 1942 qui
1202 1905 1250 1930 re-

585 1945 732 1993 cepiffet.
783 1944 840 1980 Sic
879 1943 1033 1979 homines
1067 1943 1180 1979 fronte
1219 1953 1255 1979 et

585 1994 738 2030 oratione
760 1992 882 2041 magis,
907 2005 1014 2040 quam
1034 1992 1106 2040 ipso
1128 1992 1253 2029 benefi-

585 2044 640 2079 cio
659 2055 774 2091 reque,
799 2042 996 2090 capiuntur.
1037 2041 1169 2077 Verum
1189 2041 1254 2076 hoc

587 2093 765 2140 probabile
786 2091 842 2126 cst.
891 2090 983 2126 Illud
1006 2090 1151 2125 alterum
1175 2089 1253 2125 sub-

586 2141 714 2177 durum
740 2140 802 2176 tibi
821 2139 953 2175 homini
975 2139 1156 2174 Platonico
1182 2139 1253 2174 sua-

586 2192 687 2233 dere·,
714 2190 766 2225 sed
792 2200 904 2224 tamen
922 2188 1068 2236 tempori
1085 2198 1148 2223 tuo
1171 2199 1251 2222 con-

588 2241 716 2276 sulam:
757 2238 887 2287 quibus
919 2237 1010 2273 enim
1047 2247 1078 2271 te
1113 2247 1254 2292 propter

588 2290 729 2337 aliquod
752 2287 908 2323 officium
932 2286 1180 2322 necessitudinis
1205 2284 1252 2320 vf-

588 2339 747 2375 futurum
770 2336 913 2384 negaris,
939 2346 1051 2371 tamen
1071 2335 1092 2369 ii
1117 2336 1255 2383 possunt

589 2390 649 2423 abs
673 2399 703 2423 tc
728 2385 852 2435 placati
877 2383 1041 2433 :equique
1063 2383 1256 2424 discedere-3

589 2437 717 2485 quibus
733 2446 845 2470 nutem
862 2434 989 2468 idcirco
1004 2433 1146 2481 negaris,
1160 2433 1256 2480 quod

590 2499 619 2522 tc
641 2486 841 2532 impeditum
860 2484 922 2518 csse
940 2483 1078 2526 dixeris,
1093 2491 1152 2516 aut
1170 2481 1252 2516 ami-

588 2547 708 2571 corum
745 2534 902 2581 negotiis,
944 2542 1002 2567 aut
1035 2529 1254 2581 gravioribus

984 868 1081 916 quod
1111 868 1255 905 asturus

913 283 1018 323 DE
1077 281 1623 322 PETITIONE

1293 379 1401 415 causis
1419 389 1496 414 ante
1513 377 1688 426 susceptis,
1715 378 1845 414 inimici
1861 378 1967 414 disce·

1293 429 1408 470 dunt·,
1435 428 1621 476 omnesque
1644 427 1709 463 hoc
1729 428 1849 463 animo
1875 427 1966 469 sunt,

1296 487 1336 513 ut
1366 476 1428 512 fibi
1459 488 1492 512 te
1523 477 1657 512 mentiri
1689 477 1824 518 malint,
1859 487 1968 525 quam

1296 538 1429 574 negare.
1462 527 1504 561 C.
1523 527 1641 567 Cotta,
1660 525 1693 560 in
1711 526 1900 562 ambitione
1916 537 1968 560 ar-

1295 574 1393 616 tifex,
1435 575 1546 610 dicere
1578 575 1720 618 solebat,
1763 575 1795 610 se
1828 585 1969 622 operam

1296 623 1404 664 suam,
1431 623 1548 671 quoad
1575 634 1644 657 non
1667 633 1788 659 contra
1812 623 1968 659 officium

1298 682 1488 720 rogaretur,
1531 671 1685 719 polliceri
1721 671 1825 707 solere
1856 671 1969 707 omni-

1299 721 1386 762 bus;
1415 721 1588 768 impertire
1606 720 1658 763 iis,
1685 721 1778 769 apud
1797 732 1888 768 quos
1904 732 1972 768 op·

1298 769 1382 805 time
1400 769 1483 818 poni
1502 770 1745 811 arbitraretur;
1773 769 1921 816 ideoque
1938 768 1971 805 se

1299 831 1421 866 negare
1439 819 1579 861 nemini,
1606 819 1702 866 quod
1722 818 1812 867 saepe
1833 818 1969 854 accide-

1298 878 1349 903 ret
1378 866 1490 910 causa,
1525 879 1588 902 cur
1622 869 1662 909 is,
1700 867 1757 903 cui
1790 867 1970 916 pollicitus

1297 917 1389 959 esset,
1417 929 1485 952 non
1503 926 1682 958 uteretur;
1711 916 1811 963 saepe,
1837 926 1879 951 ut
1901 915 1972 963 ipse

1299 966 1409 1014 magis
1425 966 1505 1001 esset
1521 977 1666 1008 vacuuS,
1681 977 1789 1013 quam
1806 965 1969 1012 putaffet:

1300 1026 1411 1062 neque
1427 1015 1521 1062 posse
1537 1014 1682 1049 domum
1698 1013 1773 1061 ejus
1789 1013 1973 1062 compleri,

1299 1064 1362 1110 qui
1391 1063 1636 1098 tantummodo
1660 1063 1834 1110 reciperet,
1860 1074 1969 1110 quan-

1302 1121 1378 1147 tum
1408 1111 1537 1147 videret
1567 1111 1599 1146 se
1624 1111 1722 1146 obire
1749 1111 1865 1159 posse:
1893 1113 1973 1147 calu

1301 1160 1386 1204 fieri,
1413 1171 1452 1196 ut
1470 1170 1616 1208 agantur
1638 1171 1690 1203 ea,
1717 1173 1801 1208 quae
1818 1172 1888 1196 non
1905 1173 1972 1208 pu-

1300 1209 1406 1251 taris·,
1433 1209 1503 1251 illa,
1530 1221 1612 1257 quae
1639 1209 1821 1244 credideris
1847 1209 1881 1244 in
1899 1221 1972 1244 ma-

1301 1258 1404 1294 nibus
1432 1259 1508 1301 effe,
1536 1269 1576 1293 ut
1593 1258 1709 1306 aliqua
1725 1258 1768 1294 de
1785 1257 1884 1294 causa
1900 1270 1971 1294 non

1301 1317 1469 1355 agantur:
1513 1307 1636 1342 deinde
1665 1307 1731 1343 esse
1761 1317 1972 1351 extremum,

1301 1366 1340 1391 ut
1379 1356 1540 1392 irascatur
1576 1356 1617 1399 is,
1655 1356 1711 1391 cui
1750 1356 1972 1391 mendacium

1298 1405 1435 1441 dixeris.
1487 1406 1542 1448 Id,
1568 1405 1593 1440 fi
1623 1405 1818 1453 promittas,
1853 1415 1888 1440 et
1918 1405 1971 1440 in-

1300 1464 1435 1490 certum
1452 1454 1512 1497 est,
1538 1464 1572 1489 et
1593 1453 1626 1489 in
1644 1453 1748 1495 diem,
1774 1464 1808 1489 et
1831 1453 1864 1489 in
1885 1466 1970 1502 pau-

1303 1503 1466 1539 cioribus.
1518 1503 1576 1538 Sin
1597 1512 1710 1537 autem
1730 1503 1764 1538 id
1783 1515 1910 1550 neges·,
1936 1512 1972 1539 et

1302 1562 1391 1586 certe
1417 1551 1598 1593 abalienes,
1623 1561 1658 1586 et
1684 1551 1809 1593 statim,
1834 1562 1868 1587 et
1892 1552 1971 1600 plu-

1304 1613 1364 1636 res.
1414 1601 1536 1637 Plures
1552 1600 1643 1636 enim
1661 1600 1775 1636 multo
1793 1599 1882 1643 sunt,
1908 1601 1973 1650 qui

1303 1659 1436 1698 rogant,
1456 1659 1495 1685 ut
1512 1650 1563 1685 uti
1581 1649 1681 1685 liceat
1697 1661 1802 1697 opera
1818 1649 1972 1693 alterius,

1299 1710 1406 1746 quam
1436 1698 1497 1746 qui
1516 1708 1668 1734 utantur.
1722 1699 1844 1747 Qare
1869 1699 1975 1734 satius

1299 1747 1359 1789 est,
1377 1759 1420 1783 ex
1439 1748 1478 1784 iis
1496 1747 1630 1795 aliquos
1647 1746 1836 1794 aliquando
1853 1747 1916 1783 tibi
1937 1747 1975 1783 in

1301 1795 1378 1832 foro
1397 1796 1503 1840 irasci,
1529 1807 1636 1844 quam
1658 1807 1778 1832 omnes
1804 1796 1973 1832 continuo

1301 1845 1422 1886 domi·‚
1448 1845 1636 1893 praesertim
1661 1856 1744 1881 cum
1770 1845 1884 1881 multo
1901 1857 1973 1880 ma-

1303 1893 1355 1942 gis
1373 1894 1556 1930 irascantur
1572 1893 1617 1937 ei,
1642 1893 1704 1942 qui
1727 1904 1838 1941 neget,
1863 1906 1973 1942 quam

1302 1944 1346 1987 ei,
1371 1956 1477 1991 quem
1506 1943 1644 1978 videant
1668 1942 1762 1991 justa
1785 1943 1884 1978 causa
1908 1943 1969 1978 im-

1305 1993 1475 2041 peditum,
1494 2002 1534 2027 ut
1550 1991 1672 2035 facere,
1687 1992 1783 2040 quod
1803 1993 1973 2039 promisit,

1304 2042 1437 2089 cupiat,
1462 2041 1486 2076 sl
1504 2041 1579 2077 ullo
1606 2041 1711 2076 modo
1786 2042 1847 2076 ffit.
1901 2043 1972 2085 Ac,

1305 2102 1346 2124 ne
1363 2091 1480 2125 videar
1496 2090 1659 2125 aberrasse
1688 2101 1707 2124 a
1759 2090 1974 2126 istributione

1303 2151 1390 2181 rnen,
1429 2139 1490 2187 qui
1526 2138 1600 2175 haec
1634 2139 1665 2173 in
1707 2138 1768 2173 hac
1812 2139 1974 2187 populari

1304 2199 1399 2235 parte
1418 2187 1590 2235 petitionis
1608 2187 1778 2235 disputem
1796 2205 1806 2229 -,
1835 2187 1899 2223 hoc
1927 2188 1973 2223 se-

1303 2249 1406 2284 quor,
1429 2237 1503 2272 haec
1521 2237 1637 2272 omnia
1654 2248 1722 2271 non
1739 2247 1809 2271 tam
1828 2237 1869 2272 ad
1888 2237 1973 2272 ami-

1305 2298 1425 2321 corum
1455 2285 1577 2328 studia,
1610 2297 1717 2333 quam
1750 2286 1792 2320 ad
1826 2287 1973 2334 popula-

1306 2347 1374 2369 rem
1394 2334 1534 2376 famam,
1561 2334 1737 2382 pertinere.
1791 2334 1862 2370 Etsi
1881 2337 1975 2371 enim

1309 2382 1388 2419 inest
1419 2383 1561 2431 aliquod
1591 2384 1724 2418 dicium
1751 2395 1794 2419 ex
1825 2383 1886 2420 ilio
1915 2396 1956 2432 ge

1308 2445 1395 2473 nere,
1424 2433 1570 2480 benigne
1594 2433 1803 2481 respondere,
1831 2433 1975 2469 studiose

1307 2481 1461 2517 inserviit·
1480 2483 1623 2530 negotiis
1642 2481 1832 2517 amicorum
1856 2492 1894 2516 ac
1914 2495 1972 2530 pe-

1306 2530 1446 2574 riculis·‚
1473 2540 1586 2567 tamen
1614 2531 1679 2567 hoc
1706 2531 1784 2568 loco
1811 2542 1851 2566 ea
1878 2531 1973 2574 dico,
