2241 2994
531 195 609 250 39⁶

529 302 597 328 tur.
636 293 693 329 Ad
706 294 932 330 dissolvendas
947 295 1121 343 captiones
1135 296 1198 331 So-

530 342 672 377 ritarum
707 343 847 378 volebat
881 345 1059 400 aliquanto
1089 345 1197 392 prius,

529 402 636 437 quam
651 391 693 425 ad
709 392 818 426 multa
832 395 1034 439 perveniret,
1048 393 1196 440 quiesce-

530 451 578 480 re,
606 451 667 474 nec
699 441 788 474 ultra
816 441 988 488 progredi,
1014 442 1109 488 quod
1138 448 1197 477 ἑπ-

528 492 594 534 γά
578 490 628 523 Vm
655 487 793 523 dicitur.
838 491 876 524 In
907 489 970 525 hac
992 490 1197 525 Stoicorum

529 546 612 578 arte,
630 549 712 583 quae
730 537 906 573 Ciceronis
923 548 1024 573 aetate
1041 538 1197 580 florebat,

529 596 652 631 parum
684 588 769 621 inter
804 587 895 622 hunc
929 597 964 622 et
997 587 1195 622 Diodorum

529 634 766 677 conveniebat,
803 646 843 670 ut
873 637 995 670 Cicero
1020 635 1136 670 scribit
1162 636 1195 669 in

526 682 670 729 epistola
686 684 836 730 quadam
855 685 897 718 ad
915 685 1114 718 Varronem.
1134 684 1194 719 lib.

528 730 595 766 IX.
639 732 817 766 Diodorus
835 732 926 767 enirn
945 733 981 767 id
1001 733 1109 767 solum
1126 732 1197 767 fieri

528 780 622 827 poss'e
644 781 792 820 dicebat,
820 781 917 827 quod
948 791 1008 816 aut
1036 781 1116 815 effet
1137 793 1194 816 ve-

529 839 621 869 rum,
641 838 699 863 aut
715 827 876 864 futurum
890 830 970 864 effet
981 842 1102 865 verum
1117 843 1124 864 :
1152 840 1197 872 et,

529 876 704 923 quidquid
739 876 900 913 futurum
930 879 1021 921 effet,
1061 878 1095 913 id
1127 857 1197 914 fieri

530 925 658 960 necesse
673 926 762 967 effe·,
789 937 823 961 et
841 927 1013 974 quidquid
1036 927 1196 962 futurum

530 985 598 1008 non
613 975 706 1017 esser,
722 975 754 1009 id
772 975 839 1010 fieri
857 989 923 1010 non
944 977 1045 1023 posse.
1086 977 1198 1022 Chry-

529 1022 648 1070 sippus
666 1034 793 1065 autem,
819 1034 852 1058 et
870 1037 951 1072 quae
968 1037 1035 1059 non
1055 1025 1118 1059 sint
1141 1025 1197 1059 fu-

530 1080 619 1113 tura,
656 1073 748 1119 posse
778 1073 862 1114 fieri,
895 1083 934 1108 ut
963 1073 1074 1120 frangi
1111 1074 1198 1108 hanc

527 1131 714 1165 gemmam,
739 1121 866 1156 etiamsi
886 1122 919 1156 id
938 1134 1118 1169 nunquam
1143 1121 1199 1158 fu-

530 1179 648 1203 turum
690 1170 748 1204 fit:
789 1183 901 1218 neque
937 1172 1063 1206 necefle
1100 1171 1200 1206 fuiss'e

530 1217 717 1264 Cypselum
738 1231 878 1266 regnare
895 1220 1068 1261 Corinthi,
1087 1232 1198 1267 quan-

528 1278 636 1312 quam
652 1267 684 1302 id
700 1267 879 1303 millesimo
893 1279 969 1303 ante
982 1281 1071 1304 anno
1083 1269 1196 1316 Apol-

529 1315 607 1350 linis
624 1317 766 1352 oraculo
782 1317 914 1352 editum
935 1318 1025 1353 esset.
1068 1319 1196 1353 Conta-

528 1363 667 1410 gionem
709 1366 812 1400 etiam
855 1367 1040 1420 probabat,
1082 1379 1197 1402 rerum

527 1414 802 1449 convenientiam
820 1427 861 1450 ex
880 1414 1124 1462 conjunClione
1138 1427 1196 1450 na-

529 1470 630 1505 turae,
659 1473 692 1498 et
722 1463 875 1511 quodam
903 1465 1078 1507 contastu,
1117 1476 1197 1499 cum

528 1510 598 1557 ipla
617 1524 728 1547 rerum
746 1523 867 1547 natura
883 1514 1084 1548 continuata
1109 1513 1149 1548 fit
1165 1523 1199 1548 et

528 1559 725 1596 cohaerens:
762 1566 940 1606 συμπάθεια,
974 1562 1090 1598 Graeci
1135 1575 1199 1598 vo-

529 1619 619 1644 cant.
665 1610 786 1657 ltaque
808 1609 870 1645 fati
895 1611 1046 1654 assertor,
1072 1611 1199 1646 volun-

528 1656 607 1692 tatis
636 1658 827 1694 libertatem
852 1659 1027 1695 retinebat.
1072 1661 1197 1695 Fatum

528 1707 620 1741 enim
666 1720 735 1742 non
777 1720 820 1742 ex
865 1709 1051 1744 necessariis
1090 1709 1198 1744 causis

528 1765 562 1789 et
594 1756 844 1803 principalibus
873 1757 974 1799 necti,
1001 1757 1055 1792 sed
1081 1770 1123 1792 ex
1146 1758 1199 1801 iis,

529 1815 611 1850 quae
631 1806 896 1852 praecursionem
915 1806 1063 1841 afferunt
1082 1817 1116 1841 et
1142 1819 1200 1841 an-

529 1855 755 1897 tecessionem,
781 1855 850 1889 fine
876 1855 1006 1902 quibus
1034 1868 1084 1891 res
1109 1856 1199 1891 effici

530 1913 597 1936 non
618 1904 728 1950 possit.
772 1903 827 1938 De
844 1916 917 1958 quo
936 1904 980 1939 sic
1002 1905 1137 1947 Cicero,
1163 1904 1200 1940 de

529 1951 620 1985 Fato.
661 1952 765 1993 Cum,
784 1952 908 1999 inquit,
927 1953 1008 1988 duae
1027 1953 1199 1989 sententiae

527 1997 667 2034 fuiffint
700 2011 856 2035 veterum
898 2001 1198 2057 philosophorum,

528 2059 598 2082 una
626 2061 758 2088 eorum,
790 2050 851 2097 qui
883 2050 1052 2085 censerent
1082 2052 1199 2086 omnia

528 2096 575 2131 ita
598 2095 669 2132 fato
687 2098 771 2139 fieri,
799 2108 837 2133 ut
864 2098 897 2133 id
920 2098 1031 2133 fatum
1049 2101 1120 2135 vim
1142 2112 1198 2135 ne-

527 2146 684 2181 cessitatis
702 2147 848 2187 afferret,
875 2147 907 2182 in
936 2160 1007 2195 qua
1037 2148 1198 2184 sententia

528 2195 764 2237 Democritus,
788 2197 1002 2238 Heraclitus,
1022 2198 1197 2245 Empedo

528 2244 609 2286 cles,
626 2244 824 2280 Aristoteles
840 2245 924 2286 fuit·
944 2246 1048 2280 altera
1061 2259 1195 2289 eorum,

527 2293 658 2338 quibus
670 2293 867 2329 viderentur
881 2273 948 2329 sirie
962 2295 1035 2330 ullo
1049 2296 1121 2330 {ato
1134 2297 1198 2331 css'e

528 2354 721 2379 animorum
737 2354 851 2378 motus
863 2344 1067 2385 voluntarii;
1086 2345 1196 2391 Chry-

529 2391 656 2437 lippus,
685 2401 849 2438 tanquam
874 2393 999 2427 arbiter
1024 2393 1198 2428 honorari-

529 2451 581 2480 υς,
611 2440 761 2475 medium
785 2440 883 2477 ferire
902 2442 1034 2478 voluit:
1064 2443 1118 2478 sed
1137 2455 1198 2491 ap·

885 197 990 236 DE
1061 196 1560 237 DOCTRINA

1249 296 1356 344 plicat
1374 296 1405 332 se
1422 296 1464 331 ad
1477 308 1535 331 eos
1553 294 1682 343 potius,
1699 292 1762 343 qui
1781 295 1916 330 neceffi-

1248 355 1317 379 tate
1335 354 1450 380 motus
1467 346 1661 379 animorum
1675 343 1836 379 liberatos
1851 355 1914 378 vo·

1248 394 1343 429 lunt:
1369 394 1454 428 dum
1473 402 1587 428 autem
1601 392 1715 428 verbis
1733 393 1843 427 utitur
1860 391 1915 427 su-

1249 443 1288 485 is,
1314 442 1487 477 delabitur
1505 442 1537 477 in
1556 453 1610 477 eas
1624 441 1857 484 difficultates,
1874 450 1916 475 ut

1248 493 1472 526 neceffitatem
1490 491 1552 525 fati
1574 490 1755 525 confirmet
1772 488 1914 524 invitus.

1248 539 1369 586 ltaque
1397 539 1543 573 aestuans
1577 538 1815 585 laboransque,
1841 549 1916 573 ora-

1246 587 1348 622 tionis
1374 599 1482 634 genus
1516 586 1660 622 insolens
1691 597 1726 622 et
1755 587 1916 633 ignotum

1247 636 1410 678 Medicis,
1449 635 1657 678 Geometris,
1693 645 1729 670 et
1761 635 1917 682 reliquis,

1247 684 1472 738 sequebatur,
1491 685 1686 738 negationes
1705 683 1918 719 infinitarum

1247 732 1534 786 conjunctionum
1556 733 1687 781 potius,
1713 744 1821 780 quam
1839 732 1916 767 infi-

1248 792 1319 817 nita
1345 794 1500 817 connexa
1521 794 1664 836 ponens,
1692 781 1757 816 hoc
1783 780 1913 816 modo:

1247 832 1332 866 Non
1349 841 1383 866 et
1401 841 1501 866 natus
1525 830 1573 865 est
1600 843 1679 887 quis
1702 830 1832 866 oriente
1848 831 1915 866 Ca-

1250 880 1374 920 nicula,
1400 889 1434 914 et
1453 880 1480 914 is
1499 879 1532 914 in
1552 882 1637 915 mari
1656 879 1831 915 morietur.
1875 879 1916 914 In

1249 929 1430 963 Ceramico
1450 928 1563 963 statua·
1583 927 1656 974 ejus
1677 937 1749 963 erat
1774 927 1918 963 sedentis

1249 977 1404 1024 porrecta
1422 988 1546 1011 manu:
1574 988 1657 1023 quae
1676 987 1797 1011 manus
1814 976 1916 1023 signi-

1251 1025 1377 1060 ficabat
1398 1026 1498 1060 illum
1518 1025 1551 1060 in
1571 1026 1633 1060 hac
1650 1025 1714 1060 effe
1736 1025 1917 1072 rogatiun-

1249 1075 1329 1109 cula
1368 1074 1574 1109 delectatum
1596 1088 1604 1109 :
1660 1074 1918 1122 Nunquidnam

1250 1135 1372 1158 manus
1390 1134 1450 1158 tua
1468 1123 1512 1158 fic
1534 1122 1666 1165 affecta,
1692 1123 1919 1169 quemadmo-

1249 1173 1335 1207 dum
1364 1184 1454 1207 nunc
1485 1172 1544 1213 est,
1583 1172 1774 1207 desiderat?
1817 1171 1919 1207 Nihil

1249 1221 1335 1256 sane.
1380 1222 1433 1256 At
1452 1221 1475 1256 fi
1494 1221 1657 1268 voluptas
1673 1221 1752 1256 estet
1772 1221 1918 1264 bonum,

1247 1270 1459 1305 desideraret.
1512 1271 1564 1305 Ita
1594 1270 1707 1305 credo.
1757 1271 1841 1305 Non
1869 1270 1918 1305 est

1248 1319 1355 1366 igitur
1373 1319 1535 1366 voluptas
1553 1319 1698 1354 bonurn.
1739 1318 1919 1367 Praecepta

1247 1369 1292 1402 ab
1308 1379 1349 1403 eo
1367 1367 1444 1402 sunt
1459 1367 1646 1415 ejusmodi:

1298 1417 1414 1451 Deum
1442 1416 1579 1451 homine
1604 1416 1793 1459 meliorem,
1819 1417 1918 1465 quod

1249 1477 1300 1501 res
1329 1465 1496 1507 coelestes,
1531 1465 1728 1512 omnesque,
1767 1478 1918 1513 quarum

1248 1514 1296 1549 est
1327 1514 1415 1549 ordo
1443 1514 1680 1561 sempiternus,
1719 1514 1919 1557 confecerit,

1277 1575 1332 1598 uae
1340 1563 1384 1598 ab
1395 1563 1533 1598 homine
1545 1563 1669 1598 confici
1684 1576 1751 1599 non
1765 1565 1917 1612 pofl‘unt.

1249 1576 1285 1647 2ο
1302 1613 1386 1648 N.at
1404 1613 1543 1647 Deorum
1562 1613 1605 1648 11.
1627 1614 1659 1647 6.
1686 1623 1719 1647 et
1739 1614 1800 1648 ΙΙΙ.
1826 1625 1879 1649 ιο.

1301 1661 1443 1696 Mundo
1461 1662 1616 1708 undique
1639 1661 1794 1709 perfetio
1820 1662 1919 1697 inesse

1249 1720 1398 1745 mentem
1420 1720 1455 1745 et
1480 1711 1658 1752 rationem,
1684 1721 1717 1745 et
1741 1711 1918 1758 propriam

1249 1759 1440 1800 virtutem3
1466 1769 1499 1794 et
1514 1760 1658 1806 proinde
1671 1759 1867 1807 sapientem,
1884 1770 1919 1794 et

1250 1807 1380 1842 Deum.
1405 1808 1442 1842 de
1460 1807 1541 1844 Nat.
1557 1809 1652 1843 Deor.
1675 1808 1720 1843 ΙΙ.
1744 1821 1792 1851 ¹4·

1300 1857 1383 1891 Vim
1401 1857 1584 1891 divinam
1578 1869 1610 1891 in
1629 1857 1758 1892 ratione
1773 1858 1838 1892 effe
1856 1870 1918 1912 po-

1250 1905 1360 1948 fitam,
1385 1916 1419 1941 et
1439 1906 1471 1940 in
1497 1906 1663 1941 univerlae
1691 1917 1822 1941 naturae
1847 1907 1917 1941 ani-

1250 1967 1309 1989 mo
1327 1965 1430 2001 atque
1451 1965 1586 1990 mente:
1616 1955 1798 2009 ipsumque
1816 1967 1916 1990 mun-

1249 2004 1334 2038 dum
1361 2005 1475 2040 Deum
1492 2004 1568 2046 effe,
1593 2013 1627 2039 et
1643 2016 1715 2050 eius
1741 2005 1843 2057 animi
1863 2003 1919 2038 fu-

1249 2052 1374 2087 sionem
1389 2052 1601 2088 universam:
1630 2063 1705 2087 tum
1719 2051 1792 2099 eius
1812 2053 1916 2101 ipsius

1248 2101 1495 2149 principatum,
1522 2101 1584 2149 qui
1605 2101 1637 2136 in
1658 2112 1770 2137 mente
1786 2112 1819 2137 et
1837 2103 1916 2137 rati-

1246 2161 1312 2185 one
1341 2151 1502 2192 versetur.
1541 2163 1835 2198 communemque
1867 2163 1917 2186 re-

1248 2211 1324 2234 rum
1345 2210 1514 2241 naturam,
1542 2199 1697 2234 universa
1718 2210 1822 2247 atque
1839 2212 1916 2235 orn-

1249 2248 1304 2283 nia
1322 2249 1569 2283 continentem:
1595 2259 1668 2283 tum
1689 2248 1825 2284 fatalem
1840 2261 1916 2284 um-

1250 2297 1360 2340 bram,
1385 2308 1419 2332 et
1443 2299 1666 2333 necessitatem
1687 2310 1799 2333 rtrum
1819 2297 1917 2333 futu-

1250 2358 1363 2381 rarum
1377 2360 1384 2381 :
1407 2347 1520 2394 ignem
1535 2357 1696 2392 praeteoea
1705 2359 1798 2389 eum,
1810 2359 1915 2395 quem

1249 2405 1346 2430 antea
1375 2396 1460 2437 dixi,
1487 2396 1632 2431 aethera:
1662 2406 1737 2431 tum
1765 2408 1805 2430 ea
1833 2408 1916 2443 quse

1250 2456 1371 2480 natura
1399 2445 1555 2488 fluerent,
1594 2455 1698 2493 atque
1732 2455 1919 2488 manarent,
