2335 3009
741 227 850 266 AD
928 227 1333 271 BRUTUM.
1660 249 1732 277 101

679 456 934 502 BRuv‘rus
982 464 1308 505 CICERON1
1354 467 1392 506 S.

346 590 423 630 III,
447 587 548 666 LI
555 585 637 628 <TE
654 589 689 628 R
701 590 744 627 A
754 590 784 633 S
811 598 898 628 tuas
916 587 1023 629 valde
1041 591 1194 641 expefflo,
1215 590 1485 645 quasfirijsssi
1498 592 1573 645 post
1593 595 1736 634 nuntios

550 658 750 709 nostrarum
768 673 904 704 rerum,
934 668 970 698 et
989 659 1030 698 de
1048 667 1159 698 morte
1179 658 1377 699 Trebonii:
1409 676 1477 700 non
1503 662 1595 701 enim
1615 663 1736 703 dubito

341 723 429 777 quin
447 722 536 763 mihi
553 723 730 774 consilium
748 731 852 762 tuum
871 723 1033 776 explices.
1063 722 1221 776 Indigno
1224 724 1364 776 stelere
1382 733 1418 763 et
1436 724 1552 764 civem
1567 727 1736 780 optimum

342 785 531 840 eimifimus,
551 796 587 826 et
599 787 806 840 provinciae
817 786 1009 840 poſjffone
1020 787 1261 841 puffificmus,
1282 802 1387 841 quam
1407 791 1618 841 recuperari
1617 791 1737 840 fhcile

341 851 397 904 est.
427 853 555 906 Neque
573 852 688 891 minus
708 861 817 905 turpe
831 852 1128 905 autflagiticfiim
1147 851 1280 904 erit‚si
1290 851 1409 904 potest,
1425 868 1495 893 non
1515 857 1734 908 recuperari.

343 921 528 960 Antonius
545 920 662 960 adhuc
687 920 734 973 est
762 919 937 972 nobiseum
951 935 966 959 :
983 919 1055 971 sed
1081 920 1211 960 medius
1225 919 1342 972 fidius
1368 931 1405 960 et
1430 935 1569 961 moveor
1588 923 1735 962 hominis

335 984 517 1039 precibus,
546 995 583 1025 et
600 986 718 1031 timeo,
748 1000 792 1025 ne
808 985 908 1024 illum
927 985 1129 1038 aliquorum
1134 984 1256 1036 furor
1273 986 1439 1037 excipiat.
1481 987 1596 1026 Plane
1619 987 1733 1039 eestuo.

342 1050 446 1101 Qod
443 1051 488 1101 st
488 1051 638 1103 scirem,
669 1050 756 1102 quid
780 1050 851 1089 tibi
872 1049 1051 1102 placeret,
1066 1051 1149 1100 stne
1159 1051 1405 1103 sollicitudine
1429 1051 1524 1104 cffem
1541 1069 1554 1090 .·
1580 1052 1622 1091 id
1642 1052 1735 1093 enim

344 1116 514 1169 optimum
529 1114 602 1168 ‘ff’
612 1115 821 1168 perfieqfitm
838 1114 918 1167 effi't
937 1114 1035 1154 mihi.
1064 1117 1192 1167 Qare
1212 1129 1319 1168 quam
1331 1116 1574 1168 primum-fac
1586 1132 1639 1156 me
1654 1132 1735 1156 cer-

343 1180 480 1225 tiorem,
511 1179 603 1234 quid
615 1178 689 1218 tibi
700 1180 862 1232 placeat.
905 1179 1042 1231 Caffi'us
1060 1179 1174 1231 noster
1192 1178 1350 1231 Syriam,
1380 1180 1532 1233 legiones
1551 1181 1734 1234 Syriacas,

343 1244 466 1288 habet,
495 1245 593 1283 ultro
612 1243 748 1296 quidem
768 1258 792 1281 a
814 1244 962 1288 Murco,
984 1252 1019 1282 et
1039 1258 1063 1282 a
1082 1243 1245 1288 Marcio,
1265 1253 1302 1283 et
1319 1242 1366 1283 ab
1385 1245 1545 1284 exercitu
1563 1246 1645 1299 ipso,
1667 1261 1735 1285 ar-

343 1308 491 1360 cfftus.
532 1311 614 1360 Ego
623 1308 759 1360 scrlffi
773 1307 827 1346 ad
841 1304 1187 1359 Tertiumfirorem,
1216 1316 1253 1346 et
1284 1307 1334 1346 ad
1359 1317 1525 1353 matrem,
1557 1324 1601 1348 ne
1626 1311 1736 1363 prius

342 1377 486 1416 ederent
503 1377 580 1421 hoc,
600 1375 696 1430 quod
709 1375 838 1429 optime
855 1373 1105 1426 acfelicgffi'me
1118 1374 1219 1427 gfft
1241 1375 1389 1427 Caffius,
1409 1389 1514 1428 quam
1529 1385 1630 1416 tuum
1650 1393 1733 1417 con·

325 1441 453 1491 filium
484 1439 733 1494 cognoviſjent,
764 1439 896 1494 tibique
925 1440 1039 1493 vfitm
1061 1437 1151 1492 effet-
1195 1439 1296 1492 Legi
1321 1440 1502 1479 orationes
1528 1439 1617 1479 duas
1636 1451 1734 1487 tuas,

341 1524 496 1563 quarum
515 1509 636 1549 altera
657 1509 746 1548 Kal.
766 1510 864 1562 Jan.
888 1507 966 1560 usus
985 1523 1043 1553 es;
1065 1506 1185 1547 altera
1203 1507 1245 1547 de
1261 1507 1383 1549 literis
1397 1508 1494 1554 meis,
1511 1524 1591 1563 quae
1605 1511 1736 1550 habita

341 1574 387 1627 est
406 1574 468 1613 abs
487 1583 524 1612 te
541 1582 671 1612 contra
692 1573 877 1612 Calenum.
908 1574 1022 1612 Nunc
1025 1572 1165 1625 seilicet
1184 1572 1250 1611 hoc
1267 1575 1445 1626 expefias,
1466 1573 1548 1613 dum
1574 1587 1634 1613 eas
1651 1575 1735 1615 lau-

341 1638 430 1679 dem.
468 1638 608 1690 Nescio,
637 1638 760 1684 animi,
790 1652 838 1676 an
858 1637 997 1689 ingenii
1011 1638 1081 1683 tui,
1102 1635 1218 1684 major
1236 1636 1276 1677 in
1296 1638 1353 1677 his
1369 1637 1502 1677 libellis
1520 1639 1600 1678 laus
1617 1641 1735 1679 conti-

341 1711 487 1742 neatur.
518 1703 613 1756 Jam
631 1701 788 1747 concedo,
819 1710 862 1740 ut
880 1702 945 1740 vel
962 1700 1167 1754 Philippici
1187 1709 1378 1746 vocentur,
1408 1701 1502 1754 quod
1516 1710 1559 1740 tu
1579 1702 1734 1755 quadam

342 1771 480 1825 epistola
499 1773 628 1824 jocans
643 1770 829 1825 scripsgsti.
872 1771 1033 1811 Duabus
1057 1770 1164 1809 rebus
1183 1783 1332 1823 egemus,
1361 1770 1497 1815 Cicero,
1521 1772 1678 1823 pecunia
1698 1782 1734 1811 et

329 1836 577 1891 supplemento
592 1851 606 1874 .·
637 1848 789 1888 quarum
817 1832 936 1874 altera
960 1833 1074 1888 potest
1094 1833 1158 1872 abs
1188 1842 1225 1872 te
1245 1832 1419 1886 expediri,
1448 1843 1491 1872 ut
1510 1835 1631 1886 aliqua
1643 1843 1734 1887 pars

340 1901 495 1941 militum
516 1899 614 1950 istinc
632 1901 810 1939 mittatur
827 1898 942 1949 nobis,
972 1898 1035 1939 vel
1036 1897 1178 1951 secreto
1196 1897 1328 1950 confilio
1357 1898 1531 1952 advetfin·
1556 1901 1733 1953 Pansc'zrn,

341 1969 403 2010 vel
419 1971 556 2010 uitione
574 1971 611 2009 in
616 1971 754 2023 senatu
768 1985 782 2007 .·
812 1967 947 2014 altera,
978 1981 1056 2022 quae
1074 1968 1188 2020 magis
1207 1966 1251 2017 est
1278 1967 1470 2020 nectffaria
1484 1985 1497 2013 ς
1528 1983 1639 2022 neque
1663 1983 1735 2009 meo

343 2035 519 2075 exercitui
549 2035 676 2087 magis,
718 2048 823 2087 quam
855 2032 1086 2087 reliquorum.
1133 2033 1213 2071 Hoc
1242 2033 1358 2085 magis
1385 2030 1490 2077 doleo,
1519 2033 1643 2084 Asiam
1675 2049 1736 2073 nos

342 2098 439 2148 amisi
459 2115 505 2139 e:
535 2100 707 2154 quamsic
725 2097 859 2138 vexari
876 2113 899 2137 a
926 2096 1117 2138 Dolabella
1146 2097 1264 2144 audio,
1293 2106 1336 2136 ut
1354 2096 1438 2148 jam
1465 2110 1532 2136 non
1560 2097 1735 2137 videatur

343 2166 606 2219 crudeliffi'mum
626 2167 700 2218 ejus
702 2167 859 2219 facinus
877 2166 1080 2217 interfectio
1109 2163 1284 2204 Trebonii.
1328 2166 1440 2203 Vetus
1467 2164 1650 2220 Antistius
1681 2179 1735 2204 me

343 2240 463 2271 tamen
474 2233 626 2283 pecunia
631 2231 860 2284 sublevavit.
905 2231 1032 2271 Cicero
1044 2231 1153 2282 filius
1181 2239 1267 2269 tuus
1280 2230 1341 2281 fic
1369 2228 1506 2280 mihist»
1517 2228 1656 2280 probat
1674 2228 1734 2268 in-

342 2294 492 2346 dustria,
514 2295 712 2347 patientia,
738 2295 871 2341 labore,
900 2295 1016 2334 animi
1030 2293 1290 2348 magnitudine,
1321 2291 1414 2331 omni
1439 2289 1590 2344 denique
1613 2291 1732 2344 officio,

343 2374 385 2404 ut
398 2365 548 2417 prorsus
566 2378 746 2418 nunquam
764 2365 946 2405 dimittere
963 2364 1138 2404 videatur
1157 2362 1420 2414 cogitationem,
1450 2359 1546 2411 cujus
1551 2361 1607 2414 stt
1612 2360 1731 2413 filius.

343 2431 483 2482 Qare,
514 2428 677 2482 quoniam
696 2429 829 2481 efficere
847 2444 916 2468 non
929 2428 1074 2482 poffitm‚
1105 2436 1147 2466 ut
1167 2427 1288 2480 pluris
1300 2425 1429 2477 facim
1458 2437 1546 2471 eum,
1577 2426 1641 2478 qui
1665 2425 1735 2465 tihi

341 2497 386 2549 est
404 2496 612 2550 cariffimus,
642 2495 733 2536 illud
747 2496 870 2537 tribue
876 2497 1014 2549 judicio
1032 2511 1116 2543 meo,
1147 2504 1189 2535 ut
1212 2495 1283 2534 tibi
1298 2491 1528 2547 perficadeas,
1559 2506 1626 2533 non
1641 2493 1734 2545 fore
