2241 2994
331 278 364 308 p-

589 177 880 218 VARIAE
971 179 1536 220 LECTIONES.

424 270 446 299 1.

336 317 394 349 ¹90
416 319 451 349 2⁵
474 309 636 339 Domitium
653 311 677 339 L
693 311 849 346 Domitium,
863 314 884 340 i.
896 321 920 340 e.
939 321 956 339 a
969 313 1048 342 Remo

519 356 547 378 et
558 351 663 379 Romulo
674 353 721 388 qui
730 361 787 380 eum
793 353 932 388 faventem
942 353 1047 382 Amulio

515 399 601 419 eorum
620 391 747 420 avunculo
765 394 810 429 qui
829 402 907 420 avum
924 392 1047 420 Nunnto-

521 439 574 458 rem
583 431 719 468 expulerat
729 441 745 458 a
756 441 834 468 regno
842 432 906 460 toris
914 433 1045 462 caedtbant

415 468 453 497 26
475 469 542 498 loris
556 471 581 498 A
597 471 658 499 locis

415 518 452 545 27
474 509 681 539 domuitionem
693 512 718 540 A
730 511 759 540 G
770 511 794 540 L
803 512 829 540 R
843 513 912 541 domi
925 513 1047 542 ulcionem

415 550 451 577 28
473 557 503 578 et
517 550 679 580 Cimbrium
695 552 722 580 A
738 551 916 581 Deeambrunr
929 554 954 589 ψ
970 555 1048 582 Cem-

516 597 594 627 prun·

413 643 454 651 ·-
474 628 626 659 subornare
637 631 667 659 G
683 631 707 660 L
722 631 750 667 ψ
754 633 898 667 subornari

354 675 361 677 “
414 667 452 697 26
474 669 666 709 Iphigeniam,
680 672 1047 711 Agamemnonem‚etMe-

520 711 634 739 nelaum
648 711 673 739 A
689 721 736 740 vai
749 720 834 740 autem
845 714 880 740 ad
887 711 1048 748 Euphigeni.

519 759 561 779 am
583 751 611 780 G
627 751 797 788 Ephigeniam
810 753 1000 788 Agamemnona
1021 758 1047 779 et

522 791 647 820 Menelau
675 791 742 827 (sed
766 797 820 819 tres
851 791 952 820 ultimae
977 801 1049 819 voces

517 832 621 869 punctis
626 830 810 867 subnotantur,
817 838 841 860 et
856 835 876 848 “
885 833 1047 868 vagantem''

511 871 645 907 scribitur
667 871 696 898 id
718 871 825 908 marg.)
855 872 879 900 L
907 877 1048 908 vagantem

520 910 697 948 prygeniam
711 911 737 939 R
752 920 848 949 vagam
864 912 1014 948 Effigeniam

417 960 450 990 3¹
476 952 574 979 omnia
586 951 612 978 L
627 951 652 980 d.

417 1001 453 1029 33
477 991 665 1019 conformatio
681 991 707 1025 ψ
721 991 880 1027 confirmatio

416 1041 452 1070 35
476 1030 623 1060 notatione
639 1031 664 1059 A
677 1033 842 1058 annotatione

414 1080 456 1110 40
477 1070 672 1109 suppeditabit
685 1071 712 1099 A
718 1071 932 1107 suppeditabitur
944 1068 971 1107 ψ
982 1069 1048 1108 sup-

517 1110 654 1148 peditatur

413 1166 456 1175 -—
477 1158 596 1189 utraque
612 1152 638 1180 A
655 1159 711 1178 tum
724 1159 759 1178 ex
772 1156 881 1187 utraque

413 1201 450 1229 4¹
478 1191 605 1229 separata
619 1189 712 1219 minus
728 1191 754 1219 A
767 1191 802 1228 est
811 1197 910 1229 parata
922 1192 1003 1228 magis

419 1246 458 1255 -—
477 1232 532 1261 crit
548 1232 576 1260 G
593 1232 629 1268 est

414 1282 455 1310 42
477 1279 508 1301 ut
522 1272 552 1301 G
566 1281 614 1300 non

415 1322 454 1351 43
477 1312 510 1341 fit
525 1313 551 1341 A
566 1312 635 1341 nobit
638 1311 679 1348 fit

413 1362 455 1390 44
475 1362 657 1392 gravaremur
672 1353 696 1380 A
709 1361 853 1389 gravarem

438 1402 455 1430 7
477 1403 541 1431 quae
556 1393 581 1421 A
596 1403 656 1430 quae
660 1391 720 1430 sint

416 1448 457 1455 —
477 1433 577 1472 pessint
592 1434 619 1461 A
627 1432 728 1469 pcffunt

421 1483 454 1511 ¹3
479 1473 609 1501 videmus
625 1475 651 1501 A
665 1472 694 1500 G
711 1474 853 1500 viderimus

418 1521 453 1542 21
479 1513 626 1541 honestum
643 1513 666 1541 L
680 1512 807 1548 honestum
821 1515 850 1540 in
864 1511 972 1540 homines

416 1568 458 1576 —
477 1553 640 1582 inusitatum
657 1552 686 1581 G
696 1553 721 1587 ψ
732 1553 894 1590 instratum,
909 1551 1053 1580 mauditum

526 1593 551 1621 L
566 1599 621 1620 tum
633 1594 662 1620 in
675 1593 793 1620 auditum
1006 1611 1009 1614 <

420 1644 457 1664 22
479 1632 634 1662 ridiculum
657 1633 680 1660 L
692 1632 860 1669 periculosum
875 1632 901 1660 R
915 1633 941 1667 ψ
954 1634 1052 1662 ridicu-

523 1674 588 1706 tum,
604 1672 772 1711 periculosum

420 1722 460 1751 24
480 1713 609 1751 Itemque
625 1713 649 1740 A
665 1713 752 1750 Atque
767 1712 796 1742 G
812 1712 836 1741 L
852 1713 944 1751 Itaque
955 1714 982 1748 ψ
995 1713 1040 1741 Ita

419 1769 459 1777 —
480 1763 548 1792 quas
632 1753 763 1782 audimus
780 1754 805 1781 A
820 1753 885 1790 quod
899 1762 986 1783 recens
1005 1763 1053 1782 au-

526 1794 638 1822 divimus

420 1834 459 1865 26
481 1833 646 1862 aeciderunt
662 1835 687 1862 A
703 1833 845 1862 arrideo-int

421 1884 459 1912 29
481 1884 495 1903 e
512 1875 538 1902 A
553 1873 582 1902 G
599 1874 623 1902 L
639 1874 665 1902 R
681 1874 706 1908 ψ
720 1874 747 1902 d.

421 1924 455 1952 3¹
482 1921 596 1943 manent
611 1914 635 1942 L
649 1914 674 1942 R
689 1917 717 1942 in
731 1915 816 1942 animo
829 1920 933 1943 manent

423 1965 457 1993 3²
481 1955 636 1983 admiratur
652 1955 675 1983 L
692 1955 716 1982 R
731 1956 844 1982 miratur

424 2005 459 2033 33
482 1995 559 2033 quod
575 1994 602 2022 G
619 1995 642 2022 L
656 1997 717 2031 qaia

425 2045 463 2073 34
484 2035 600 2073 eclipses
617 2036 642 2062 A
655 2035 681 2063 G
698 2034 792 2071 tclipfis
810 2034 831 2062 L
845 2034 947 2072 eclipsin

420 2091 460 2097 —
480 2075 544 2103 solis
560 2075 584 2103 L
597 2075 671 2103 lune

426 2125 460 2153 35
483 2115 617 2144 accidunt
633 2115 660 2144 G
678 2115 775 2143 accidit

422 2171 462 2177 —
483 2163 511 2184 et
527 2156 549 2183 A
566 2163 593 2183 at

422 2211 462 2217 —-
482 2195 597 2233 eclipses
614 2196 637 2224 A
653 2195 745 2233 rctspfiJ
759 2195 788 2224 G
803 2194 904 2233 eclipsin

426 2246 461 2274 37
484 2237 618 2273 quoniam
633 2237 658 2264 A
675 2237 703 2264 G
720 2236 744 2269 ψ
755 2243 886 2273 propterea
900 2233 968 2273 quod

421 2290 463 2298 —
483 2277 638 2304 crebriores
655 2277 678 2304 A
697 2286 809 2303 ranem

427 2318 462 2353 38
487 2316 585 2344 usitata
601 2317 625 2343 A
643 2316 733 2353 ufi'me

426 2366 463 2393 39
483 2355 640 2384 easustimri
657 2357 818 2393 Gsiescitari

424 2405 463 2432 4ο
485 2406 550 2423 vcro
565 2398 593 2425 G
614 2397 635 2424 L
653 2395 678 2429 ψ
694 2398 719 2423 a'.

425 2445 461 2472 42
485 2436 609 2464 inveniat
628 2438 651 2464 A
669 2437 696 2464 G
713 2435 739 2471 ψ
753 2438 870 2465 inrcniet

425 2485 462 2513 43
487 2477 562 2515 quod
577 2478 602 2507 A
618 2476 645 2505 G
663 2477 722 2513 *2⁴st
735 2477 800 2514 quod

1193 272 1203 301 1

1104 283 1164 351 11,ξο
1184 293 1221 351 43
1243 312 1376 347 ostendit,
1388 312 1520 352 sequatur
1530 313 1557 342 A
1568 311 1686 350 ostendet,
1692 313 1818 350 sequetur

1108 362 1159 393 ¹9¹
1210 362 1219 382 1
1247 353 1294 382 sed
1309 353 1409 390 Lqm’a

1206 402 1223 422 2
1245 393 1370 431 profesta
1380 392 1408 428 ψ
1418 394 1537 431 perfetio

1207 443 1222 471 3
1245 433 1397 471 disciplina
1407 434 1433 462 A
1445 443 1478 462 ex
1489 433 1622 472 distiplina
1634 433 1661 468 ψ
1671 443 1705 463 ex
1718 434 1754 462 eis
1764 433 1818 471 dis-

1287 475 1312 500 ti
1329 474 1385 501 lina

1207 522 1227 549 4
1246 521 1281 540 eo
1296 481 1327 540 Ᾱ
1339 513 1362 541 L
1377 512 1456 541 eodem

1208 562 1223 590 ς
1247 561 1359 580 manere
1374 553 1398 580 L
1412 552 1505 580 haben·

1206 591 1224 619 6
1246 591 1277 619 Id
1296 593 1322 620 A
1338 591 1367 620 G
1384 594 1450 621 Haet
1463 602 1504 620 res

1207 641 1224 668 7
1248 640 1327 660 notas
1342 632 1367 660 L
1383 639 1484 660 notatas

1206 681 1225 708 9
1247 680 1338 700 mutas
1354 673 1379 700 A
1393 672 1418 700 L
1433 673 1458 707 ψ
1473 672 1568 700 multas

1186 725 1228 734 ι-
1247 719 1347 740 notum
1364 715 1390 740 A
1402 713 1426 741 L
1440 712 1467 742 d.
1482 713 1528 751 (et
1541 713 1571 740 in
1581 711 1607 740 R
1619 711 1820 749 panli'issnbno·

1293 754 1389 787 tatur)

1191 800 1201 820 1
1211 801 1226 820 2
1249 792 1361 820 unicam
1376 791 1403 828 ψ
1417 793 1555 820 attonitam

1192 840 1224 870 13
1246 831 1343 870 aliqua
1357 842 1386 860 re
1401 833 1427 860 A
1442 842 1504 869 quas
1520 832 1550 861 G
1568 832 1595 868 ψ
1612 832 1714 870 aliquas
1735 841 1775 861 ret
1795 831 1820 861 L

1293 872 1407 910 aliquam
1421 881 1476 900 rem

1187 926 1227 934 —
1249 919 1281 940 ut
1296 912 1324 940 G
1340 918 1388 939 aut

1190 960 1227 988 ¹4
1247 958 1297 980 aut
1313 953 1339 980 A
1355 953 1438 990 autst

1186 1005 1227 1013 —-
1248 1001 1390 1029 purpurea
1403 991 1433 1020 G
1444 993 1574 1029 principii

1191 1039 1201 1059 ι
1212 1041 1225 1069 ς
1248 1031 1372 1060 notatior
1387 1032 1415 1060 G
1427 1032 1451 1060 L
1463 1034 1545 1060 notior

1191 1071 1227 1099 16
1249 1081 1347 1109 quare
1361 1072 1388 1100 A
1403 1072 1432 1100 G
1449 1072 1473 1100 L
1487 1073 1512 1100 R
1526 1070 1554 1107 ψ
1569 1081 1645 1110 quant
1659 1081 1712 1100 rem

1186 1125 1228 1132 ——
1248 1111 1471 1141 deformabimus
1483 1113 1507 1141 L
1515 1113 1712 1149 deformabimas
1721 1117 1821 1150 turpem

1187 1165 1228 1173 —
1250 1158 1280 1179 ut
1295 1151 1323 1179 G
1338 1159 1385 1180 aut

1193 1192 1227 1219 18
1250 1191 1417 1221 inducemus
1434 1193 1460 1221 A
1477 1192 1505 1221 G
1523 1193 1547 1221 L
1564 1193 1589 1221 R
1603 1193 1754 1220 inducamus

1192 1240 1223 1260 21
1250 1231 1436 1261 attribuemus
1451 1233 1476 1261 A
1492 1234 1669 1261 attribuantur

1191 1281 1229 1309 24
1250 1272 1432 1301 meminimus
1448 1272 1474 1300 A
1489 1272 1519 1301 G
1536 1273 1560 1301 L
1575 1274 1764 1301 meminerimus

1192 1321 1227 1348 27
1251 1311 1376 1350 quosque
1390 1313 1416 1347 ψ
1434 1322 1529 1350 quoque

1189 1361 1226 1390 29
1247 1361 1443 1389 percurramus
1459 1354 1485 1381 A
1497 1353 1526 1382 G
1537 1361 1712 1392 pervagemur
1724 1353 1749 1389 ψ
1757 1360 1822 1392 per·

1297 1402 1416 1429 vagemus

1194 1441 1228 1469 33
1254 1432 1295 1460 uti
1311 1433 1338 1460 G
1355 1439 1385 1461 ut

1193 1481 1228 1509 35
1252 1472 1280 1500 in
1296 1473 1449 1510 quaerendo
1465 1474 1489 1502 A
1501 1473 1651 1512 inquirendo

1190 1521 1228 1548 40
1248 1512 1328 1541 mille
1343 1513 1494 1542 verborum
1509 1514 1534 1542 L
1549 1515 1575 1549 ψ
1588 1515 1616 1543 d.

1190 1561 1226 1588 41
1252 1561 1385 1590 poterunt
1397 1554 1422 1588 ψ
1432 1561 1575 1592 potuerunt

1192 1601 1228 1629 43
1251 1593 1337 1621 modo
1350 1594 1429 1622 aliud
1444 1594 1473 1622 G
1489 1595 1515 1623 d.
1530 1595 1556 1630 ψ
1569 1595 1636 1623 modo
1653 1604 1732 1623 unum

1191 1641 1228 1670 45
1251 1641 1303 1660 cur
1315 1635 1339 1661 A
1356 1634 1380 1661 d.
1395 1634 1420 1668 ψ
1434 1635 1501 1671 quod

1190 1687 1231 1694 —
1253 1673 1382 1701 volumus
1397 1674 1422 1708 ψ
1437 1673 1551 1702 nolumus

1212 1721 1228 1741 2
1250 1712 1294 1740 illi
1311 1714 1336 1741 A
1354 1714 1376 1742 L
1393 1723 1433 1741 nor
1447 1714 1490 1742 illi
1504 1715 1528 1742 R
1545 1723 1585 1741 nos

1210 1762 1230 1789 4
1250 1753 1307 1780 alia
1320 1753 1392 1781 alius
1409 1753 1499 1792 magis
1515 1755 1541 1782 A
1556 1753 1634 1782 atiud
1643 1755 1722 1791 magis
1735 1754 1785 1782 alio

1212 1792 1230 1820 6
1252 1792 1378 1830 cuipiam
1390 1793 1418 1821 G
1434 1795 1571 1831 cnjuspt'anr

1212 1833 1228 1860 8
1252 1832 1388 1861 habemus
1403 1834 1432 1862 G
1447 1833 1583 1861 hal-eamus

1190 1886 1232 1895 —
1251 1873 1397 1902 assensores
1415 1874 1438 1901 L
1453 1873 1618 1910 affenjatores

1211 1923 1230 1951 9
1251 1913 1291 1941 ita
1305 1913 1336 1942 fit
1352 1914 1377 1941 A
1390 1913 1496 1950 Itmfit
1513 1914 1538 1946 ψ
1552 1913 1663 1951 Irmfit

1195 1961 1231 1980 10
1251 1962 1325 1982 notae
1341 1953 1393 1982 {int
1408 1954 1433 1982 A
1449 1954 1478 1982 G
1494 1954 1597 1991 notastt
1609 1954 1634 1990 ψ
1649 1953 1783 1991 netatafit

1191 2007 1232 2014 —
1252 2002 1292 2021 eae
1307 1994 1330 2021 A
1345 1994 1373 2022 G
1386 1994 1410 2028 ψ
1425 2004 1455 2022 ta

1194 2041 1225 2062 11
1252 2033 1402 2062 videantur
1419 2033 1540 2073 infignes
1560 2035 1587 2063 A
1608 2034 1637 2063 G
1656 2033 1683 2070 ψ
1703 2034 1824 2062 videam

1297 2073 1402 2110 Insignis

1195 2121 1231 2149 14
1252 2114 1432 2151 praeceptoris
1448 2114 1476 2143 G
1488 2116 1672 2153 preceptionis

1196 2162 1232 2222 :a
1253 2166 1477 2230 ψ

1197 2242 1231 2270 19
1253 2233 1330 2271 poffit
1346 2234 1370 2261 A
1382 2234 1461 2272 pfft

1194 2282 1233 2303 2ο
1255 2274 1296 2303 Ut
1308 2283 1373 2302 cum
1386 2275 1422 2302 de
1433 2274 1459 2303 A
1468 2275 1570 2312 quod-t
1581 2284 1636 2302 cnm
1646 2277 1677 2303 de
1686 2274 1715 2304 G
1726 2274 1825 2313 Qen-

1301 2314 1430 2342 admotum
1453 2322 1538 2343 tamen
1562 2316 1591 2343 de
1609 2315 1635 2350 ψ
1657 2315 1826 2353 Qtnudne-

1299 2353 1357 2381 dnm
1371 2364 1427 2383 eun
1440 2356 1470 2384 de

1198 2403 1233 2423 22
1255 2403 1311 2422 non
1326 2394 1405 2423 mille
1424 2394 1450 2431 ψ
1464 2395 1584 2424 nonnulla

1195 2444 1233 2472 24
1254 2434 1425 2463 arbitramur
1439 2437 1465 2465 A
1479 2439 1639 2464 arbitratum

1197 2484 1234 2515 29
1255 2483 1284 2505 et
1299 2474 1421 2514 ipsarum
1438 2477 1464 2506 A
1479 2478 1593 2515 ipsarum
1609 2477 1637 2506 G
1654 2476 1814 2515 ipſsarnnqne
