2335 3009
523 239 598 280 162

521 341 606 365 num
625 327 711 376 quid
730 340 764 364 re
781 328 946 364 transa&a
963 329 1120 364 relictum
1139 328 1190 372 sit,

519 377 618 425 quod
636 377 762 412 indicet
779 387 838 412 aut
858 375 990 414 factum
1007 377 1071 412 effe
1089 377 1191 412 male-

521 426 656 468 ficium,
700 435 759 461 aut
793 437 813 460 a
853 437 926 473 quo
966 426 1005 461 sit
1047 425 1190 461 faetum.

522 474 671 510 Factum
686 474 763 516 ess‘e,
781 473 847 509 hoc
865 474 993 510 modo:
1014 475 1037 510 si
1057 485 1192 510 tumore

520 532 556 558 et
585 523 694 558 livore
723 522 960 558 decoloratum
988 523 1036 558 est
1065 535 1193 570 corpus

522 571 664 615 mortui,
691 570 859 619 fignificat
880 583 961 606 eum
986 583 1118 606 veneno
1135 583 1193 606 ne-

521 630 649 655 catum.
706 621 740 655 A
771 631 844 666 quo
872 619 1004 655 factum
1034 620 1087 662 sit,
1126 620 1192 655 hoc

523 669 647 703 modo:
676 668 698 703 fi
727 668 847 709 telum,
882 668 906 704 si
938 668 1191 711 vestimentum,

523 717 548 752 si
570 716 657 764 quid
680 715 845 764 ejusmodi
873 716 1027 752 relietum
1054 717 1106 757 sit,
1133 726 1193 751 aut

523 765 705 812 vestigium
725 776 896 812 repertum
910 763 1025 806 fuerit,
1053 765 1076 800 si
1091 777 1193 800 cruor

525 814 559 848 in
579 814 799 856 vestimentis,
826 814 850 848 s1
875 814 908 848 in
931 826 973 848 eo
997 814 1075 849 loco
1096 825 1190 849 com-

522 862 704 910 prehensus
723 873 781 896 aut
800 861 889 896 visus
905 861 1069 897 transafto
1087 874 1190 909 nego-

523 911 593 953 tio,
611 922 684 957 quo
711 910 745 945 in
770 910 848 945 loco
868 922 916 944 res
934 911 1025 957 gesta
1051 911 1188 945 dicitur.

523 959 730 994 Consecutio
747 959 1090 1006 est,cumquaeritur,
1109 970 1190 1006 quae

523 1008 618 1055 signa
640 1007 792 1042 nocentis
808 1018 843 1042 et
865 1007 1054 1042 innocentis
1077 1007 1191 1043 conse-

522 1055 584 1103 qui
621 1056 758 1091 soleant.
804 1055 994 1091 Accusator
1027 1056 1131 1099 dicet,
1166 1056 1191 1090 si

521 1103 660 1152 poterit,
687 1103 925 1145 adversarium,
952 1116 1034 1139 cum
1053 1105 1095 1138 ad
1110 1115 1190 1138 eum

519 1162 665 1187 ventum
692 1152 744 1194 sit,
770 1152 952 1192 erubuisse,
980 1152 1191 1199 expalluisse,

520 1201 703 1242 titubasse,
757 1200 983 1235 inconstanter
1032 1201 1192 1236 locutum

519 1249 596 1291 effe,
622 1248 816 1291 concidisse,
835 1248 1030 1296 pollicitum
1047 1249 1111 1296 effe
1131 1249 1190 1284 ali-

519 1297 606 1344 quid
622 1315 632 1339 ·,
659 1308 740 1344 quae
760 1298 853 1344 signa
871 1297 1084 1333 conscientiae
1102 1297 1188 1333 sunt.

520 1346 554 1380 Si
575 1358 649 1381 reus
674 1347 796 1380 horum
822 1345 905 1380 nihil
931 1345 1062 1388 fecerit,
1089 1358 1190 1381 accu-

520 1394 608 1429 sator
621 1394 723 1434 dicet,
736 1405 816 1428 eum
833 1393 940 1441 usque
950 1394 1035 1428 adeo
1044 1406 1189 1440 praeme-

520 1443 669 1478 ditatum
692 1442 804 1485 fuiffe,
830 1443 917 1490 quid
942 1443 1004 1478 fibi
1025 1443 1105 1478 effet
1128 1443 1190 1477 usu

520 1501 724 1533 venturum,
752 1502 790 1526 ut
824 1491 1107 1526 confidentissime
1143 1504 1190 1527 re-

520 1540 633 1575 sistens
652 1540 882 1587 responderet,
899 1551 980 1587 quae
998 1541 1091 1587 signa
1108 1551 1190 1575 con-

519 1589 684 1630 fidentiae,
728 1600 796 1623 non
836 1589 1056 1631 innocentiae,
1099 1588 1187 1624 sunt.

521 1638 700 1678 Defensor,
719 1637 740 1672 fi
760 1637 989 1683 pertimuerit,
1016 1640 1188 1685 magnitu-

517 1686 598 1721 dine
616 1686 771 1733 periculi,
799 1697 866 1720 non
887 1685 1092 1721 conscientia
1108 1699 1190 1734 pec·

517 1736 596 1776 cati,
623 1734 652 1770 se
674 1744 892 1769 commotum
918 1735 982 1770 esse
1005 1735 1108 1770 dicet.
1153 1736 1188 1770 Si

518 1795 586 1818 non
612 1783 838 1831 pertimuerit,
867 1781 996 1818 fretum
1022 1784 1186 1820 innocen-

518 1832 564 1866 tia
583 1833 723 1879 negabit
741 1833 804 1867 effe
822 1842 1052 1868 commotum.

567 1881 627 1915 VI.
656 1881 878 1927 Approbatio
894 1881 954 1922 est,
971 1893 1039 1928 qua
1055 1880 1188 1917 utimur

517 1929 558 1963 ad
592 1939 803 1969 extremum,
850 1930 1052 1965 confirmata
1085 1929 1185 1977 suspi-

517 1977 624 2012 cione.
654 1977 706 2012 Ea
723 1978 826 2012 habet
851 1978 945 2012 locos
964 1979 1120 2025 proprios
1138 1990 1188 2014 at-

515 2037 587 2072 que
616 2037 832 2061 communes,
879 2026 1012 2073 Proprii
1042 2027 1118 2062 sunt
1152 2028 1187 2069 ii,

516 2074 657 2121 quibus..
687 2075 744 2109 nisi
775 2075 957 2116 accusator,
985 2085 1019 2110 et
1051 2076 1084 2117 ii,
1111 2078 1187 2123 qui-

518 2123 583 2158 bus
603 2123 661 2157 nisi
676 2122 843 2165 defensor,
877 2136 980 2158 nemo
996 2125 1105 2171 potest
1125 2125 1186 2160 uti.

515 2173 733 2206 Communes
759 2172 847 2214 sunt,
874 2174 933 2218 qui
953 2173 1016 2207 alia
1036 2173 1068 2207 in
1087 2174 1185 2208 eausa

515 2221 560 2255 ab
579 2232 650 2262 re0,
675 2221 738 2255 alia
757 2222 801 2255 ab
815 2220 1017 2263 accusatore,
1042 2224 1182 2257 tractan-

516 2279 581 2303 tur.
612 2269 649 2304 ln
669 2269 764 2304 causa
783 2269 999 2314 conjecturali
1027 2271 1184 2317 proprius

516 2319 610 2352 locus
629 2317 828 2353 accusatoris
842 2318 902 2360 est,
920 2330 1000 2353 cum
1015 2320 1097 2354 dicit
1115 2332 1184 2354 ma-

516 2368 626 2400 lorum
643 2367 787 2402 misereri
806 2376 1086 2413 nonoportere,et
1105 2380 1186 2403 cum

515 2426 620 2461 auget
649 2417 777 2461 peccati
802 2417 1028 2451 atrocitatem.
1057 2417 1185 2452 Defen—

517 2464 593 2498 soris
614 2465 770 2511 proprius
785 2465 878 2501 locus
889 2465 1041 2508 est,cum
1060 2466 1185 2501 miseri-

831 237 1614 278 RHETORICORUM

1241 326 1394 362 cordiam
1406 337 1533 375 captat,
1546 337 1582 363 et
1593 339 1672 364 cum
1683 330 1913 368 accusatorem

1242 376 1442 410 calumniari
1473 377 1685 413 criminatur.
1742 379 1913 416 Commu-

1242 434 1302 458 nes
1320 423 1385 459 loci
1403 423 1481 459 sunt
1496 437 1577 460 cum
1598 426 1809 470 accusatoris,
1834 439 1911 464 tum

1241 472 1439 516 defensoris,
1465 485 1484 508 a
1501 474 1641 509 testibus
1663 488 1784 512 contra
1799 477 1913 520 testes,

1242 532 1262 555 a
1291 521 1540 568 quaestionibus
1558 534 1677 559 contra
1691 525 1913 572 quaestiones.

1242 569 1287 604 ab
1320 571 1534 616 argumentis
1553 582 1672 607 contra
1695 585 1912 620 argumenta,

1242 629 1262 651 a
1291 618 1490 653 rumoribus
1517 629 1637 654 contra
1666 632 1834 657 rumores.
1877 623 1914 658 A

1243 665 1382 701 testibus
1407 667 1565 702 dicemus
1591 669 1779 705 secundum
1796 671 1914 707 aueto-

1243 713 1380 749 ritatem
1405 725 1440 750 et
1462 716 1570 750 vitam
1591 717 1741 760 testium,
1769 729 1806 754 et
1830 731 1912 755 con-

1242 762 1398 798 stantiam
1439 763 1723 802 testimoniorum.
1783 768 1915 804 Contra

1243 811 1354 854 testes,
1373 812 1458 846 vitae
1477 813 1743 859 turpitudinem,
1761 816 1913 852 testimo-

1241 860 1376 895 niorum
1403 861 1684 898 inconstantiam:
1713 864 1736 899 s1
1759 874 1819 900 aut
1840 865 1913 901 fieri

1240 921 1309 943 non
1326 910 1469 956 potuiffe
1487 910 1654 952 dicemus,
1681 923 1741 948 aut
1757 925 1825 949 non
1843 912 1913 949 fac-

1241 967 1317 992 tum
1352 959 1417 993 esse
1447 959 1541 1004 quod
1572 959 1702 1003 dicant,
1739 971 1798 996 aut
1831 962 1914 998 scire

1241 1005 1317 1040 iilos
1345 1018 1412 1041 non
1439 1007 1597 1053 potuisse,
1625 1019 1685 1043 aut
1709 1010 1836 1057 cupide
1861 1011 1914 1046 di-

1241 1065 1319 1088 cere
1342 1064 1378 1089 et
1404 1056 1647 1100 argumentari.
1688 1057 1782 1093 Haec
1807 1069 1843 1094 et
1869 1060 1913 1095 ad

1242 1100 1534 1148 improbationem
1561 1112 1597 1138 et
1625 1106 1912 1154 approbationem

1243 1151 1378 1186 testium
1396 1151 1632 1197 pertinebunt.

1289 1199 1370 1234 Vll.
1399 1201 1435 1235 A
1465 1201 1713 1246 quaestionibus
1742 1203 1912 1249 dicemus,

1241 1259 1321 1283 cum
1338 1248 1664 1294 demonstrabimus,
1680 1250 1823 1300 majores
1839 1256 1913 1290 nos-

1241 1307 1311 1332 tros
1329 1297 1400 1331 veri
1424 1298 1620 1334 inveniendi
1643 1301 1742 1335 causa
1760 1312 1913 1338 tormen-

1241 1346 1284 1380 tis
1313 1355 1348 1380 et
1377 1346 1587 1381 cruciatibus
1616 1348 1758 1384 voluisse
1788 1352 1911 1398 quaeri,

1240 1404 1276 1429 et
1318 1394 1454 1429 summo
1482 1395 1602 1431 dolore
1629 1395 1787 1434 homines
1817 1401 1912 1448 cogi,

1241 1453 1280 1477 ut
1313 1443 1479 1490 quicquid
1518 1444 1634 1486 sciant,
1676 1447 1804 1483 dicant.
1863 1450 1912 1485 Et

1239 1502 1408 1539 praeterea
1423 1492 1659 1528 confirmatior
1673 1495 1747 1530 haec
1765 1498 1830 1532 erit
1846 1498 1912 1534 dis·

1240 1540 1388 1587 putati0,
1416 1541 1439 1575 si
1460 1551 1542 1588 quae
1567 1542 1657 1578 dieta
1682 1555 1785 1580 erunt
1809 1558 1913 1594 argu·

1241 1589 1440 1630 mentando,
1460 1590 1575 1625 iisdem
1594 1591 1670 1634 viis,
1688 1594 1816 1640 quibus
1834 1607 1913 1631 om-

1240 1637 1292 1672 nis
1314 1636 1510 1684 conjectura
1535 1640 1708 1683 traetatur,
1736 1642 1912 1679 trahemus

1239 1687 1282 1721 ad
1301 1687 1519 1722 verisimilem
1539 1687 1782 1735 suspicionem·,
1802 1693 1910 1728 idem-

1238 1746 1308 1782 que
1326 1735 1391 1770 hoc
1409 1736 1443 1770 in
1461 1735 1662 1772 testimoniis
1679 1739 1790 1775 facere
1807 1752 1911 1787 opor-

1237 1784 1335 1819 tebit.
1354 1785 1480 1819 Contra
1497 1785 1701 1831 quaestiones
1720 1787 1785 1823 hoc
1805 1791 1911 1825 modo

1235 1832 1416 1867 dicemus:
1443 1833 1598 1880 primum
1619 1834 1763 1882 majores
1780 1839 1910 1873 nostros

1235 1881 1375 1916 voluiffe
1409 1884 1509 1917 certis
1539 1883 1572 1918 in
1606 1885 1708 1920 rebus
1739 1887 1910 1934 interponi

1237 1930 1454 1977 quaestiones,
1482 1942 1577 1973 cum,
1603 1943 1684 1979 quae
1710 1946 1789 1969 vere
1817 1938 1909 1971 dice-

1238 1989 1368 2021 rentur,
1395 1978 1493 2020 sciri·,
1520 1991 1601 2027 quae
1618 1980 1700 2016 falso
1721 1983 1754 2017 in
1771 1985 1909 2031 quaesti-

1237 2038 1304 2062 one
1318 2030 1629 2073 pronuntiarentur,
1641 2030 1748 2066 refelli
1764 2034 1909 2079 possent,

1240 2076 1305 2111 hoc
1325 2078 1430 2111 modo
1449 2090 1456 2112 :
1485 2078 1572 2161 (ἒυο
1590 2079 1622 2113 in
1640 2079 1716 2114 ioco
1741 2082 1824 2128 quid
1845 2095 1908 2129 po-

1239 2125 1340 2159 situm
1374 2126 1424 2166 sit,
1450 2135 1485 2161 et
1531 2127 1643 2173 iquid
1674 2130 1754 2164 esset
1790 2131 1908 2174 simile,

1235 2174 1330 2221 quod
1349 2174 1471 2217 videri,
1484 2185 1543 2210 aut
1561 2177 1677 2223 aliquo
1696 2177 1792 2213 simili
1813 2180 1908 2227 signo

1238 2223 1381 2269 percipi,
1403 2225 1529 2269 posset:
1550 2225 1687 2267 deinde,
1705 2228 1815 2263 dolori
1835 2241 1907 2264 cre-

1234 2272 1270 2306 di
1301 2283 1369 2306 non
1399 2282 1572 2318 oportere,
1598 2276 1694 2320 quod
1724 2276 1810 2311 alius
1840 2278 1908 2313 aiio

1237 2320 1404 2354 recentior
1426 2322 1463 2356 sit
1483 2321 1515 2356 in
1534 2323 1666 2365 miore,
1691 2325 1785 2371 quod
1810 2326 1906 2373 inge·

1238 2369 1358 2403 niofior
1376 2370 1416 2403 ad
1441 2372 1783 2416 comminiscendum,
1809 2375 1906 2422 quod

1235 2419 1384 2464 denique
1397 2419 1481 2465 saepe
1497 2419 1574 2455 scire
1588 2431 1645 2456 aut
1661 2420 1814 2469 suspicari
1829 2423 1906 2471 pos·

1238 2467 1287 2509 sit,
1297 2466 1380 2513 quid
1391 2468 1552 2515 quaesitor
1565 2470 1648 2506 velit
1660 2472 1775 2508 audire
1787 2491 1796 2514 ᾗ
1810 2472 1906 2520 quod
