2241 2994
659 217 1507 260 PHILOSOPHORUM.

397 329 580 377 Gorgiam,
610 337 763 369 ceteros;
794 327 826 363 se
851 335 966 361 autem
986 337 1061 361 om-

397 379 496 413 nium
513 388 625 412 rerum
651 375 793 410 inscium
817 376 917 422 fingit
943 383 977 409 et
1005 385 1061 409 ru-

396 427 487 462 dem.
531 425 720 466 Dicunmr,
754 424 798 458 ab
826 435 868 458 eo
894 423 1060 458 diffociati

395 475 507 509 diserti
526 485 545 507 a
567 473 691 513 doffis,
715 482 750 507 et
772 470 933 518 deinceps
955 483 973 505 a
999 473 1059 506 So-

395 522 530 558 craticis
553 522 634 557 item
659 520 836 563 omnibus,
866 519 1060 568 philosophi

394 571 627 618 eloquentiam
669 569 867 617 despexisse,
909 578 1061 604 oratores

395 619 615 667 sapientiam:
645 619 795 665 hincque
815 617 995 652 discidium
1021 618 1060 652 il-

396 669 459 704 lud
486 668 644 704 exstitisse
669 667 765 714 quasi
800 667 930 712 linguae
957 675 1061 713 atque

396 717 522 758 cordis,
551 727 590 751 ut
613 716 670 750 alii
697 726 758 750 nos
786 713 911 762 sapere,
938 714 994 749 alii
1011 714 1062 749 di-

397 777 472 801 cere
491 766 663 800 docerent.
704 763 835 799 Scelere
864 764 1002 797 tandem
1029 773 1064 798 et

396 813 578 867 iniquitate
614 811 777 859 judicum
818 811 854 846 in
895 823 1063 847 carcerem

396 862 572 910 conjectus
600 861 661 904 est,
694 862 728 896 in
755 871 829 907 quo
858 872 920 895 nec
949 870 1065 907 patro-

397 923 482 947 num
501 911 664 958 quaesivit
681 910 723 944 ad
736 908 911 956 judicium
929 909 1064 957 capitis,

397 959 645 1007 necjudicibus
658 958 802 1006 supplex
811 956 880 993 fuit
895 962 1064 1005 (quorum

397 1009 558 1056 magister
590 1016 650 1042 aut
681 1006 844 1042 dominus
882 1007 1065 1042 videbatur

396 1058 461 1092 effe
478 1057 607 1105 potius,
635 1068 740 1103 quam
763 1055 909 1103 supplex
932 1064 992 1090 aut
1014 1067 1063 1090 re-

397 1107 455 1148 us)
474 1105 704 1152 adhibuitque
723 1104 866 1139 liberam
884 1113 1064 1139 contuma-

397 1155 500 1197 ciam,
531 1166 549 1188 a
578 1153 816 1201 magnitudine
846 1153 949 1187 animi
979 1153 1064 1188 duc-

399 1213 482 1246 tam,
510 1215 579 1238 non
601 1215 619 1236 a
643 1202 822 1249 superbia3
849 1212 884 1236 et
907 1201 1066 1249 supremo

398 1253 481 1287 vitae
504 1252 558 1286 die
583 1252 626 1286 de
652 1251 908 1285 immortalitate
934 1251 1064 1285 animo-

399 1313 476 1335 rum
495 1301 606 1335 multa
618 1300 790 1338 disseruit·,
809 1308 843 1334 et
857 1299 974 1346 paucis
988 1310 1065 1334 ante

397 1349 533 1391 diebus,
558 1360 640 1383 cum
664 1347 766 1382 facile
788 1348 897 1396 pofl‘et
923 1348 1023 1382 educi
1046 1360 1065 1382 e

397 1398 564 1439 custodia,
591 1396 726 1437 noluit·,
752 1406 786 1431 et
809 1407 891 1431 cum
917 1407 1004 1444 pene
1030 1397 1066 1431 in

397 1445 584 1493 manujam
602 1444 819 1481 mortiferum
838 1445 925 1480 illud
936 1454 1064 1480 teneret

396 1496 580 1544 poculum,
607 1495 745 1529 locutus
774 1493 820 1529 ita
845 1494 906 1536 est,
933 1503 972 1528 ut
994 1505 1063 1529 non

397 1545 441 1578 ad
453 1554 598 1579 mortem
616 1543 721 1584 trudi,
738 1554 859 1578 verum
878 1543 913 1577 in
931 1543 1063 1577 coelum

395 1592 571 1628 videretur
594 1592 781 1626 ascendere.
825 1591 959 1626 Critoni
982 1603 1065 1626 vero

398 1643 460 1677 suo
475 1641 635 1676 familiari
658 1640 759 1682 dixit,
787 1640 849 1676 fibi
871 1640 947 1687 post
970 1641 1063 1675 terti-

398 1702 459 1726 um
477 1691 568 1725 diem
590 1690 654 1724 effe
677 1689 918 1724 moriendum:
949 1689 1066 1724 vidiffe

397 1739 489 1774 enim
501 1738 532 1773 se
545 1738 578 1773 in
593 1737 717 1773 somnis
731 1737 989 1785 pulchritudine
1004 1749 1065 1772 ex-

400 1787 480 1822 imia
496 1786 672 1827 feminam,
699 1798 781 1833 quae
800 1787 831 1821 se
850 1787 988 1821 nomine
1005 1799 1065 1834 ap—

398 1837 542 1884 pellans,
559 1837 686 1870 diceret
704 1835 935 1870 Homericum
954 1847 1063 1883 quen-

399 1886 478 1920 dam
495 1883 661 1931 ejusmodi
682 1884 834 1919 versum:

498 1981 659 2064 seinai?
678 1981 803 2016 Phthiae
820 1981 978 2027 tempestas
993 1981 1068 2016 laela

559 2043 612 2065 oca
635 2038 671 2066 rt.

451 2127 561 2174 Qod
583 2137 623 2162 ut
641 2127 687 2162 est
710 2127 856 2167 dictum,
885 2126 929 2161 fic
953 2126 1068 2161 scribit

402 2177 505 2211 Plato
531 2176 717 2223 contigisse.
760 2175 881 2222 Hujus
910 2175 980 2211 fere
1009 2176 1066 2210 de-

400 2235 492 2260 creta
505 2224 581 2259 sunt
595 2224 669 2259 haec
683 2225 776 2272 apud
794 2225 995 2259 Ciceronem
1011 2239 1019 2259 :

449 2273 599 2308 Animos
621 2273 801 2308 hominurn
827 2273 892 2308 effe
917 2273 1066 2314 divinos,

400 2333 592 2369 eorumque
617 2322 774 2368 duplices
803 2321 920 2356 cursus
948 2334 968 2357 e
992 2334 1068 2357 cor-

400 2382 486 2418 pore
513 2368 770 2405 excedentium:
815 2369 931 2418 impiis
956 2371 1066 2418 quod-

401 2420 482 2454 dam
511 2419 573 2454 iter
593 2419 668 2459 esse,
698 2417 861 2453 seclusum
880 2430 898 2453 a
922 2419 1071 2454 concilio

401 2468 546 2504 deorum
565 2481 573 2504 :
600 2467 699 2504 bonis
723 2479 805 2502 vero
827 2477 867 2503 et
889 2467 1000 2511 castis,
1027 2468 1069 2503 ad

1695 221 1773 275 389

1111 326 1206 368 deos,
1249 337 1267 360 a
1305 326 1434 374 quibus
1473 328 1578 363 effent
1617 327 1777 376 profeffl,

1110 374 1247 409 facilem
1284 376 1432 410 reditum
1462 387 1585 423 patere.
1633 377 1722 424 Tust.
1749 377 1775 413 1.

1112 434 1172 470 29,
1200 435 1256 469 30.
1283 432 1317 458 et
1334 425 1371 458 de
1387 426 1489 460 Amic.
1509 438 1543 468 4.

1161 473 1289 514 Bonos,
1319 473 1457 509 beatos:
1495 474 1687 522 improbos,
1712 474 1776 510 mi·

1112 520 1209 555 seros.
1251 521 1340 564 Tust.
1361 521 1404 556 V.
1423 533 1483 565 12.-

1160 569 1339 604 Bonorum
1363 569 1469 604 vitam
1496 569 1641 608 beatam.
1685 570 1776 617 Tusc.

1110 618 1154 653 V.
1176 629 1232 663 30.

1161 667 1253 701 lnter
1279 666 1512 708 Alcibiadem,
1541 667 1675 703 summo
1701 668 1779 704 loco

1113 725 1246 757 natum,
1272 724 1306 750 et
1362 716 1495 751 uemvis
1521 715 1690 763 bajulum,
1719 718 1780 752 nisi

1112 764 1277 799 virtutem
1308 763 1350 798 ha
1398 774 1458 807 ret,
1498 765 1583 801 nihil
1618 765 1778 802 interess'e.

1113 814 1200 857 Tusc.
1221 813 1283 848 ΙΙΙ.
1306 824 1362 858 3²·

1162 861 1360 896 Utilitatem
1390 873 1408 895 a
1430 871 1551 897 natura
1568 875 1636 898 non
1653 862 1717 898 effe
1735 862 1780 898 se-

1107 907 1334 957 jungendam.
1367 910 1403 945 de
1423 911 1503 958 Leg.
1532 912 1559 947 I.
1596 923 1650 948 12.
1691 911 1779 959 Offic.

1161 1007 1389 1056 Voluptatem
1424 1008 1523 1044 nullo
1551 1009 1630 1044 loco
1659 1020 1781 1045 nume-

1113 1056 1265 1092 randam.
1318 1057 1398 1092 Cibi
1425 1058 1685 1095 condimentum
1716 1059 1780 1094 esse

1112 1104 1252 1148 famem,
1270 1106 1422 1152 potionis
1433 1105 1533 1142 sitim.
1559 1106 1596 1142 de
1611 1107 1716 1143 Finib.
1731 1107 1778 1143 11.

1118 1156 1174 1189 28.
1201 1163 1235 1189 et
1250 1155 1336 1201 irasc.
1356 1155 1400 1191 V.
1424 1166 1483 1201 34.

1163 1204 1295 1238 Omnes
1316 1203 1348 1237 in
1363 1215 1416 1245 eo,
1443 1204 1539 1250 quod
1554 1203 1685 1247 scirent,
1704 1203 1780 1240 satis

1113 1251 1177 1286 esse
1189 1252 1401 1299 eloquentes.
1428 1253 1464 1287 de
1476 1253 1573 1288 Orat.
1594 1253 1620 1288 I.
1645 1266 1699 1297 14.

1278 1398 1308 1433 P
1350 1398 1384 1433 L
1423 1398 1461 1434 A
1495 1398 1532 1433 T
1573 1399 1619 1435 Ο.

1116 1493 1337 1587 PLATO
1363 1495 1518 1531 Isocratis
1538 1495 1608 1530 fuit
1624 1496 1779 1544 aequaliS.

1201 1543 1325 1578 Homo
1342 1544 1470 1587 varius,
1484 1555 1518 1580 et
1536 1545 1731 1592 multiplex,
1746 1556 1785 1581 et

1114 1591 1286 1639 copiosus,
1313 1592 1436 1628 doftus
1459 1603 1494 1628 et
1524 1594 1624 1640 plane
1653 1594 1782 1641 sapiens

1115 1653 1153 1676 ac
1171 1641 1323 1682 divinus,
1341 1653 1465 1688 magna
1480 1643 1698 1685 verecundia,
1716 1643 1781 1678 sin-

1115 1689 1227 1737 gulari
1244 1690 1453 1737 eloquentia,
1478 1700 1512 1725 et
1530 1691 1693 1726 suavitate
1704 1703 1781 1726 ora-

1115 1738 1230 1780 tionis,
1273 1750 1354 1786 quae
1389 1739 1548 1784 promissa
1573 1740 1620 1774 est
1650 1740 1782 1784 futura,

1115 1799 1196 1822 cum
1215 1786 1265 1821 illi
1280 1788 1314 1821 in
1327 1787 1424 1822 cunis
1439 1789 1586 1836 parvulo
1599 1789 1782 1824 dormienti

1116 1848 1195 1883 apes
1215 1835 1248 1870 in
1262 1836 1395 1871 labellis
1413 1837 1642 1878 consedissent.
1676 1839 1783 1873 Unde

1114 1894 1148 1920 et
1165 1885 1292 1929 Jovem
1309 1885 1407 1920 aiunt
1419 1886 1630 1934 Philosophi,
1645 1886 1668 1921 fi
1683 1887 1784 1923 Grae-

1115 1933 1343 1980 celoquatur,
1362 1934 1405 1968 fic
1425 1935 1542 1981 loqui:
1570 1945 1605 1970 et
1621 1947 1701 1971 eum
1713 1948 1782 1971 non

1114 1982 1251 2017 dicendi
1265 1982 1389 2026 solum,
1407 1983 1461 2018 sed
1474 1984 1576 2018 etiam
1591 1983 1781 2031 intelligen-

1116 2031 1151 2065 di
1167 2031 1401 2078 graviffimum
1420 2032 1592 2067 auctorem
1611 2043 1645 2068 et
1662 2033 1783 2080 magis-

1116 2090 1211 2114 trum
1241 2080 1360 2115 multis
1394 2081 1478 2115 locis
1512 2082 1634 2117 Cicero
1668 2091 1780 2118 vocat.

1117 2129 1236 2176 Qem
1249 2129 1334 2164 tanti
1353 2128 1446 2170 fecit,
1466 2139 1505 2164 ut
1520 2130 1623 2165 deum
1637 2140 1671 2165 et
1687 2131 1782 2177 prin-

1117 2178 1229 2225 cipem
1255 2178 1545 2225 Philosophorum
1576 2179 1780 2222 crediderit;

1116 2236 1150 2261 et
1172 2238 1252 2260 cum
1278 2239 1320 2261 eo
1345 2239 1454 2261 errare
1478 2228 1647 2270 maluerit,
1674 2240 1780 2275 quam

1117 2287 1199 2310 cum
1212 2275 1286 2310 aliis
1302 2287 1382 2310 vera
1399 2275 1528 2317 sentire,
1554 2275 1626 2322 ejus
1645 2277 1713 2323 ipsa
1730 2277 1780 2313 so-

1117 2323 1193 2358 lum
1211 2323 1410 2358 auctoritate
1423 2323 1541 2358 fretus.
1585 2325 1646 2359 Ab
1663 2338 1704 2361 eo
1719 2326 1782 2361 eti-

1119 2384 1174 2407 am
1189 2373 1250 2420 qui
1269 2373 1437 2414 diffident,
1457 2372 1609 2419 plebeios
1621 2384 1655 2409 et
1668 2374 1780 2410 minu-

1120 2430 1173 2456 tos
1209 2422 1273 2456 esse
1306 2421 1532 2468 philosophos
1562 2433 1673 2469 putat.
1721 2424 1789 2460 Ob-

1118 2481 1264 2518 eamque
1293 2468 1429 2505 causam
1467 2482 1487 2506 a
1519 2470 1676 2516 Platone,
1707 2482 1781 2509 tan-
