2335 3009
639 323 696 363 G.
737 324 779 377 J.
815 323 1137 371 VOSSIUS,
1180 322 1223 363 de
1258 322 1372 364 Rhet.
1402 322 1502 363 Nat.
1531 331 1613 378 cap.
1650 335 1714 377 13.

559 441 903 472 HETORICORUM
924 443 960 472 ad
974 443 1152 472 Herennium

579 488 667 518 libros
682 490 696 519 1
703 490 740 525 V,
761 489 862 519 Marco
880 490 996 529 quidem
1019 491 1153 520 Ciceroni

481 533 613 564 tribuunt
627 535 660 564 B.
676 535 870 574 Hieronymus
885 537 914 565 in
930 536 1068 570 Abdiam,
1079 537 1151 564 Prae-

483 578 536 609 sat.
558 590 621 619 quae
640 582 677 610 ad
701 582 925 615 Pammachium,
947 590 976 611 et
998 581 1153 611 Priscianus

484 625 537 654 lib.
565 626 595 655 6.
620 628 647 657 8.
671 636 700 666 9.
725 634 755 656 et
780 636 826 656 ιο.
850 628 875 656 E
896 627 1060 665 junioribus
1086 636 1154 656 vero

485 672 650 702 Leonardus
678 673 812 702 Aretinus
849 673 880 702 in
908 673 968 702 vita
995 673 1154 707 Ciceronis,

484 717 698 757 Trapezuntius
712 719 805 758 primo
827 719 1056 754 Rhetoricorum,
1080 721 1156 748 Lau·

484 767 593 796 tentius
616 767 768 802 Valknfis,
790 768 919 807 Angelus
942 768 1108 802 Politianns,
1129 776 1158 798 et

486 811 641 843 Udalricus
664 814 763 843 Zafius
782 814 923 853 prooemio
942 815 1104 844 Comment.
1128 815 1159 844 in

484 857 564 887 hunc
585 858 749 898 magistrum
769 860 1006 890 Herennianum:
1028 860 1159 899 operose-

486 914 546 943 que
567 905 645 936 idem
665 906 825 936 defendunt
844 906 983 936 Nicolaus
1007 907 1160 947 Angelius,

488 953 620 983 Marinus
656 953 854 988 Becichemus,
893 955 1038 994 Georgius
1075 955 1161 983 Valla

489 999 682 1029 Placentinus.
717 1001 771 1029 Sed
787 1000 860 1029 hanc
874 1000 1040 1030 sententiam
1054 1000 1161 1029 refutat

489 1046 619 1084 Angelus
639 1046 827 1075 Decembrius
842 1047 896 1075 lib.
915 1047 938 1075 1.
957 1047 993 1075 de
1008 1046 1114 1074 Politia
1127 1047 1162 1075 li-

493 1093 606 1126 teraria,
628 1089 701 1130 part.
720 1101 766 1126 ιο,
789 1092 930 1121 Corradus
952 1092 983 1120 in
1006 1092 1162 1130 Qaestura,

489 1147 520 1168 et
543 1139 704 1168 Franciscus
726 1138 857 1167 Floridus
878 1137 932 1166 lib.
950 1137 976 1166 1.
999 1137 1162 1166 Subficiva-

490 1197 566 1222 rum,
597 1196 662 1226 cap.
687 1195 717 1224 4.
740 1185 796 1214 Sed
820 1195 906 1225 quem
934 1193 1032 1214 eorum
1061 1191 1164 1223 putent

491 1235 646 1270 anaorem,
661 1243 719 1263 non
733 1241 894 1272 exponunt.
929 1231 1085 1267 Nonnulli,
1105 1240 1163 1260 non

491 1281 604 1311 levibus
638 1279 754 1310 addam
789 1279 969 1317 conjecturis,
1009 1278 1165 1308 Cornificio

492 1327 623 1357 tribuunt
636 1339 645 1356 ι
666 1335 752 1365 quem
766 1325 921 1355 Rhetorica
934 1324 1065 1364 scripfiss'e
1079 1323 1166 1354 Fabi-

494 1384 528 1404 ιιι
549 1374 633 1404 docet
648 1373 700 1403 lib.
714 1373 770 1408 111,
790 1381 854 1411 cap.
880 1380 908 1406 1,
928 1378 958 1400 et
978 1371 1061 1400 alibi.
1093 1371 1166 1400 Eam

494 1419 663 1450 sententiam
684 1426 834 1458 oppugnat
849 1418 891 1447 M.
913 1417 1049 1446 Mattius.
1084 1416 1163 1445 Con-

496 1475 540 1497 tra
567 1467 620 1497 effe
651 1476 749 1495 eorum
781 1466 923 1494 auctorem
959 1463 1165 1497 Cornificium,

495 1514 654 1554 persuasum
686 1512 742 1542 fuit
777 1513 861 1541 Petro
895 1511 1036 1544 νὶἑὶοτίο,
1074 1509 1166 1540 Paulo

493 1562 639 1595 Manutio,
671 1559 844 1598 Majoragio,
875 1558 1006 1593 Muteto,
1036 1555 1168 1595 Sigonio,

495 1618 529 1639 ac
544 1607 731 1639 Riceobono;
746 1605 826 1642 cujus
841 1605 894 1633 hac
908 1604 944 1632 de
960 1613 989 1632 re
1002 1611 1081 1632 extat
1095 1610 1167 1632 trac-

498 1662 571 1684 tatus
596 1652 747 1682 adversum
776 1651 820 1679 M.
848 1651 997 1679 Mattium.
1038 1649 1167 1687 Raphael

496 1709 613 1740 quoque
635 1698 756 1738 Regius,
777 1696 822 1725 vel
837 1695 984 1725 Cornificii
999 1695 1052 1724 ess'e
1075 1703 1168 1734 putat,

495 1749 542 1778 vel
557 1745 685 1786 virginii
701 1744 778 1778 Rufi,
798 1743 843 1772 vel
864 1742 1014 1778 Timolai;
1032 1743 1080 1780 qui
1099 1752 1170 1772 unus

496 1805 514 1824 e
537 1793 658 1833 triginta
680 1790 873 1819 Romanorum
893 1789 1021 1826 tyrannis
1042 1788 1118 1817 suit:
1140 1795 1169 1818 at

498 1841 651 1881 Virginius
665 1836 840 1877 temporibus
850 1837 976 1866 Neronis
988 1839 1171 1876 juventutem

500 1889 530 1919 in
542 1887 711 1926 eloquentiae
727 1883 817 1913 studio
832 1882 998 1916 exercebat,
1020 1891 1052 1912 ut
1074 1883 1171 1912 aussor

498 1938 538 1968 est
558 1935 680 1966 Tacitus
700 1932 806 1961 Annal.
830 1931 898 1964 XV,
919 1939 1040 1970 eumque
1055 1931 1090 1959 de
1112 1940 1172 1960 arte

501 1982 656 2016 Rhetorica
680 1977 811 2017 scripliss'e
839 1976 943 2006 Fabius
971 1977 1011 2005 ait
1036 1977 1089 2006 lib.
1114 1977 1170 2006 111.

500 2043 566 2072 cap.
595 2040 622 2059 1.
641 2037 675 2058 ae
699 2025 828 2056 meminit
853 2025 929 2054 illius
951 2025 1037 2054 etiam
1063 2025 1171 2054 Plinius

501 2079 583 2118 epist.
609 2086 631 2106 ι.
651 2073 704 2103 lib.
720 2073 759 2107 11.
779 2072 872 2110 deque
892 2071 989 2100 eodem
1014 2071 1173 2109 Tranquil-

501 2127 546 2156 lus
561 2123 622 2164 egit
636 2121 710 2150 libro
725 2119 761 2148 de
776 2118 868 2147 claris
883 2116 1067 2146 Rhetoribus.
1099 2117 1173 2146 Aliis

501 2179 618 2212 quoque
642 2167 738 2196 anaor
760 2164 873 2194 videtur
895 2165 943 2193 M.
956 2163 1067 2197 Gallio.
1089 2173 1172 2201 quem

503 2222 576 2250 inter
591 2217 730 2246 Rhetoras
752 2212 864 2252 reponit
885 2211 983 2241 rhetor
1003 2213 1120 2246 Seneca,
1141 2221 1173 2240 ac

504 2264 634 2296 meminit
656 2270 770 2301 quoque
794 2259 854 2297 ejus
877 2259 974 2287 anaor
997 2258 1114 2296 Dialogi
1139 2259 1174 2286 de

503 2313 590 2344 caulis
606 2317 744 2348 corrupta·
759 2305 928 2344 eloquentiae
942 2315 949 2334 z
965 2305 1095 2334 Gallioni
1110 2306 1174 2343 qui-

504 2359 569 2389 dem
585 2356 709 2386 disertim
732 2352 833 2384 tribuit
849 2352 940 2391 Julius
962 2352 1087 2391 Scaliger
1102 2352 1175 2380 Ora-

506 2407 582 2436 tione
607 2414 660 2443 pro
684 2403 824 2433 Cicerone
851 2408 950 2430 contra
970 2398 1128 2432 Erasmum.
1147 2407 1175 2428 et

508 2454 560 2484 lib.
587 2450 639 2481 ΠΙ.
664 2451 700 2481 de
723 2459 752 2480 re
776 2449 891 2479 Poetic-
913 2457 978 2487 tap.
1002 2455 1050 2486 3¹·
1072 2454 1101 2477 et
1124 2446 1173 2485 36.

1202 441 1337 480 Denique
1351 441 1577 471 Nascimbaenius
1600 441 1630 471 in
1652 441 1728 471 libro
1747 442 1787 470 11.
1809 441 1876 470 cic.

1202 489 1238 517 de
1260 488 1428 516 Inventione
1444 488 1519 520 vult,
1540 496 1589 517 aut
1614 488 1761 517 Ciceronis
1783 487 1875 516 filium

1202 536 1345 564 auctorem
1371 535 1435 570 esse,
1463 543 1513 563 aut
1538 535 1676 564 Lauream
1703 536 1763 573 ejus
1787 534 1876 563 liber-

1205 590 1285 615 tumz
1308 582 1358 620 qui
1378 589 1407 610 et
1429 581 1488 619 ipse
1509 581 1613 610 Cicero
1629 581 1798 615 vocabatur,
1816 581 1876 609 eos-

1203 638 1260 666 que
1285 627 1373 657 libros
1395 627 1515 663 scri-here
1542 628 1648 666 potuit,
1676 636 1708 657 ut
1731 622 1878 667 perfice-ret

1203 674 1355 703 oratoriam
1382 681 1483 708 artem,
1516 674 1597 712 cujus
1623 683 1734 713 partem
1766 683 1878 704 tantum

1205 721 1337 750 tractarat
1353 720 1456 750 Cicero
1469 721 1499 750 in
1517 721 1640 755 duobus,
1662 729 1693 750 ut
1707 721 1758 755 ait,
1780 722 1815 750 de
1830 722 1880 750 In-

1207 769 1342 798 ventione
1362 769 1456 798 libris.
1487 770 1522 798 In
1545 769 1598 799 hoc
1620 769 1749 803 dissensu,
1771 779 1822 799 nos
1844 770 1879 798 iis

1207 816 1380 850 accedimus,
1394 816 1444 854 qui
1460 815 1607 845 Cornificii
1621 817 1674 845 effe
1687 816 1860 845 arbitrantur
1869 829 1880 846 ε

1208 862 1296 900 idque
1317 862 1350 890 iis
1370 862 1518 901 compulfi,
1540 872 1604 901 quae
1625 873 1642 891 a
1661 862 1829 891 Riccobono
1850 869 1880 892 et

1207 909 1272 938 aliis
1288 909 1477 938 adducuntur.
1512 909 1568 937 Sed
1582 909 1646 947 quis
1666 909 1714 937 iste
1730 909 1882 940 Cornifici,

1210 967 1240 984 us
1253 959 1335 985 3num
1351 957 1386 985 L.
1403 957 1586 990 Cornificius,
1597 958 1647 995 qui
1663 957 1779 985 Caesaris
1795 956 1879 994 Qae·

1210 1002 1263 1030 ssor
1279 1002 1334 1031 fuit
1349 1002 1426 1031 bello
1447 1003 1539 1037 civili,
1559 1011 1588 1032 et
1609 1013 1662 1042 pro
1681 1004 1801 1032 Pnetrre
1815 1003 1882 1032 mis-

1210 1048 1254 1077 sus
1282 1048 1312 1077 in
1340 1048 1499 1087 Illyricum,
1521 1050 1587 1078 teste
1614 1049 1722 1078 Caesare
1747 1050 1801 1079 lib.
1827 1051 1883 1085 IV,

1210 1095 1319 1134 quique
1334 1095 1441 1124 Caesare
1461 1095 1633 1135 interempto
1651 1104 1745 1134 partes
1765 1098 1885 1127 Senatus

1210 1142 1330 1177 secutus,
1349 1151 1435 1182 atque
1450 1154 1466 1172 a
1481 1136 1584 1174 Sextid
1596 1145 1625 1174 in
1641 1145 1734 1183 Lybia
1749 1145 1885 1186 profliga-

1213 1197 1258 1219 tus
1278 1197 1308 1218 et
1326 1190 1412 1219 caesus
1428 1190 1494 1224 fuit,
1515 1199 1546 1220 ut
1559 1191 1597 1220 est
1616 1191 1692 1229 apud
1717 1192 1886 1231 Appianum

1212 1235 1265 1266 lib.
1280 1235 1336 1270 IV,
1355 1245 1384 1266 et
1400 1236 1523 1266 Dionem
1538 1237 1592 1266 lib.
1613 1237 1749 1266 XLVIII.
1778 1237 1888 1269 Extant

1213 1282 1251 1311 ad
1272 1293 1338 1312 eum
1352 1284 1476 1323 epistolae
1491 1284 1638 1314 Ciceronis
1657 1285 1710 1314 lib.
1726 1286 1794 1317 XII.
1830 1288 1886 1318 At-

1213 1339 1270 1369 que
1291 1330 1367 1359 hunc
1390 1339 1499 1369 patrem
1514 1332 1567 1360 effe
1581 1339 1703 1370 quatuor
1716 1333 1752 1362 ad
1774 1333 1887 1363 Heren-

1215 1375 1295 1405 nium
1330 1377 1468 1406 librorum
1500 1377 1594 1407 censet
1625 1377 1821 1417 Glandorpias
1856 1381 1890 1410 in

1213 1424 1407 1454 Onomastico.
1441 1424 1496 1454 Sed
1524 1425 1597 1454 mihi
1620 1426 1712 1465 magis
1736 1427 1767 1455 fit
1791 1427 1888 1457 verifi-

1214 1471 1294 1504 mile,
1312 1471 1365 1499 effe
1379 1480 1476 1499 eorum
1497 1471 1638 1500 austorem
1654 1471 1688 1500 L.
1699 1472 1890 1503 Cornificium.

1215 1518 1301 1547 Lucii
1315 1518 1417 1552 filium,
1431 1518 1480 1556 qui
1497 1518 1649 1547 octaviani
1663 1519 1780 1548 Caesaris
1794 1530 1890 1559 partes

1215 1566 1325 1596 secutus
1348 1567 1394 1595 M.
1412 1566 1531 1595 Brutum
1552 1567 1668 1596 Caesaris
1691 1568 1891 1606 percussorem,

1216 1613 1369 1643 Plutarcho
1395 1613 1472 1645 teste,
1494 1622 1546 1650 pro
1573 1613 1708 1642 tribunali
1737 1616 1891 1651 accusavit.

1217 1669 1251 1688 ac
1270 1659 1347 1688 bello
1361 1659 1458 1687 Siculo
1471 1658 1630 1687 octaviano
1645 1659 1753 1688 strenue
1772 1669 1889 1698 operam

1218 1707 1342 1737 navavit.
1365 1706 1461 1734 favore
1481 1705 1605 1744 denique
1623 1707 1774 1735 ociaviani
1795 1707 1891 1737 adhuc

1218 1752 1383 1783 Triumviri
1404 1751 1579 1781 consulatum
1608 1753 1645 1780 est
1672 1753 1791 1791 adeptus
1815 1763 1891 1783 anno

1219 1799 1386 1829 DCCXIX.
1421 1798 1508 1837 Qod
1524 1798 1543 1827 fi
1558 1798 1680 1832 idcirco,
1701 1799 1770 1837 quia
1797 1800 1891 1829 Tullii

1219 1857 1322 1876 nomen
1346 1857 1362 1876 a
1385 1854 1429 1876 tot
1445 1855 1519 1876 retro
1536 1845 1634 1875 seculis
1657 1847 1842 1884 praetulerint,
1863 1857 1893 1877 et

1221 1903 1314 1924 tamen
1330 1893 1436 1922 nobilis
1451 1893 1529 1922 illius
1550 1893 1676 1922 Oratoris
1691 1893 1744 1921 effe
1758 1904 1812 1922 non
1830 1894 1892 1933 pos-

1222 1943 1296 1976 fint;
1324 1941 1426 1979 aliquis
1451 1950 1514 1969 cum
1540 1940 1750 1969 Nascimbaenio
1772 1942 1894 1980 suspice-

1223 1998 1280 2022 tur,
1301 1988 1353 2017 effe
1369 1989 1451 2017 unius
1465 1998 1481 2016 e
1497 1989 1640 2017 Ciceronis
1659 1987 1769 2016 libertis
1783 1999 1789 2016 :
1811 1989 1892 2028 equi-

1221 2036 1286 2064 dem
1322 2045 1377 2063 non
1414 2035 1528 2063 Laureae
1556 2034 1651 2062 Tullii
1678 2035 1730 2062 effe
1761 2035 1897 2071 dixerim,

1222 2083 1301 2120 cujus
1325 2082 1352 2110 in
1369 2082 1516 2110 Ciceronis
1531 2081 1628 2110 villam
1644 2081 1735 2109 versus
1758 2081 1896 2111 habemus

1223 2130 1252 2159 in
1268 2131 1420 2160 Cataleclis
1436 2129 1606 2168 virgilianis
1628 2131 1691 2165 (nec
1708 2129 1794 2161 enim.
1816 2129 1896 2168 quod

1223 2178 1320 2211 sciam,
1341 2187 1405 2206 eum
1429 2177 1501 2205 inter
1516 2175 1598 2212 hujus
1614 2175 1680 2202 artis
1695 2175 1821 2204 doclores
1844 2185 1894 2204 ve·

1225 2232 1315 2253 terum
1331 2223 1453 2261 reposuit
1465 2222 1624 2261 quisquam)
1638 2221 1683 2249 sed
1697 2221 1791 2250 Tullii
1807 2222 1895 2251 Tiro·

1226 2272 1268 2301 nis
1283 2285 1290 2305 ;
1305 2282 1389 2310 quem
1405 2271 1477 2299 inter
1494 2270 1628 2298 Rha-toras
1642 2279 1742 2297 nomen
1759 2270 1895 2304 habuifl’c.

1225 2319 1331 2347 conflat
1351 2328 1384 2346 ex
1410 2317 1495 2346 Plinii
1521 2315 1686 2344 Veronensis
1702 2315 1754 2344 lib.
1778 2316 1817 2346 ll.
1851 2318 1894 2346 Ae

1228 2365 1282 2393 fuit
1304 2365 1325 2393 i·
1352 2374 1465 2402 quoquc
1488 2363 1559 2391 inter
1579 2372 1637 2396 cos,
1658 2361 1811 2400 dequibus
1833 2363 1896 2402 egit

1225 2410 1413 2449 Tranquillus
1431 2409 1504 2438 libro
1518 2408 1552 2438 de
1567 2409 1658 2438 Clarii
1674 2407 1856 2438 Rhe-toribus-
