2335 3009
764 234 1386 277 HISTORIA.

382 331 504 368 tertius
542 331 615 367 dies
644 329 799 376 januarii
828 331 1052 379 fignificatur,

385 390 424 416 ut
454 381 507 423 fit,
546 379 647 415 tertio
675 379 731 414 die
761 380 838 427 post
865 381 1052 423 Kalendas,

382 428 636 464 connumeratis
655 427 734 474 iplis
764 429 941 464 Kalendis.
994 429 1051 464 Sic

381 477 521 519 Livius,
558 477 613 512 lib.
644 477 768 513 XXX.
797 487 867 523 cap.
897 479 955 513 28.
990 478 1049 520 ait,

381 526 618 562 Hannibalern
636 526 711 572 post
728 526 860 561 sextum
875 526 1050 562 decimum

379 586 511 609 annum
539 586 583 610 ex
619 575 716 610 ltalia
756 575 944 610 deceffisse:
984 576 1049 623 qui

380 623 476 658 venit
502 623 536 658 in
566 623 702 658 Italiam
734 635 823 658 anno
854 634 893 659 ut
921 624 1048 660 Livius

379 682 549 715 numerat,
575 673 619 707 ab
638 673 686 707 U.
707 673 750 707 C.
773 684 919 715 Dxxxu,
937 673 1048 708 deces-

379 720 420 755 fit
453 732 542 755 anno
587 732 728 755 nxnvn.
789 721 896 755 Recte
943 720 1050 768 igitur

378 769 510 803 Paulus
527 769 799 814 jurisconsultus
817 769 850 804 in
870 770 913 804 L.
934 771 1048 805 Anni-

378 817 493 860 culus,
520 819 565 853 D.
595 818 638 852 de
662 818 766 853 Verb.
799 817 911 865 signif.
964 821 1050 855 Ante

377 865 455 900 diem
473 866 619 901 decimum
640 866 863 909 Kalendarum,
884 867 952 914 post
969 867 1049 902 diem

377 914 523 949 decimum
540 915 765 957 Kalendarum,
781 924 904 957 neutro,
921 915 1047 963 inquit,

367 965 511 1008 sermone
545 964 682 1000 undecim
715 964 780 999 dies
811 965 1046 1011 stgm'ficantur.

379 1012 435 1047 Sic
465 1014 556 1047 enim
585 1013 769 1060 legendum
796 1025 838 1047 ex
866 1014 1047 1049 Pandeetis

377 1061 599 1104 Florentinis,
626 1074 707 1103 non,
735 1071 865 1109 utroque
881 1063 1046 1107 sermone:

378 1120 419 1144 ut
460 1123 636 1158 perperam
669 1111 838 1152 Alciatus,
880 1111 1047 1153 Budaeus,

377 1159 480 1194 Valla
497 1170 531 1194 et
549 1160 724 1195 Corradus
742 1160 908 1207 legerunt.
934 1161 1047 1207 Apud

377 1208 605 1243 Plutarchum
629 1220 768 1243 omnem
793 1208 1046 1244 dubitationem

377 1257 470 1292 tollit
491 1257 524 1291 id
542 1258 636 1304 quod
656 1257 832 1304 sequitur:
861 1258 902 1293 Ἐν
919 1255 934 1300 ἶ
951 1260 1000 1293 rua?
1024 1264 1047 1293 οῗ

376 1308 503 1353 &perte
550 1310 674 1352 εὔχονται
713 1323 738 1352 ²9
778 1308 866 1341 δυ’κσιν
907 1310 973 1352 ὑπὲρ
1013 1309 1049 1342 *ἡῖ

377 1359 521 1398 ἱγμόνθ.
574 1355 613 1388 ld
629 1354 689 1396 est,
717 1355 787 1401 „Quo
814 1353 864 1388 die
881 1365 961 1389 nunc
977 1367 1043 1389 ma-

370 1403 524 1449 gistratus
535 1412 596 1448 pro
613 1403 765 1448 Principe
770 1402 903 1447 faciunt
919 1411 947 1438 et
964 1412 1043 1437 vota

376 1460 570 1497 nuncupant.
623 1453 678 1486 De
707 1464 780 1499 quo
802 1452 857 1486 die
874 1451 980 1486 Caius
1009 1452 1044 1487 in

375 1500 423 1535 L.
442 1501 478 1535 Si
496 1501 655 1542 calvitur,
674 1502 722 1536 D.
741 1501 784 1534 de
802 1500 907 1535 Verb.
928 1500 1042 1547 signif.

376 1550 450 1595 Post
480 1549 640 1584 Kalendas
667 1551 848 1596 Januarias
875 1549 925 1584 die
952 1552 1046 1584 tertio

372 1608 432 1644 pro
439 1598 548 1643 saline
559 1593 719 1643 Principis
730 1606 809 1632 vota
818 1598 1044 1643 sustipiuntur.

375 1647 455 1682 Ubi
473 1647 611 1682 tertium
629 1647 720 1682 diem
739 1647 893 1692 Januarii
919 1646 1043 1681 intelli-

375 1697 528 1743 gendum
545 1696 610 1731 else
627 1696 703 1731 haec
721 1697 826 1731 verba
854 1695 1045 1742 Capitolini

376 1745 410 1780 in
446 1745 622 1781 Pertinace
649 1745 845 1785 ostendunt,
881 1754 952 1790 cap.
998 1745 1042 1779 6:

375 1795 517 1842 Denique
534 1803 608 1828 ante
623 1797 752 1830 tertium
769 1794 937 1828 Nonarum
954 1793 1045 1836 diem,

376 1844 464 1878 Votis
486 1843 569 1890 ipſs-5,
595 1844 706 1878 milites
729 1845 917 1878 Μαιενηιυη
935 1842 1043 1888 Lasti-

374 1893 473 1934 vium‚
497 1892 676 1938 senatorem
699 1892 839 1930 nobilem,
873 1890 985 1926 ducere
1012 1893 1045 1925 in

374 1941 476 1984 castra
492 1942 671 1976 voluerunt.
721 1942 811 1974 Votis
826 1941 909 1984 ipfis‚
930 1940 963 1974 id
981 1939 1042 1982 est,

375 1989 448 2037 ipso
464 2000 629 2025 votorum
645 1990 701 2024 die
715 2007 725 2029 ·‚
752 1989 933 2036 quomodo
950 1988 1042 2031 ludis,

369 2037 610 2084 gladiatoribus,
646 2049 680 2073 et
712 2038 832 2073 similia
862 2050 880 2072 a
907 2037 1043 2072 Latinis

373 2087 549 2123 dicuntur.
601 2088 658 2122 De
687 2087 803 2122 iisdem
829 2086 920 2121 votis
939 2087 1041 2134 Spar-

371 2135 487 2170 tianus
505 2135 539 2170 in
569 2136 765 2179 Hadriano,
791 2148 867 2182 cap.
890 2146 959 2180 23:
988 2136 1042 2169 In-

370 2185 572 2230 gravescente
607 2185 790 2219 valetudine
819 2197 878 2231 per
900 2188 1043 2230 somnum

369 2235 467 2281 periit
485 2233 554 2278 ipſss
570 2234 716 2268 Kalendis
733 2235 914 2278 Januariis.
933 2233 1045 2279 ‚Quare

373 2281 414 2316 ab
434 2281 602 2316 Hadriano
617 2291 761 2317 votorum
779 2282 869 2329 causa
887 2283 927 2327 est
943 2282 1045 2328 lugeri

371 2331 505 2365 vetitus.
555 2331 604 2369 Et
627 2330 799 2378 Vopiscus
837 2332 872 2365 in
903 2332 1041 2372 Tacito,

375 2391 450 2426 cap.
471 2390 505 2425 9.
557 2379 717 2414 Divorum
732 2379 879 2425 temptum
886 2379 964 2422 fieri
968 2380 1041 2425 jus-

364 2428 425 2471 stt,
463 2429 497 2461 in
527 2439 583 2475 quo
615 2427 702 2475 (Πανί
720 2428 838 2472 statue
864 2429 1042 2474 principum

374 2477 536 2520 bonorum,
574 2478 623 2511 ita
658 2484 695 2512 ut
727 2475 830 2523 iisdem
861 2476 1041 2514 Natatibus

1696 228 1786 293 239v

1092 331 1175 377 fleis,
1199 330 1380 376 Parilibus,
1411 331 1562 369 Kalendis
1591 333 1777 379 Januariis,

1100 386 1132 415 et
1149 380 1238 414 Votis
1253 380 1404 416 libamina
1418 390 1624 427 ponerentur.

1151 428 1269 464 Mater
1302 429 1492 473 Ciceronis,
1528 443 1612 478 quae
1645 430 1773 479 ipsum,

1101 485 1141 512 ut
1158 477 1367 513 Plutarchus
1385 477 1512 521 scribit,
1529 480 1598 516 fine
1617 481 1690 516 ullo
1706 481 1770 517 do-

1100 525 1172 561 lore
1201 526 1348 574 peperit,
1383 526 1452 562 fuit
1481 528 1625 572 Helvia,
1656 539 1695 564 ut
1724 530 1770 566 ab

1099 574 1251 610 Eusebio
1266 585 1302 610 et
1317 575 1430 610 Paulo
1445 576 1605 612 Diacono
1623 578 1657 612 in
1675 578 1767 625 Sup-

1099 623 1280 670 plementis
1297 623 1523 671 Eutropianis
1547 626 1635 660 redte
1657 627 1770 661 nomi-

1098 683 1226 707 natur:
1278 684 1358 707 nam
1401 673 1495 720 apud
1539 674 1769 711 Plutarchum

1098 722 1216 757 ὀΛςίω
1257 721 1416 756 mendose
1458 721 1505 756 est
1541 735 1607 769 pro
1647 724 1767 767 Ἠλείαν,

1098 770 1195 816 quod
1214 782 1338 805 nomen
1359 769 1395 805 in
1421 769 1571 817 ejusdem
1589 772 1767 820 Qaestio·

1099 817 1202 853 nibus
1231 819 1399 854 Romanis
1423 820 1600 855 emendate
1628 821 1766 868 legitur,

1098 878 1171 913 quo
1197 867 1240 902 de
1267 868 1302 902 in
1319 870 1578 904 Annotationibus
1602 873 1636 904 in
1666 871 1767 916 orosti

1097 916 1152 950 tib.
1164 915 1209 951 V.
1236 925 1306 961 cap.
1331 929 1385 962 15.

1147 964 1288 1000 Habuit
1320 975 1428 1000 mater
1464 965 1641 1002 Ciceronis
1675 967 1768 1003 soro-

1097 1025 1182 1056 rem,
1209 1026 1291 1061 quae
1317 1015 1359 1048 C.
1379 1015 1552 1050 Aculeoni
1582 1016 1691 1064 equiti
1719 1018 1765 1052 R.

1098 1062 1237 1109 nupsit:
1269 1074 1374 1109 quem
1403 1063 1450 1099 L.
1479 1064 1616 1100 Craffus
1645 1065 1768 1102 dilexit

1096 1122 1139 1144 ex
1157 1111 1321 1146 omnibus
1344 1112 1548 1158 plurimum,
1575 1123 1616 1148 ut
1638 1114 1687 1149 est
1711 1114 1765 1151 lib.

1097 1158 1145 1194 II.
1172 1159 1208 1194 de
1236 1161 1385 1204 Oratore,
1411 1171 1478 1207 cap.
1516 1174 1545 1197 1.
1573 1162 1635 1197 ubi
1666 1163 1766 1198 Acu-

1096 1207 1229 1243 leonem
1249 1208 1386 1245 Crafl‘us
1413 1210 1507 1257 apud
1536 1210 1593 1247 Μ.
1621 1212 1766 1259 Perper-

1097 1256 1344 1303 namjudicem
1371 1268 1491 1294 contra
1521 1259 1766 1296 Gratidianum

1095 1303 1279 1340 defendisse
1295 1307 1434 1342 dicitur.
1485 1308 1542 1342 De
1556 1308 1677 1344 eodem
1697 1309 1767 1357 ipse

1095 1354 1233 1389 Craffus
1263 1355 1323 1390 lib.
1354 1356 1383 1390 Ι.
1415 1367 1490 1402 cap.
1525 1368 1597 1402 43:
1637 1358 1766 1401 Nonne,

1094 1400 1221 1449 inquit,
1247 1403 1364 1438 videtis
1392 1407 1524 1451 equitem
1550 1406 1594 1440 R.
1613 1406 1766 1441 hominem

1093 1451 1257 1496 acutiffimo
1274 1454 1407 1487 omnium
1423 1455 1556 1499 ingenio,
1569 1454 1628 1500 sed
1643 1458 1767 1491 minime

1093 1503 1212 1535 caeteris
1233 1501 1361 1536 artibus
1382 1502 1557 1545 eruditum,
1579 1504 1615 1538 C.
1634 1504 1763 1540 Aculeo-

1094 1559 1174 1590 nem,
1216 1552 1269 1596 qui
1308 1562 1420 1585 mecum
1452 1553 1551 1592 vivit,
1587 1552 1766 1601 semperque

1093 1600 1191 1640 vixit,
1217 1600 1265 1632 ita
1292 1606 1392 1633 tenere
1400 1601 1460 1646 jus
1478 1600 1581 1642 civile,
1608 1603 1668 1644 uti,
1696 1613 1767 1637 cum

1093 1646 1136 1679 ab
1166 1647 1222 1680 hoc
1249 1647 1420 1693 discefferis,
1453 1659 1539 1683 nemo
1569 1649 1606 1683 de
1632 1652 1684 1692 iis,
1710 1653 1765 1698 qui

1089 1694 1264 1740 peritgffimi
1284 1697 1372 1742 sunt,
1407 1705 1620 1742 anteponatur
1633 1699 1652 1732 ,Ρ
1678 1699 1718 1734 H
1724 1711 1764 1734 u-

1087 1742 1148 1790 jus
1167 1743 1272 1790 igitur
1289 1745 1480 1780 Aculeonis
1498 1746 1560 1780 filii
1587 1746 1763 1783 Ciceronis

1096 1792 1290 1827 consobrini
1313 1793 1466 1836 fuerunt,
1493 1794 1704 1840 quibuscum
1731 1797 1765 1833 se

1095 1840 1130 1874 in
1160 1841 1307 1888 pueritia
1337 1842 1436 1877 bonis
1466 1843 1653 1891 disciplinis
1680 1857 1764 1892 ope-

1095 1901 1166 1924 ram
1184 1890 1310 1925 dediffe
1327 1891 1396 1938 ipse
1413 1891 1565 1934 testatur,
1591 1892 1690 1928 initio
1706 1894 1767 1931 lib..

1093 1938 1139 1974 11.
1166 1938 1205 1972 de
1220 1939 1318 1974 Orat.
1369 1940 1427 1975 Ex
1446 1940 1497 1974 his
1516 1940 1585 1976 fuit
1602 1942 1641 1977 C.
1655 1942 1763 1978 Visel-

1093 1987 1160 2022 lius
1179 1988 1302 2030 Varro‚
1329 1989 1384 2023 vir
1405 1989 1529 2025 dostus
1555 1991 1588 2024 in
1615 1991 1759 2037 primis:

1093 2037 1153 2082 qui
1168 2035 1256 2083 juris
1282 2037 1394 2072 civilis
1423 2049 1442 2072 a
1467 2049 1564 2085 patre
1581 2040 1769 2075 Aculeone

1092 2086 1251 2120 traditam
1270 2087 1380 2121 tenuit
1396 2086 1634 2133 disciplinam,
1662 2090 1762 2126 Brut.

1094 2134 1151 2180 76.
1178 2135 1275 2169 Prov.
1293 2135 1414 2181 Consul.
1438 2147 1492 2181 17.

1140 2184 1344 2230 Antequam
1363 2184 1404 2219 ad
1423 2183 1617 2231 sequentem
1631 2195 1761 2222 annum

1089 2233 1245 2275 transeo,
1291 2233 1486 2268 admonebo
1535 2233 1762 2270 adolescentes

1089 2280 1274 2325 studiosos,
1310 2281 1363 2316 his
1401 2280 1600 2317 consulibus
1638 2293 1760 2321 natum

1088 2331 1156 2364 effe
1194 2331 1262 2366 Cn.
1301 2329 1508 2377 Pompeium
1536 2329 1647 2377 pridie
1677 2332 1758 2368 Kal.

1089 2379 1270 2420 ofitobris,
1308 2379 1405 2425 quod
1436 2379 1587 2414 Velleius
1625 2379 1680 2417 tib.
1711 2380 1758 2417 11.

1088 2437 1158 2473 cap.
1183 2439 1242 2474 53.
1271 2436 1307 2462 et
1332 2426 1466 2462 Plinius
1489 2427 1544 2462 lib.
1562 2427 1757 2466 XXXVII.

1088 2485 1159 2522 cap.
1179 2487 1213 2522 a.
1241 2476 1361 2512 diserte
1376 2475 1565 2524 ‘sti-ibunt:
1593 2476 1694 2526 cujus
1710 2478 1760 2515 xci
