<?xml version="1.0" encoding="UTF-8"?>
<!DOCTYPE html PUBLIC "-//W3C//DTD XHTML 1.0 Transitional//EN"
    "http://www.w3.org/TR/xhtml1/DTD/xhtml1-transitional.dtd">
<html xmlns="http://www.w3.org/1999/xhtml" xml:lang="en" lang="en">
 <head>
  <title>
</title>
<meta http-equiv="Content-Type" content="text/html;charset=utf-8" />
  <meta name='ocr-system' content='tesseract 3.04.00' />
  <meta name='ocr-capabilities' content='ocr_page ocr_carea ocr_par ocr_line ocrx_word'/>
</head>
<body>
  <div class='ocr_page' id='page_1' title='image "./operacumindicibu09ciceuoft_0107.png"; bbox 0 0 2335 3009; ppageno 0'>
   <div class='ocr_carea' id='block_1_1' title="bbox 711 222 1707 284">
    <p class='ocr_par' dir='ltr' id='par_1_1' title="bbox 711 222 1707 284">
     <span class='ocr_line' id='line_1_1' title="bbox 711 222 1707 284; baseline 0.003 -21"><span class='ocrx_word' id='word_1_1' title='bbox 711 223 818 263; x_wconf 88' lang='lat' dir='ltr'>AD</span> <span class='ocrx_word' id='word_1_2' title='bbox 894 222 1301 264; x_wconf 83' lang='lat' dir='ltr'><strong>BRUTUM.</strong></span> <span class='ocrx_word' id='word_1_3' title='bbox 1654 241 1707 284; x_wconf 83' lang='lat'>99</span> 
     </span>
    </p>
   </div>
   <div class='ocr_carea' id='block_1_2' title="bbox 708 463 1296 502">
    <p class='ocr_par' dir='ltr' id='par_1_2' title="bbox 708 463 1296 502">
     <span class='ocr_line' id='line_1_2' title="bbox 708 463 1296 502; baseline -0.003 0"><span class='ocrx_word' id='word_1_4' title='bbox 708 463 951 502; x_wconf 79' lang='lat' dir='ltr'>CICERO</span> <span class='ocrx_word' id='word_1_5' title='bbox 996 463 1212 502; x_wconf 78' lang='lat' dir='ltr'>BRUTO</span> <span class='ocrx_word' id='word_1_6' title='bbox 1258 463 1296 501; x_wconf 90' lang='lat' dir='ltr'>S.</span> 
     </span>
    </p>
   </div>
   <div class='ocr_carea' id='block_1_3' title="bbox 306 589 1703 2488">
    <p class='ocr_par' dir='ltr' id='par_1_3' title="bbox 312 589 1701 665">
     <span class='ocr_line' id='line_1_3' title="bbox 312 589 1701 665; baseline 0.003 -35"><span class='ocrx_word' id='word_1_7' title='bbox 312 591 346 630; x_wconf 88' lang='lat'>1.</span> <span class='ocrx_word' id='word_1_8' title='bbox 371 589 563 665; x_wconf 86' lang='lat' dir='ltr'>CUM</span> <span class='ocrx_word' id='word_1_9' title='bbox 601 591 685 631; x_wconf 86' lang='lat' dir='ltr'>haec</span> <span class='ocrx_word' id='word_1_10' title='bbox 719 591 951 636; x_wconf 87' lang='lat' dir='ltr'>scribebam,</span> <span class='ocrx_word' id='word_1_11' title='bbox 983 605 1041 630; x_wconf 90' lang='lat' dir='ltr'>res</span> <span class='ocrx_word' id='word_1_12' title='bbox 1075 591 1370 631; x_wconf 82' lang='lat' dir='ltr'>existimabatur</span> <span class='ocrx_word' id='word_1_13' title='bbox 1403 592 1443 629; x_wconf 88' lang='lat' dir='ltr'>in</span> <span class='ocrx_word' id='word_1_14' title='bbox 1478 602 1701 634; x_wconf 84' lang='lat' dir='ltr'>extremum</span> 
     </span>
    </p>

    <p class='ocr_par' dir='ltr' id='par_1_4' title="bbox 306 657 1703 2488">
     <span class='ocr_line' id='line_1_4' title="bbox 469 657 1701 699; baseline 0.003 -4"><span class='ocrx_word' id='word_1_15' title='bbox 469 657 634 696; x_wconf 62' lang='lat' dir='ltr'>adducta</span> <span class='ocrx_word' id='word_1_16' title='bbox 653 657 863 695; x_wconf 88' lang='lat' dir='ltr'>discrimen</span> <span class='ocrx_word' id='word_1_17' title='bbox 883 672 891 695; x_wconf 92' lang='lat'>:</span> <span class='ocrx_word' id='word_1_18' title='bbox 926 657 1050 696; x_wconf 89' lang='lat' dir='ltr'>tristes</span> <span class='ocrx_word' id='word_1_19' title='bbox 1071 658 1178 695; x_wconf 90' lang='lat' dir='ltr'>enim</span> <span class='ocrx_word' id='word_1_20' title='bbox 1200 657 1247 694; x_wconf 93' lang='lat' dir='ltr'>de</span> <span class='ocrx_word' id='word_1_21' title='bbox 1268 657 1391 695; x_wconf 89' lang='lat' dir='ltr'>Bruto</span> <span class='ocrx_word' id='word_1_22' title='bbox 1420 657 1550 697; x_wconf 88' lang='lat' dir='ltr'>nostro</span> <span class='ocrx_word' id='word_1_23' title='bbox 1580 660 1701 699; x_wconf 85' lang='lat' dir='ltr'>literae</span> 
     </span>
     <span class='ocr_line' id='line_1_5' title="bbox 309 723 1700 776; baseline 0.003 -15"><span class='ocrx_word' id='word_1_24' title='bbox 309 724 523 776; x_wconf 90' lang='lat' dir='ltr'>nuntiique</span> <span class='ocrx_word' id='word_1_25' title='bbox 553 723 828 761; x_wconf 88' lang='lat' dir='ltr'>afferebantur.</span> <span class='ocrx_word' id='word_1_26' title='bbox 874 723 947 761; x_wconf 92' lang='lat' dir='ltr'>Me</span> <span class='ocrx_word' id='word_1_27' title='bbox 980 723 1143 775; x_wconf 89' lang='lat' dir='ltr'>quidem</span> <span class='ocrx_word' id='word_1_28' title='bbox 1170 737 1250 762; x_wconf 88' lang='lat' dir='ltr'>non</span> <span class='ocrx_word' id='word_1_29' title='bbox 1282 724 1454 762; x_wconf 81' lang='lat' dir='ltr'>maxime</span> <span class='ocrx_word' id='word_1_30' title='bbox 1485 727 1700 764; x_wconf 81' lang='lat' dir='ltr'>conturba-</span> 
     </span>
     <span class='ocr_line' id='line_1_6' title="bbox 309 788 1701 843; baseline 0.004 -17"><span class='ocrx_word' id='word_1_31' title='bbox 309 789 404 828; x_wconf 88' lang='lat' dir='ltr'>bant</span> <span class='ocrx_word' id='word_1_32' title='bbox 422 805 432 829; x_wconf 87' lang='lat'>:</span> <span class='ocrx_word' id='word_1_33' title='bbox 464 788 527 827; x_wconf 89' lang='lat' dir='ltr'>his</span> <span class='ocrx_word' id='word_1_34' title='bbox 548 791 655 828; x_wconf 89' lang='lat' dir='ltr'>enim</span> <span class='ocrx_word' id='word_1_35' title='bbox 676 789 915 828; x_wconf 87' lang='lat' dir='ltr'>exercitibus</span> <span class='ocrx_word' id='word_1_36' title='bbox 937 789 1196 843; x_wconf 89' lang='lat' dir='ltr'>ducibusque,</span> <span class='ocrx_word' id='word_1_37' title='bbox 1228 803 1328 842; x_wconf 90' lang='lat' dir='ltr'>quos</span> <span class='ocrx_word' id='word_1_38' title='bbox 1349 789 1555 837; x_wconf 89' lang='lat' dir='ltr'>habemus,</span> <span class='ocrx_word' id='word_1_39' title='bbox 1588 793 1701 831; x_wconf 91' lang='lat' dir='ltr'>nullo</span> 
     </span>
     <span class='ocr_line' id='line_1_7' title="bbox 307 854 1700 909; baseline 0.003 -17"><span class='ocrx_word' id='word_1_40' title='bbox 307 854 430 892; x_wconf 88' lang='lat' dir='ltr'>modo</span> <span class='ocrx_word' id='word_1_41' title='bbox 451 864 626 907; x_wconf 88' lang='lat' dir='ltr'>poteram</span> <span class='ocrx_word' id='word_1_42' title='bbox 647 854 837 892; x_wconf 87' lang='lat' dir='ltr'>diffidere.</span> <span class='ocrx_word' id='word_1_43' title='bbox 875 854 1019 906; x_wconf 88' lang='lat' dir='ltr'>Neque</span> <span class='ocrx_word' id='word_1_44' title='bbox 1038 854 1265 893; x_wconf 86' lang='lat' dir='ltr'>affentiebar</span> <span class='ocrx_word' id='word_1_45' title='bbox 1285 855 1422 907; x_wconf 85' lang='lat' dir='ltr'>majori</span> <span class='ocrx_word' id='word_1_46' title='bbox 1443 857 1542 909; x_wconf 89' lang='lat' dir='ltr'>parti</span> <span class='ocrx_word' id='word_1_47' title='bbox 1565 856 1700 896; x_wconf 90' lang='lat' dir='ltr'>homi-</span> 
     </span>
     <span class='ocr_line' id='line_1_8' title="bbox 308 920 1703 976; baseline 0.003 -18"><span class='ocrx_word' id='word_1_48' title='bbox 308 933 406 959; x_wconf 90' lang='lat' dir='ltr'>num</span> <span class='ocrx_word' id='word_1_49' title='bbox 424 936 434 960; x_wconf 72' lang='grc' dir='ltr'>ε</span> <span class='ocrx_word' id='word_1_50' title='bbox 467 920 586 959; x_wconf 90' lang='lat' dir='ltr'>fidem</span> <span class='ocrx_word' id='word_1_51' title='bbox 606 921 714 959; x_wconf 90' lang='lat' dir='ltr'>enirn</span> <span class='ocrx_word' id='word_1_52' title='bbox 734 920 944 959; x_wconf 90' lang='lat' dir='ltr'>consulum</span> <span class='ocrx_word' id='word_1_53' title='bbox 964 934 1042 958; x_wconf 90' lang='lat' dir='ltr'>non</span> <span class='ocrx_word' id='word_1_54' title='bbox 1063 921 1391 966; x_wconf 86' lang='lat' dir='ltr'>condemnabam,</span> <span class='ocrx_word' id='word_1_55' title='bbox 1423 935 1509 974; x_wconf 85' lang='lat' dir='ltr'>quae</span> <span class='ocrx_word' id='word_1_56' title='bbox 1530 923 1703 976; x_wconf 64' lang='lat' dir='ltr'>suspecta</span> 
     </span>
     <span class='ocr_line' id='line_1_9' title="bbox 307 985 1699 1041; baseline 0.002 -16"><span class='ocrx_word' id='word_1_57' title='bbox 307 985 560 1025; x_wconf 86' lang='lat' dir='ltr'>vehementer</span> <span class='ocrx_word' id='word_1_58' title='bbox 588 996 695 1026; x_wconf 88' lang='lat' dir='ltr'>erat:</span> <span class='ocrx_word' id='word_1_59' title='bbox 727 987 987 1026; x_wconf 87' lang='lat' dir='ltr'>defiderabam</span> <span class='ocrx_word' id='word_1_60' title='bbox 1008 987 1212 1025; x_wconf 86' lang='lat' dir='ltr'>nonnullis</span> <span class='ocrx_word' id='word_1_61' title='bbox 1234 987 1275 1025; x_wconf 91' lang='lat' dir='ltr'>in</span> <span class='ocrx_word' id='word_1_62' title='bbox 1297 987 1412 1026; x_wconf 90' lang='lat' dir='ltr'>rebus</span> <span class='ocrx_word' id='word_1_63' title='bbox 1432 989 1699 1041; x_wconf 88' lang='lat' dir='ltr'>prudentiam,-</span> 
     </span>
     <span class='ocr_line' id='line_1_10' title="bbox 307 1052 1698 1106; baseline 0.004 -17"><span class='ocrx_word' id='word_1_64' title='bbox 307 1060 347 1089; x_wconf 88' lang='lat' dir='ltr'>et</span> <span class='ocrx_word' id='word_1_65' title='bbox 367 1053 634 1098; x_wconf 72' lang='lat' dir='ltr'>celeritatem,</span> <span class='ocrx_word' id='word_1_66' title='bbox 668 1066 744 1104; x_wconf 92' lang='lat' dir='ltr'>qua</span> <span class='ocrx_word' id='word_1_67' title='bbox 764 1053 790 1090; x_wconf 80' lang='lat' dir='ltr'>si</span> <span class='ocrx_word' id='word_1_68' title='bbox 812 1052 930 1090; x_wconf 85' lang='lat' dir='ltr'>effent</span> <span class='ocrx_word' id='word_1_69' title='bbox 952 1052 1021 1097; x_wconf 88' lang='lat' dir='ltr'>usl,</span> <span class='ocrx_word' id='word_1_70' title='bbox 1047 1052 1287 1105; x_wconf 87' lang='lat' dir='ltr'>jampridem</span> <span class='ocrx_word' id='word_1_71' title='bbox 1317 1054 1606 1106; x_wconf 89' lang='lat' dir='ltr'>rempublicam</span> <span class='ocrx_word' id='word_1_72' title='bbox 1637 1069 1698 1094; x_wconf 90' lang='lat' dir='ltr'>re-</span> 
     </span>
     <span class='ocr_line' id='line_1_11' title="bbox 309 1117 1700 1170; baseline 0.002 -14"><span class='ocrx_word' id='word_1_73' title='bbox 309 1117 610 1170; x_wconf 85' lang='lat' dir='ltr'>cuperaffemus.</span> <span class='ocrx_word' id='word_1_74' title='bbox 646 1118 742 1156; x_wconf 88' lang='lat' dir='ltr'>Non</span> <span class='ocrx_word' id='word_1_75' title='bbox 763 1118 870 1155; x_wconf 88' lang='lat' dir='ltr'>enim</span> <span class='ocrx_word' id='word_1_76' title='bbox 891 1118 1062 1169; x_wconf 82' lang='lat' dir='ltr'>ignoraS,</span> <span class='ocrx_word' id='word_1_77' title='bbox 1094 1128 1239 1170; x_wconf 90' lang='lat' dir='ltr'>quanta</span> <span class='ocrx_word' id='word_1_78' title='bbox 1259 1129 1461 1157; x_wconf 87' lang='lat' dir='ltr'>momenta</span> <span class='ocrx_word' id='word_1_79' title='bbox 1481 1120 1555 1158; x_wconf 81' lang='lat' dir='ltr'>sint</span> <span class='ocrx_word' id='word_1_80' title='bbox 1576 1121 1614 1158; x_wconf 91' lang='lat' dir='ltr'>in</span> <span class='ocrx_word' id='word_1_81' title='bbox 1638 1135 1700 1160; x_wconf 87' lang='lat' dir='ltr'>re-</span> 
     </span>
     <span class='ocr_line' id='line_1_12' title="bbox 308 1183 1698 1237; baseline 0.004 -16"><span class='ocrx_word' id='word_1_82' title='bbox 308 1184 471 1236; x_wconf 87' lang='lat' dir='ltr'>publica</span> <span class='ocrx_word' id='word_1_83' title='bbox 492 1193 746 1237; x_wconf 88' lang='lat' dir='ltr'>temporum;</span> <span class='ocrx_word' id='word_1_84' title='bbox 778 1193 816 1222; x_wconf 93' lang='lat' dir='ltr'>et</span> <span class='ocrx_word' id='word_1_85' title='bbox 837 1183 933 1236; x_wconf 89' lang='lat' dir='ltr'>quid</span> <span class='ocrx_word' id='word_1_86' title='bbox 963 1184 1129 1229; x_wconf 90' lang='lat' dir='ltr'>interfit,</span> <span class='ocrx_word' id='word_1_87' title='bbox 1160 1183 1267 1222; x_wconf 89' lang='lat' dir='ltr'>idem</span> <span class='ocrx_word' id='word_1_88' title='bbox 1297 1185 1398 1223; x_wconf 92' lang='lat' dir='ltr'>illud</span> <span class='ocrx_word' id='word_1_89' title='bbox 1429 1195 1563 1224; x_wconf 90' lang='lat' dir='ltr'>utrum</span> <span class='ocrx_word' id='word_1_90' title='bbox 1593 1197 1698 1235; x_wconf 88' lang='lat' dir='ltr'>ante,</span> 
     </span>
     <span class='ocr_line' id='line_1_13' title="bbox 308 1250 1700 1304; baseline 0.004 -17"><span class='ocrx_word' id='word_1_91' title='bbox 308 1263 356 1287; x_wconf 84' lang='lat' dir='ltr'>an</span> <span class='ocrx_word' id='word_1_92' title='bbox 387 1250 486 1302; x_wconf 92' lang='lat' dir='ltr'>post,</span> <span class='ocrx_word' id='word_1_93' title='bbox 517 1251 761 1294; x_wconf 86' lang='lat' dir='ltr'>decernatur,</span> <span class='ocrx_word' id='word_1_94' title='bbox 793 1250 1038 1301; x_wconf 88' lang='lat' dir='ltr'>suscipiatur,</span> <span class='ocrx_word' id='word_1_95' title='bbox 1068 1259 1218 1301; x_wconf 86' lang='lat' dir='ltr'>agatur.</span> <span class='ocrx_word' id='word_1_96' title='bbox 1266 1252 1429 1297; x_wconf 90' lang='lat' dir='ltr'>Omnia,</span> <span class='ocrx_word' id='word_1_97' title='bbox 1460 1266 1546 1304; x_wconf 84' lang='lat' dir='ltr'>quae</span> <span class='ocrx_word' id='word_1_98' title='bbox 1575 1254 1700 1293; x_wconf 90' lang='lat' dir='ltr'>severe</span> 
     </span>
     <span class='ocr_line' id='line_1_14' title="bbox 309 1313 1697 1366; baseline 0.004 -14"><span class='ocrx_word' id='word_1_99' title='bbox 309 1314 463 1353; x_wconf 90' lang='lat' dir='ltr'>decreta</span> <span class='ocrx_word' id='word_1_100' title='bbox 493 1314 584 1352; x_wconf 89' lang='lat' dir='ltr'>sunt</span> <span class='ocrx_word' id='word_1_101' title='bbox 616 1314 694 1352; x_wconf 93' lang='lat' dir='ltr'>hoc</span> <span class='ocrx_word' id='word_1_102' title='bbox 729 1313 922 1359; x_wconf 89' lang='lat' dir='ltr'>tumultu,</span> <span class='ocrx_word' id='word_1_103' title='bbox 955 1314 1008 1359; x_wconf 82' lang='lat' dir='ltr'>si,</span> <span class='ocrx_word' id='word_1_104' title='bbox 1028 1323 1095 1351; x_wconf 90' lang='lat' dir='ltr'>aut</span> <span class='ocrx_word' id='word_1_105' title='bbox 1125 1328 1205 1366; x_wconf 88' lang='lat' dir='ltr'>quo</span> <span class='ocrx_word' id='word_1_106' title='bbox 1238 1315 1305 1352; x_wconf 54' lang='lat' dir='ltr'>die&gt;</span> <span class='ocrx_word' id='word_1_107' title='bbox 1335 1316 1418 1354; x_wconf 77' lang='lat' dir='ltr'>dixi</span> <span class='ocrx_word' id='word_1_108' title='bbox 1451 1317 1697 1365; x_wconf 89' lang='lat' dir='ltr'>sententiam,</span> 
     </span>
     <span class='ocr_line' id='line_1_15' title="bbox 307 1379 1699 1434; baseline 0.004 -16"><span class='ocrx_word' id='word_1_109' title='bbox 307 1379 478 1433; x_wconf 68' lang='lat' dir='ltr'>perfecta</span> <span class='ocrx_word' id='word_1_110' title='bbox 497 1379 630 1424; x_wconf 84' lang='lat' dir='ltr'>effent,</span> <span class='ocrx_word' id='word_1_111' title='bbox 661 1389 700 1418; x_wconf 92' lang='lat' dir='ltr'>et</span> <span class='ocrx_word' id='word_1_112' title='bbox 721 1393 799 1418; x_wconf 88' lang='lat' dir='ltr'>non</span> <span class='ocrx_word' id='word_1_113' title='bbox 821 1379 862 1417; x_wconf 90' lang='lat' dir='ltr'>in</span> <span class='ocrx_word' id='word_1_114' title='bbox 884 1379 991 1417; x_wconf 89' lang='lat' dir='ltr'>diem</span> <span class='ocrx_word' id='word_1_115' title='bbox 1011 1393 1058 1417; x_wconf 85' lang='lat' dir='ltr'>ex</span> <span class='ocrx_word' id='word_1_116' title='bbox 1079 1379 1142 1417; x_wconf 90' lang='lat' dir='ltr'>die</span> <span class='ocrx_word' id='word_1_117' title='bbox 1163 1379 1311 1426; x_wconf 87' lang='lat' dir='ltr'>dilata‚.</span> <span class='ocrx_word' id='word_1_118' title='bbox 1327 1392 1393 1419; x_wconf 93' lang='lat' dir='ltr'>aut</span> <span class='ocrx_word' id='word_1_119' title='bbox 1414 1395 1494 1434; x_wconf 92' lang='lat' dir='ltr'>quo</span> <span class='ocrx_word' id='word_1_120' title='bbox 1515 1397 1562 1420; x_wconf 87' lang='lat' dir='ltr'>ex</span> <span class='ocrx_word' id='word_1_121' title='bbox 1595 1393 1699 1423; x_wconf 87' lang='lat' dir='ltr'>tem-</span> 
     </span>
     <span class='ocr_line' id='line_1_16' title="bbox 307 1445 1695 1500; baseline 0.003 -16"><span class='ocrx_word' id='word_1_122' title='bbox 307 1460 402 1499; x_wconf 91' lang='lat' dir='ltr'>pore</span> <span class='ocrx_word' id='word_1_123' title='bbox 422 1446 595 1499; x_wconf 89' lang='lat' dir='ltr'>suscepta</span> <span class='ocrx_word' id='word_1_124' title='bbox 616 1445 705 1484; x_wconf 88' lang='lat' dir='ltr'>sunt</span> <span class='ocrx_word' id='word_1_125' title='bbox 726 1455 770 1484; x_wconf 90' lang='lat' dir='ltr'>ut</span> <span class='ocrx_word' id='word_1_126' title='bbox 788 1455 1010 1498; x_wconf 81' lang='lat' dir='ltr'>agerentur,</span> <span class='ocrx_word' id='word_1_127' title='bbox 1041 1459 1120 1484; x_wconf 91' lang='lat' dir='ltr'>non</span> <span class='ocrx_word' id='word_1_128' title='bbox 1149 1446 1296 1484; x_wconf 88' lang='lat' dir='ltr'>tardata</span> <span class='ocrx_word' id='word_1_129' title='bbox 1324 1456 1362 1485; x_wconf 92' lang='lat' dir='ltr'>et</span> <span class='ocrx_word' id='word_1_130' title='bbox 1393 1448 1667 1500; x_wconf 87' lang='lat' dir='ltr'>procrastinata</span> <span class='ocrx_word' id='word_1_131' title='bbox 1682 1470 1695 1497; x_wconf 84' lang='lat'>‚-</span> 
     </span>
     <span class='ocr_line' id='line_1_17' title="bbox 308 1510 1698 1566; baseline 0.003 -17"><span class='ocrx_word' id='word_1_132' title='bbox 308 1512 461 1549; x_wconf 89' lang='lat' dir='ltr'>bellum</span> <span class='ocrx_word' id='word_1_133' title='bbox 483 1513 567 1563; x_wconf 88' lang='lat' dir='ltr'>jam</span> <span class='ocrx_word' id='word_1_134' title='bbox 595 1511 754 1549; x_wconf 90' lang='lat' dir='ltr'>nullum</span> <span class='ocrx_word' id='word_1_135' title='bbox 783 1510 1030 1550; x_wconf 83' lang='lat' dir='ltr'>haberemus.</span> <span class='ocrx_word' id='word_1_136' title='bbox 1079 1512 1241 1557; x_wconf 91' lang='lat' dir='ltr'>Omnia,</span> <span class='ocrx_word' id='word_1_137' title='bbox 1274 1513 1408 1559; x_wconf 87' lang='lat' dir='ltr'>Brute,</span> <span class='ocrx_word' id='word_1_138' title='bbox 1439 1514 1599 1566; x_wconf 68' lang='lat' dir='ltr'>praestiti</span> <span class='ocrx_word' id='word_1_139' title='bbox 1620 1516 1698 1554; x_wconf 91' lang='lat' dir='ltr'>rei-</span> 
     </span>
     <span class='ocr_line' id='line_1_18' title="bbox 306 1578 1700 1635; baseline 0.004 -20"><span class='ocrx_word' id='word_1_140' title='bbox 306 1578 493 1630; x_wconf 85' lang='lat' dir='ltr'>publicae,</span> <span class='ocrx_word' id='word_1_141' title='bbox 525 1592 611 1630; x_wconf 85' lang='lat' dir='ltr'>quae</span> <span class='ocrx_word' id='word_1_142' title='bbox 633 1578 806 1630; x_wconf 72' lang='lat' dir='ltr'>praestare</span> <span class='ocrx_word' id='word_1_143' title='bbox 826 1578 963 1616; x_wconf 90' lang='lat' dir='ltr'>debuit</span> <span class='ocrx_word' id='word_1_144' title='bbox 983 1579 1031 1624; x_wconf 86' lang='lat' dir='ltr'>is,</span> <span class='ocrx_word' id='word_1_145' title='bbox 1064 1578 1134 1630; x_wconf 91' lang='lat' dir='ltr'>qui</span> <span class='ocrx_word' id='word_1_146' title='bbox 1164 1578 1254 1617; x_wconf 72' lang='lat' dir='ltr'>efl‘et</span> <span class='ocrx_word' id='word_1_147' title='bbox 1284 1580 1325 1617; x_wconf 92' lang='lat' dir='ltr'>in</span> <span class='ocrx_word' id='word_1_148' title='bbox 1355 1593 1415 1625; x_wconf 90' lang='lat' dir='ltr'>eo,</span> <span class='ocrx_word' id='word_1_149' title='bbox 1447 1581 1487 1618; x_wconf 91' lang='lat' dir='ltr'>in</span> <span class='ocrx_word' id='word_1_150' title='bbox 1517 1595 1596 1634; x_wconf 93' lang='lat' dir='ltr'>quo</span> <span class='ocrx_word' id='word_1_151' title='bbox 1626 1596 1700 1635; x_wconf 87' lang='lat' dir='ltr'>ego</span> 
     </span>
     <span class='ocr_line' id='line_1_19' title="bbox 307 1639 1700 1696; baseline 0.004 -16"><span class='ocrx_word' id='word_1_152' title='bbox 307 1643 409 1688; x_wconf 88' lang='lat' dir='ltr'>sum,</span> <span class='ocrx_word' id='word_1_153' title='bbox 439 1643 576 1695; x_wconf 86' lang='lat' dir='ltr'>gradu,</span> <span class='ocrx_word' id='word_1_154' title='bbox 608 1639 760 1681; x_wconf 83' lang='lat' dir='ltr'>senatus</span> <span class='ocrx_word' id='word_1_155' title='bbox 795 1643 1014 1696; x_wconf 89' lang='lat' dir='ltr'>populique</span> <span class='ocrx_word' id='word_1_156' title='bbox 1043 1644 1199 1695; x_wconf 90' lang='lat' dir='ltr'>judicio</span> <span class='ocrx_word' id='word_1_157' title='bbox 1233 1644 1478 1684; x_wconf 84' lang='lat' dir='ltr'>collocatus:</span> <span class='ocrx_word' id='word_1_158' title='bbox 1524 1660 1596 1685; x_wconf 89' lang='lat' dir='ltr'>nec</span> <span class='ocrx_word' id='word_1_159' title='bbox 1630 1649 1700 1686; x_wconf 87' lang='lat' dir='ltr'>illa</span> 
     </span>
     <span class='ocr_line' id='line_1_20' title="bbox 307 1708 1698 1762; baseline 0.004 -17"><span class='ocrx_word' id='word_1_160' title='bbox 307 1708 442 1752; x_wconf 89' lang='lat' dir='ltr'>modo,</span> <span class='ocrx_word' id='word_1_161' title='bbox 473 1721 558 1760; x_wconf 89' lang='lat' dir='ltr'>quae</span> <span class='ocrx_word' id='word_1_162' title='bbox 589 1709 780 1746; x_wconf 89' lang='lat' dir='ltr'>nimirum</span> <span class='ocrx_word' id='word_1_163' title='bbox 810 1709 889 1747; x_wconf 86' lang='lat' dir='ltr'>sola</span> <span class='ocrx_word' id='word_1_164' title='bbox 917 1710 965 1746; x_wconf 85' lang='lat' dir='ltr'>ab</span> <span class='ocrx_word' id='word_1_165' title='bbox 995 1708 1158 1747; x_wconf 89' lang='lat' dir='ltr'>homine</span> <span class='ocrx_word' id='word_1_166' title='bbox 1178 1709 1267 1747; x_wconf 91' lang='lat' dir='ltr'>sunt</span> <span class='ocrx_word' id='word_1_167' title='bbox 1287 1710 1530 1762; x_wconf 91' lang='lat' dir='ltr'>postulanda,</span> <span class='ocrx_word' id='word_1_168' title='bbox 1562 1711 1698 1758; x_wconf 88' lang='lat' dir='ltr'>fidem,</span> 
     </span>
     <span class='ocr_line' id='line_1_21' title="bbox 306 1773 1696 1827; baseline 0.004 -17"><span class='ocrx_word' id='word_1_169' title='bbox 306 1773 568 1825; x_wconf 85' lang='lat' dir='ltr'>vigilantiam,</span> <span class='ocrx_word' id='word_1_170' title='bbox 600 1774 733 1826; x_wconf 85' lang='lat' dir='ltr'>patriae</span> <span class='ocrx_word' id='word_1_171' title='bbox 763 1775 993 1812; x_wconf 89' lang='lat' dir='ltr'>caritatem:</span> <span class='ocrx_word' id='word_1_172' title='bbox 1026 1787 1068 1812; x_wconf 91' lang='lat' dir='ltr'>ea</span> <span class='ocrx_word' id='word_1_173' title='bbox 1095 1774 1185 1812; x_wconf 90' lang='lat' dir='ltr'>sunt</span> <span class='ocrx_word' id='word_1_174' title='bbox 1205 1775 1327 1820; x_wconf 91' lang='lat' dir='ltr'>enim,</span> <span class='ocrx_word' id='word_1_175' title='bbox 1359 1789 1458 1827; x_wconf 87' lang='lat' dir='ltr'>quae,</span> <span class='ocrx_word' id='word_1_176' title='bbox 1490 1790 1608 1815; x_wconf 90' lang='lat' dir='ltr'>nemo</span> <span class='ocrx_word' id='word_1_177' title='bbox 1628 1778 1696 1824; x_wconf 91' lang='lat' dir='ltr'>est,</span> 
     </span>
     <span class='ocr_line' id='line_1_22' title="bbox 307 1839 1698 1893; baseline 0.003 -16"><span class='ocrx_word' id='word_1_178' title='bbox 307 1839 377 1892; x_wconf 91' lang='lat' dir='ltr'>qui</span> <span class='ocrx_word' id='word_1_179' title='bbox 398 1852 476 1877; x_wconf 88' lang='lat' dir='ltr'>non</span> <span class='ocrx_word' id='word_1_180' title='bbox 498 1839 672 1892; x_wconf 86' lang='lat' dir='ltr'>praestare</span> <span class='ocrx_word' id='word_1_181' title='bbox 693 1840 844 1878; x_wconf 84' lang='lat' dir='ltr'>debeat.</span> <span class='ocrx_word' id='word_1_182' title='bbox 893 1841 981 1893; x_wconf 85' lang='lat' dir='ltr'>Ego</span> <span class='ocrx_word' id='word_1_183' title='bbox 1012 1849 1143 1878; x_wconf 87' lang='lat' dir='ltr'>autem</span> <span class='ocrx_word' id='word_1_184' title='bbox 1167 1840 1218 1886; x_wconf 91' lang='lat' dir='ltr'>ei,</span> <span class='ocrx_word' id='word_1_185' title='bbox 1249 1841 1319 1893; x_wconf 91' lang='lat' dir='ltr'>qui</span> <span class='ocrx_word' id='word_1_186' title='bbox 1340 1840 1571 1880; x_wconf 86' lang='lat' dir='ltr'>sententiam</span> <span class='ocrx_word' id='word_1_187' title='bbox 1593 1843 1698 1882; x_wconf 88' lang='lat' dir='ltr'>dicat</span> 
     </span>
     <span class='ocr_line' id='line_1_23' title="bbox 306 1904 1695 1962; baseline 0.004 -20"><span class='ocrx_word' id='word_1_188' title='bbox 306 1904 348 1942; x_wconf 92' lang='lat' dir='ltr'>in</span> <span class='ocrx_word' id='word_1_189' title='bbox 369 1905 617 1958; x_wconf 90' lang='lat' dir='ltr'>principibus</span> <span class='ocrx_word' id='word_1_190' title='bbox 639 1905 686 1944; x_wconf 92' lang='lat' dir='ltr'>de</span> <span class='ocrx_word' id='word_1_191' title='bbox 707 1906 923 1958; x_wconf 88' lang='lat' dir='ltr'>republica,</span> <span class='ocrx_word' id='word_1_192' title='bbox 955 1915 1053 1958; x_wconf 92' lang='lat' dir='ltr'>puto</span> <span class='ocrx_word' id='word_1_193' title='bbox 1073 1907 1189 1944; x_wconf 87' lang='lat' dir='ltr'>etiam</span> <span class='ocrx_word' id='word_1_194' title='bbox 1212 1906 1463 1958; x_wconf 87' lang='lat' dir='ltr'>prudentiam</span> <span class='ocrx_word' id='word_1_195' title='bbox 1495 1908 1568 1946; x_wconf 83' lang='lat' dir='ltr'>effe</span> <span class='ocrx_word' id='word_1_196' title='bbox 1596 1923 1695 1962; x_wconf 88' lang='lat' dir='ltr'>prae-</span> 
     </span>
     <span class='ocr_line' id='line_1_24' title="bbox 306 1970 1697 2027; baseline 0.003 -17"><span class='ocrx_word' id='word_1_197' title='bbox 306 1970 506 2010; x_wconf 87' lang='lat' dir='ltr'>standam:</span> <span class='ocrx_word' id='word_1_198' title='bbox 540 1986 610 2010; x_wconf 90' lang='lat' dir='ltr'>nec</span> <span class='ocrx_word' id='word_1_199' title='bbox 643 1986 720 2017; x_wconf 90' lang='lat' dir='ltr'>me,</span> <span class='ocrx_word' id='word_1_200' title='bbox 752 1985 845 2010; x_wconf 87' lang='lat' dir='ltr'>cum</span> <span class='ocrx_word' id='word_1_201' title='bbox 877 1971 979 2010; x_wconf 87' lang='lat' dir='ltr'>mihi</span> <span class='ocrx_word' id='word_1_202' title='bbox 1007 1981 1162 2011; x_wconf 89' lang='lat' dir='ltr'>tantum</span> <span class='ocrx_word' id='word_1_203' title='bbox 1183 1973 1414 2025; x_wconf 90' lang='lat' dir='ltr'>sumpserim</span> <span class='ocrx_word' id='word_1_204' title='bbox 1437 1983 1480 2012; x_wconf 92' lang='lat' dir='ltr'>ut</span> <span class='ocrx_word' id='word_1_205' title='bbox 1500 1975 1697 2027; x_wconf 87' lang='lat' dir='ltr'>guberna-</span> 
     </span>
     <span class='ocr_line' id='line_1_25' title="bbox 307 2037 1697 2092; baseline 0.004 -18"><span class='ocrx_word' id='word_1_206' title='bbox 307 2037 396 2074; x_wconf 84' lang='lat' dir='ltr'>cula</span> <span class='ocrx_word' id='word_1_207' title='bbox 415 2038 643 2090; x_wconf 86' lang='lat' dir='ltr'>reipublicae</span> <span class='ocrx_word' id='word_1_208' title='bbox 675 2039 918 2090; x_wconf 89' lang='lat' dir='ltr'>prenderem,</span> <span class='ocrx_word' id='word_1_209' title='bbox 951 2038 1082 2076; x_wconf 90' lang='lat' dir='ltr'>minus</span> <span class='ocrx_word' id='word_1_210' title='bbox 1116 2040 1287 2091; x_wconf 89' lang='lat' dir='ltr'>putarim</span> <span class='ocrx_word' id='word_1_211' title='bbox 1315 2039 1697 2092; x_wconf 87' lang='lat' dir='ltr'>reprehendendum,</span> 
     </span>
     <span class='ocr_line' id='line_1_26' title="bbox 308 2102 1698 2158; baseline 0.004 -17"><span class='ocrx_word' id='word_1_212' title='bbox 308 2102 334 2140; x_wconf 86' lang='lat' dir='ltr'>fi</span> <span class='ocrx_word' id='word_1_213' title='bbox 356 2103 550 2142; x_wconf 88' lang='lat' dir='ltr'>inutiliter</span> <span class='ocrx_word' id='word_1_214' title='bbox 570 2104 721 2156; x_wconf 89' lang='lat' dir='ltr'>aliquid</span> <span class='ocrx_word' id='word_1_215' title='bbox 742 2104 890 2142; x_wconf 90' lang='lat' dir='ltr'>senatui</span> <span class='ocrx_word' id='word_1_216' title='bbox 912 2104 1107 2150; x_wconf 88' lang='lat' dir='ltr'>suaserim,</span> <span class='ocrx_word' id='word_1_217' title='bbox 1140 2119 1258 2158; x_wconf 92' lang='lat' dir='ltr'>quam</span> <span class='ocrx_word' id='word_1_218' title='bbox 1281 2106 1306 2143; x_wconf 81' lang='lat' dir='ltr'>si</span> <span class='ocrx_word' id='word_1_219' title='bbox 1329 2105 1556 2146; x_wconf 88' lang='lat' dir='ltr'>infideliter.</span> <span class='ocrx_word' id='word_1_220' title='bbox 1599 2110 1698 2146; x_wconf 62' lang='lat' dir='ltr'>Acta</span> 
     </span>
     <span class='ocr_line' id='line_1_27' title="bbox 307 2168 1697 2223; baseline 0.004 -17"><span class='ocrx_word' id='word_1_221' title='bbox 307 2181 394 2220; x_wconf 68' lang='lat' dir='ltr'>quae</span> <span class='ocrx_word' id='word_1_222' title='bbox 415 2168 503 2213; x_wconf 75' lang='lat' dir='ltr'>sint,</span> <span class='ocrx_word' id='word_1_223' title='bbox 534 2183 700 2222; x_wconf 87' lang='lat' dir='ltr'>quaeque</span> <span class='ocrx_word' id='word_1_224' title='bbox 720 2179 899 2222; x_wconf 83' lang='lat' dir='ltr'>agantur,</span> <span class='ocrx_word' id='word_1_225' title='bbox 931 2169 1010 2208; x_wconf 94' lang='lat' dir='ltr'>scio</span> <span class='ocrx_word' id='word_1_226' title='bbox 1031 2170 1218 2223; x_wconf 85' lang='lat' dir='ltr'>perscribi</span> <span class='ocrx_word' id='word_1_227' title='bbox 1240 2170 1286 2208; x_wconf 87' lang='lat' dir='ltr'>ad</span> <span class='ocrx_word' id='word_1_228' title='bbox 1308 2180 1344 2209; x_wconf 90' lang='lat' dir='ltr'>te</span> <span class='ocrx_word' id='word_1_229' title='bbox 1365 2171 1589 2223; x_wconf 84' lang='lat' dir='ltr'>diligenter.</span> <span class='ocrx_word' id='word_1_230' title='bbox 1634 2174 1697 2212; x_wconf 84' lang='lat' dir='ltr'>Ex</span> 
     </span>
     <span class='ocr_line' id='line_1_28' title="bbox 306 2235 1697 2289; baseline 0.004 -18"><span class='ocrx_word' id='word_1_231' title='bbox 306 2248 372 2272; x_wconf 89' lang='lat' dir='ltr'>me</span> <span class='ocrx_word' id='word_1_232' title='bbox 400 2244 530 2272; x_wconf 86' lang='lat' dir='ltr'>autem</span> <span class='ocrx_word' id='word_1_233' title='bbox 562 2236 663 2274; x_wconf 92' lang='lat' dir='ltr'>illud</span> <span class='ocrx_word' id='word_1_234' title='bbox 689 2235 743 2274; x_wconf 91' lang='lat' dir='ltr'>est</span> <span class='ocrx_word' id='word_1_235' title='bbox 775 2236 882 2288; x_wconf 90' lang='lat' dir='ltr'>quod</span> <span class='ocrx_word' id='word_1_236' title='bbox 912 2246 950 2274; x_wconf 86' lang='lat' dir='ltr'>te</span> <span class='ocrx_word' id='word_1_237' title='bbox 982 2237 1101 2274; x_wconf 89' lang='lat' dir='ltr'>velim</span> <span class='ocrx_word' id='word_1_238' title='bbox 1134 2236 1276 2275; x_wconf 87' lang='lat' dir='ltr'>habere</span> <span class='ocrx_word' id='word_1_239' title='bbox 1307 2238 1529 2289; x_wconf 88' lang='lat' dir='ltr'>cognitum,</span> <span class='ocrx_word' id='word_1_240' title='bbox 1562 2252 1697 2277; x_wconf 87' lang='lat' dir='ltr'>meum</span> 
     </span>
     <span class='ocr_line' id='line_1_29' title="bbox 308 2299 1697 2356; baseline 0.004 -20"><span class='ocrx_word' id='word_1_241' title='bbox 308 2299 468 2352; x_wconf 88' lang='lat' dir='ltr'>quidem</span> <span class='ocrx_word' id='word_1_242' title='bbox 491 2301 667 2339; x_wconf 83' lang='lat' dir='ltr'>animum</span> <span class='ocrx_word' id='word_1_243' title='bbox 698 2302 739 2339; x_wconf 91' lang='lat' dir='ltr'>in</span> <span class='ocrx_word' id='word_1_244' title='bbox 770 2302 895 2339; x_wconf 88' lang='lat' dir='ltr'>aciem</span> <span class='ocrx_word' id='word_1_245' title='bbox 925 2302 1011 2347; x_wconf 84' lang='lat' dir='ltr'>effe,</span> <span class='ocrx_word' id='word_1_246' title='bbox 1044 2316 1170 2354; x_wconf 92' lang='lat' dir='ltr'>neque</span> <span class='ocrx_word' id='word_1_247' title='bbox 1202 2303 1417 2354; x_wconf 69' lang='lat' dir='ltr'>respectum</span> <span class='ocrx_word' id='word_1_248' title='bbox 1441 2303 1567 2341; x_wconf 87' lang='lat' dir='ltr'>ullum</span> <span class='ocrx_word' id='word_1_249' title='bbox 1589 2318 1697 2356; x_wconf 84' lang='lat' dir='ltr'>quae-</span> 
     </span>
     <span class='ocr_line' id='line_1_30' title="bbox 309 2365 1699 2421; baseline 0.005 -18"><span class='ocrx_word' id='word_1_250' title='bbox 309 2380 404 2410; x_wconf 85' lang='lat' dir='ltr'>rere,</span> <span class='ocrx_word' id='word_1_251' title='bbox 428 2365 496 2403; x_wconf 83' lang='lat' dir='ltr'>nifi</span> <span class='ocrx_word' id='word_1_252' title='bbox 520 2380 582 2403; x_wconf 86' lang='lat' dir='ltr'>me</span> <span class='ocrx_word' id='word_1_253' title='bbox 604 2367 755 2405; x_wconf 83' lang='lat' dir='ltr'>utilitas</span> <span class='ocrx_word' id='word_1_254' title='bbox 777 2369 947 2406; x_wconf 87' lang='lat' dir='ltr'>civitatis</span> <span class='ocrx_word' id='word_1_255' title='bbox 969 2368 1070 2407; x_wconf 89' lang='lat' dir='ltr'>forte</span> <span class='ocrx_word' id='word_1_256' title='bbox 1091 2369 1350 2407; x_wconf 88' lang='lat' dir='ltr'>converterit:</span> <span class='ocrx_word' id='word_1_257' title='bbox 1384 2370 1547 2421; x_wconf 84' lang='lat' dir='ltr'>majores</span> <span class='ocrx_word' id='word_1_258' title='bbox 1568 2381 1699 2411; x_wconf 83' lang='lat' dir='ltr'>autem</span> 
     </span>
     <span class='ocr_line' id='line_1_31' title="bbox 309 2431 1698 2488; baseline 0.006 -21"><span class='ocrx_word' id='word_1_259' title='bbox 309 2441 435 2484; x_wconf 82' lang='lat' dir='ltr'>partes</span> <span class='ocrx_word' id='word_1_260' title='bbox 458 2431 579 2468; x_wconf 78' lang='lat' dir='ltr'>animi</span> <span class='ocrx_word' id='word_1_261' title='bbox 603 2441 638 2468; x_wconf 89' lang='lat' dir='ltr'>te</span> <span class='ocrx_word' id='word_1_262' title='bbox 660 2432 911 2485; x_wconf 77' lang='lat' dir='ltr'>Cassiumque</span> <span class='ocrx_word' id='word_1_263' title='bbox 933 2435 1159 2487; x_wconf 89' lang='lat' dir='ltr'>respiciunt.</span> <span class='ocrx_word' id='word_1_264' title='bbox 1205 2434 1475 2486; x_wconf 84' lang='lat' dir='ltr'>Qamobrem</span> <span class='ocrx_word' id='word_1_265' title='bbox 1497 2435 1550 2473; x_wconf 90' lang='lat' dir='ltr'>ita</span> <span class='ocrx_word' id='word_1_266' title='bbox 1572 2444 1608 2473; x_wconf 88' lang='lat' dir='ltr'>te</span> <span class='ocrx_word' id='word_1_267' title='bbox 1628 2451 1698 2488; x_wconf 88' lang='lat' dir='ltr'>pa·-</span> 
     </span>
    </p>
   </div>
   <div class='ocr_carea' id='block_1_4' title="bbox 308 2497 1696 2605">
    <p class='ocr_par' dir='ltr' id='par_1_5' title="bbox 308 2497 1696 2605">
     <span class='ocr_line' id='line_1_32' title="bbox 308 2497 1696 2554; baseline 0.004 -19"><span class='ocrx_word' id='word_1_268' title='bbox 308 2511 361 2543; x_wconf 81' lang='lat' dir='ltr'>ra,</span> <span class='ocrx_word' id='word_1_269' title='bbox 395 2497 527 2542; x_wconf 84' lang='lat' dir='ltr'>Brute,</span> <span class='ocrx_word' id='word_1_270' title='bbox 553 2506 594 2534; x_wconf 86' lang='lat' dir='ltr'>ut</span> <span class='ocrx_word' id='word_1_271' title='bbox 617 2497 829 2550; x_wconf 84' lang='lat' dir='ltr'>intelligas,</span> <span class='ocrx_word' id='word_1_272' title='bbox 861 2508 942 2545; x_wconf 83' lang='lat' dir='ltr'>aut,</span> <span class='ocrx_word' id='word_1_273' title='bbox 975 2500 1000 2537; x_wconf 81' lang='lat' dir='ltr'>si</span> <span class='ocrx_word' id='word_1_274' title='bbox 1021 2500 1098 2538; x_wconf 91' lang='lat' dir='ltr'>hoc</span> <span class='ocrx_word' id='word_1_275' title='bbox 1121 2510 1296 2553; x_wconf 87' lang='lat' dir='ltr'>tempore</span> <span class='ocrx_word' id='word_1_276' title='bbox 1319 2500 1416 2538; x_wconf 89' lang='lat' dir='ltr'>bene</span> <span class='ocrx_word' id='word_1_277' title='bbox 1437 2514 1494 2540; x_wconf 81' lang='lat' dir='ltr'>res</span> <span class='ocrx_word' id='word_1_278' title='bbox 1516 2501 1617 2554; x_wconf 82' lang='lat' dir='ltr'>gesta</span> <span class='ocrx_word' id='word_1_279' title='bbox 1637 2503 1696 2549; x_wconf 84' lang='lat' dir='ltr'>fit,</span> 
     </span>
     <span class='ocr_line' id='line_1_33' title="bbox 1302 2566 1398 2605; baseline 0.01 -1"><span class='ocrx_word' id='word_1_280' title='bbox 1302 2566 1343 2604; x_wconf 91' lang='lat' dir='ltr'>N</span> <span class='ocrx_word' id='word_1_281' title='bbox 1377 2579 1398 2605; x_wconf 90' lang='lat'><strong>2</strong></span> 
     </span>
    </p>
   </div>
  </div>
 </body>
</html>
