2335 3009
732 231 1346 273 HISTORIA.

348 328 473 364 Cicero
492 326 589 362 initio
604 326 640 371 [l.
657 334 725 371 cap.
739 325 789 372 3.]
802 324 880 360 libri
901 324 1015 360 111.de

350 378 496 411 Oratore
504 374 827 415 scribit‚Antonium
835 373 1016 408 Censorem

352 424 576 473 imperatoriis
587 423 758 458 manubiis
766 422 1015 458 rostraornaffe.

299 542 301 545 Ι
347 574 459 612 Anno
480 571 589 612 Urbis
606 571 630 609 6
636 586 700 625 57.
748 571 927 611 Ciceronis
952 583 1013 610 11.

493 642 684 680 Consules
714 640 876 680 fuerunt

348 704 433 742 CN.
458 704 704 741 DOM1'rlus
727 705 1014 740 AHENOBAR-

351 777 447 809 nus,
467 765 514 802 C.
537 764 731 802 CASSIUS
752 765 1012 802 LoNc-mus.

396 861 453 895 De
493 860 557 895 hoc
593 860 752 895 Domitio
784 861 906 896 Cicero
951 873 1014 907 pro

347 910 479 951 Domo,
506 910 561 944 Cn.
597 911 781 951 Domitium,
809 909 934 956 inquit,
961 922 1015 944 nos

341 963 432 1005 pueri
449 959 613 1004 Consulem,
639 959 806 1003 Censorem,
835 958 1014 1001 Pontifitem

347 1011 442 1042 Max.
461 1007 607 1042 vidimus.
648 1008 703 1041 De
719 1006 792 1054 ejus
811 1007 1012 1041 Tribunatu

347 1056 418 1090 dixi
450 1057 491 1090 ad
519 1068 646 1090 annum
673 1068 752 1090 Dei„
792 1055 918 1090 Censor
943 1054 1012 1089 fuit

345 1116 436 1139 anno
477 1116 598 1139 ncnxr.
652 1105 732 1139 Post
774 1104 1011 1138 Tribunatum

347 1153 504 1200 pontifex
523 1153 692 1188 maximus
711 1153 831 1200 populi
851 1152 1013 1199 suffragio

347 1214 479 1237 creatus
498 1201 577 1243 fuir,
598 1212 635 1235 ut
653 1202 699 1236 eil
718 1203 749 1236 in
771 1202 935 1247 Epitoma
955 1202 1013 1236 Li-

347 1252 448 1285 viana
464 1251 517 1285 lib.
539 1251 692 1285 LXVII.
735 1251 790 1284 De
806 1250 926 1284 eodem
955 1249 1011 1284 ci-

346 1311 426 1333 cero
453 1300 486 1333 in
511 1300 619 1333 Bruto
646 1310 721 1345 cap.
749 1311 807 1343 45.
852 1299 933 1340 Hoc,
962 1298 1011 1332 in-

347 1349 438 1394 quit,
464 1347 527 1381 loco
552 1348 648 1393 ipsum
679 1348 852 1381 Domitium
879 1358 937 1380 non
964 1359 1012 1380 re-

345 1396 456 1443 linquo.
501 1396 590 1431 Nam
616 1396 670 1439 etfi
686 1407 746 1429 non
763 1397 835 1441 fuit
856 1397 889 1429 in
910 1403 1013 1430 orato-

345 1457 416 1480 rum
441 1457 578 1487 numero,
603 1452 707 1478 tamen
717 1454 798 1490 pono
814 1444 898 1489 finis
919 1445 953 1478 in
980 1456 1012 1478 eo

334 1491 430 1539 futffi
458 1495 609 1528 orationis
636 1502 729 1539 atque
754 1495 882 1540 ingenii,
907 1506 965 1540 quo
981 1501 1012 1527 et

346 1543 543 1588 magistratus
569 1543 740 1588 personam,
767 1553 796 1577 et
827 1542 1013 1587 consularem

344 1591 529 1637 dignitatem
558 1599 707 1626 tueretur.
752 1591 823 1626 His
853 1590 1010 1625 Consuli-

347 1640 412 1675 bus
448 1640 677 1675 Ptolemaeum
713 1651 825 1686 regem
861 1640 1011 1686 Cyrena-

346 1701 437 1729 rum,
463 1688 521 1723 cui
551 1700 742 1736 cognomen
770 1688 903 1735 Apioni
929 1687 1010 1731 fuit,

346 1747 523 1772 mortuum
546 1737 745 1772 testamento
771 1737 928 1772 heredem
949 1749 1012 1784 po·

345 1787 470 1833 pulum
493 1787 694 1821 Romanum
713 1786 882 1833 reliquiss‘e
906 1785 1012 1821 Obse

345 1847 453 1882 quens
471 1845 504 1869 et
522 1835 738 1870 Caffiodorus
757 1835 919 1870 scribunt.
952 1835 1010 1869 Ci-

344 1896 421 1918 cero
439 1891 548 1918 contra
567 1883 697 1918 Rullum
714 1884 757 1919 11.
776 1893 843 1928 cap.
870 1896 922 1930 ¹9·
941 1883 1010 1918 Ad-

336 1933 450 1979 scribit
466 1932 546 1967 idem
563 1934 701 1967 auctioni
719 1932 894 1967 Corinthios
917 1943 1009 1978 agros

344 1983 457 2027 opimos
479 1990 507 2016 et
522 1981 662 2025 fertiles,
689 1989 718 2016 et
745 1981 931 2027 Cyrenenses,
957 1982 1010 2028 qui

344 2031 473 2077 Apionis
481 2031 624 2077 fuerunt.

345 2180 455 2219 Anno
475 2179 582 2220 Urbis
601 2180 695 2233 658.
740 2179 919 2219 Ciceronis
942 2192 1005 2219 12.

487 2250 676 2289 Consules
706 2249 869 2289 fuerunt

401 2311 450 2348 L.
481 2311 696 2350 L1C1utus
727 2311 952 2357 emissus,

409 2371 673 2423 QMucius
696 2371 937 2411 SCAEVOLA.

394 2470 450 2505 De
472 2468 522 2504 his
545 2468 618 2505 Cic.
637 2468 734 2505 Verr.
764 2469 826 2506 lV.
855 2480 928 2517 cap.
947 2480 1008 2517 49.

1651 246 1732 287 245

1066 323 1207 367 Halesini
1228 333 1290 370 pro
1318 324 1423 359 multis
1453 332 1482 359 et
1509 328 1629 372 magnis
1648 325 1730 373 suis,

1064 373 1272 419 majorumque
1291 373 1419 418 suorum
1450 375 1484 408 in
1513 375 1732 419 rempublicam

1065 422 1196 476 nostram
1225 424 1344 456 meritis
1374 430 1466 469 atque
1491 423 1648 466 beneficiis,
1671 425 1732 471 suo

1056 471 1136 516 jure
1153 479 1261 515 nuper,
1279 470 1321 504 L.
1333 471 1466 512 Licinio,
1483 471 1528 516 92.
1543 474 1650 508 Mucio
1663 473 1730 519 coffi

1065 531 1133 553 cum
1150 518 1296 553 haberent
1312 521 1396 552 inter
1405 521 1441 564 se
1457 522 1677 563 controversas
1693 523 1730 556 de

1056 569 1169 613 senatu
1185 567 1359 612 cooptando,
1386 567 1464 612 leges
1483 569 1524 602 ob
1532 570 1646 614 senatu
1663 570 1729 615 nos-

1065 625 1116 651 tro
1152 618 1342 661 petiverunt.
1394 616 1502 659 Idem,
1542 617 1632 652 libro
1665 620 1728 654 111.

1064 666 1107 700 de
1125 664 1274 706 Officiis,
1292 676 1366 711 cap.
1392 676 1443 699 11.
1494 664 1563 712 Effe
1575 674 1634 712 pro
1649 670 1730 710 cive,

1064 715 1116 761 qui
1129 714 1242 758 nonsit
1259 716 1350 756 civis,
1375 718 1489 748 reolum
1518 714 1558 758 est
1585 726 1644 749 non
1659 715 1730 750 lice-

1065 775 1122 803 re3
1148 775 1240 810 quam
1267 762 1405 797 tulerunt
1421 761 1512 808 legem
1520 762 1733 808 sapientiffimi

1064 811 1220 856 Consules,
1246 810 1369 857 Craſjus
1386 819 1416 845 et
1434 813 1585 846 Scaevola.
1623 813 1729 848 Hanc

1063 859 1174 906 legem
1191 860 1364 894 Liciniam
1388 870 1422 894 et
1450 860 1610 894 Muciam
1628 871 1731 897 vocat

1063 908 1097 942 in
1117 909 1225 943 Bruto
1243 921 1318 956 cap.
1353 908 1406 943 16.
1436 920 1506 955 qua
1530 909 1730 945 acerrimam

1063 957 1106 991 de
1123 957 1261 992 civitate
1283 956 1509 1004 quaestionem
1536 958 1660 993 venisse
1683 959 1730 994 ait

1063 1017 1127 1052 pro
1158 1006 1279 1048 Balbo,
1316 1018 1391 1053 cap.
1421 1016 1478 1040 21.
1531 1006 1586 1041 De
1610 1007 1729 1043 eadem

1055 1063 1118 1099 pro
1135 1055 1285 1096 Cornelio,
1312 1053 1490 1101 majestatis
1509 1066 1565 1089 reo
1581 1069 1588 1090 :
1616 1057 1729 1102 Legem

1061 1103 1218 1138 Liciniam
1246 1111 1277 1137 et
1301 1105 1444 1138 Muciam
1469 1103 1506 1137 de
1529 1103 1650 1138 civibus
1679 1117 1728 1140 re-

1056 1151 1173 1198 gundis
1189 1152 1246 1186 duo
1263 1152 1404 1197 Consules
1421 1153 1566 1195 omnium,
1589 1165 1660 1199 quos
1676 1157 1730 1188 vi-

1063 1201 1182 1242 dimus,
1223 1199 1433 1246 fhpientiffimi
1474 1201 1624 1236 tulerunt.
1689 1204 1730 1238 In

1063 1261 1168 1296 quem
1187 1249 1303 1284 locum
1329 1248 1500 1284 Asconius
1525 1250 1628 1297 plura
1650 1250 1727 1286 scri-

1063 1299 1124 1332 bit.

1112 1345 1229 1380 Crasso
1248 1345 1362 1380 Gallia
1379 1346 1558 1391 provincia
1572 1347 1731 1391 obvenit,

1062 1394 1097 1429 in
1114 1405 1223 1441 eaque
1240 1406 1311 1429 rem
1329 1396 1437 1441 geffit,
1461 1395 1502 1429 de
1520 1407 1590 1442 qua
1607 1396 1729 1432 Cicero

1060 1443 1114 1478 lib.
1135 1443 1180 1478 11.
1198 1442 1236 1478 de
1253 1444 1447 1485 Inventione,
1474 1453 1541 1489 cap.
1563 1455 1619 1489 37.
1646 1453 1675 1479 et
1695 1448 1729 1480 in

1061 1493 1215 1538 Pisonem,
1240 1501 1309 1538 cap.
1330 1492 1387 1528 26.
1441 1493 1495 1540 Q
1518 1493 1662 1528 Mucius
1693 1494 1728 1529 in

1062 1542 1146 1576 Afia
1162 1541 1314 1588 legatum
1345 1540 1466 1576 habuit
1492 1541 1531 1576 P.
1551 1542 1729 1578 Rutilium

1061 1588 1213 1632 Rufum,
1249 1590 1310 1637 qui
1340 1590 1468 1625 Consul
1496 1588 1609 1625 fuerat
1637 1603 1728 1628 anno

1062 1650 1246 1673 ncxwm.
1270 1648 1304 1673 et
1330 1638 1412 1685 quia
1428 1638 1623 1685 publicanis
1642 1640 1727 1675 nihil

1062 1699 1159 1735 agere
1190 1687 1224 1722 in
1255 1686 1338 1722 Afia
1366 1686 1572 1740 permiserat,
1606 1699 1728 1724 eorum

1062 1735 1336 1790 conspiratione
1327 1748 1361 1770 in
1374 1734 1549 1781 judicium
1568 1747 1725 1782 vocatus,

1063 1785 1106 1819 ab
1123 1784 1312 1831 equitibus,
1339 1784 1401 1831 qui
1419 1794 1495 1818 tum
1507 1783 1725 1841 judicabant,

1060 1834 1241 1868 damnatus
1259 1833 1318 1874 est,
1338 1843 1377 1867 ut
1394 1832 1506 1880 scripsi
1524 1837 1557 1867 in
1575 1843 1643 1879 cap.
1669 1848 1680 1870 ι
1692 1847 1722 1880 7.

1059 1882 1112 1917 lib.
1133 1881 1177 1917 V.
1217 1859 1340 1917 Orosii.
1392 1881 1558 1916 Meminit
1574 1894 1646 1929 ejus
1665 1884 1725 1919 Ci-

1059 1942 1137 1965 cero
1154 1931 1286 1978 paffim,
1311 1930 1364 1965 lib.
1383 1931 1410 1965 I.
1429 1929 1465 1964 de
1482 1931 1628 1972 Oratore,
1654 1942 1723 1979 cap

1060 1991 1118 2026 53.
1137 1981 1168 2014 in
1184 1980 1297 2021 Bruto,
1323 1987 1390 2024 cap.
1411 1990 1468 2026 29.
1493 1989 1551 2024 pro
1581 1981 1723 2024 Fonteio,

1058 2038 1124 2074 cap.
1150 2040 1162 2062 t
1172 2041 1202 2074 3.
1233 2029 1267 2062 in
1294 2028 1446 2073 Pisonem,
1481 2038 1549 2074 cap.
1579 2040 1635 2075 39.
1667 2030 1721 2067 lib.

1058 2078 1122 2112 111.
1142 2077 1178 2112 de
1192 2077 1275 2113 Nat.
1297 2078 1395 2112 Deor.
1413 2086 1478 2122 cap.
1498 2088 1556 2123 3²·
1573 2087 1607 2112 et
1630 2079 1723 2115 alibi.

1059 2126 1130 2161 His
1166 2125 1376 2161 Consulibus
1405 2125 1540 2161 Praetor
1567 2124 1635 2160 fuit
1663 2127 1724 2163 suo

1060 2186 1149 2210 anno
1164 2175 1206 2210 C.
1226 2174 1393 2210 Claudius
1411 2175 1483 2221 Ap.
1502 2175 1542 2210 F.
1563 2175 1727 2219 Pulcher,

1057 2233 1098 2260 ut
1113 2224 1161 2260 est
1177 2226 1210 2260 in
1224 2225 1359 2260 Verrina
1376 2223 1440 2260 IV.
1466 2234 1541 2272 cap.
1560 2235 1620 2270 49.
