2241 2994
519 227 602 281 296

522 338 593 361 rem
621 336 727 372 quam
759 323 908 360 maxime
933 323 1046 358 idonei
1077 323 1193 366 essent,

523 375 661 412 auctore
672 373 788 408 Dione
803 372 901 407 initio
914 371 966 407 lib.
977 371 1192 408 XXXVIII.

523 423 708 458 Suetonius
737 433 880 469 quoque
895 423 929 456 in
945 421 1094 467 Augusto,
1121 430 1190 466 cap.

522 483 557 514 4.
576 470 796 518 vigintiviros
825 481 948 517 agrum
969 470 1190 517 Campanum

523 520 617 567 plebi
645 520 740 564 Julia
768 520 842 566 Iege
868 518 1015 553 divififfe
1043 519 1100 553 ait.
1154 518 1192 552 In

524 569 576 603 his
594 567 662 602 fuit
685 567 887 602 Cosconius.
940 568 1027 615 Qo
1055 576 1194 601 mortuo

522 617 647 652 Cicero
686 617 720 651 in
759 615 833 664 ejus
870 615 987 650 Iocum
1029 614 1193 649 invitatus

522 664 603 707 fuit,
631 675 677 711 ep.
716 677 768 712 ¹9·
796 665 850 699 lib.
882 664 926 699 11.
956 663 1001 698 ad
1029 665 1102 699 Au.
1157 663 1194 697 ln

523 714 639 749 iisdem
657 713 726 748 fuit
749 714 814 748 Cn.
834 712 1044 747 Tremellius
1061 709 1194 753 Scrofa,

519 775 598 810 quo
615 763 658 797 de
674 763 796 802 Varro,
822 761 876 796 lib.
906 762 933 796 1.
963 759 1001 794 de
1027 762 1076 795 Re
1104 761 1193 804 Rust.

523 821 593 857 cap.
614 823 647 846 2.
700 810 871 845 Nominat
898 809 1033 844 eosdem
1062 810 1193 844 Fronti-

524 872 582 895 nus
609 870 644 894 et
671 859 810 900 Plinius,
836 858 891 892 lib.
915 857 996 892 Vll.
1036 867 1102 903 cap.
1134 869 1192 902 5²·

524 909 591 944 Sed
620 908 742 942 Cicero
771 906 1065 954 viginti-vitatum
1095 917 1195 953 repu-

523 957 646 999 diavit,
694 956 791 1004 quod
842 955 1097 1004 Qintilianus‚
1138 954 1194 989 lib.

524 1005 607 1041 XII.
635 1014 705 1051 cap.
729 1018 757 1040 1.
785 1004 913 1046 scribit,
938 1013 974 1038 et
1004 1003 1084 1050 ipse,
1110 1003 1194 1048 epist.

530 1065 564 1089 2.
590 1053 646 1089 lib.
665 1055 730 1089 IX.
757 1053 802 1087 ad
816 1055 917 1088 Attic.
937 1052 980 1086 de
996 1051 1129 1086 Caesare
1147 1051 1196 1085 in-

523 1102 615 1149 quit,
658 1101 832 1148 Repudiari
862 1102 900 1145 se
941 1108 1056 1139 totum,
1099 1101 1197 1145 magis

523 1152 621 1185 etiam
655 1162 749 1197 quam
782 1150 855 1184 olim
889 1151 923 1183 in
951 1150 1197 1195 viginti-viratu

520 1200 674 1245 putabit-,
699 1212 738 1234 ac
744 1199 850 1245 solet,
865 1209 932 1232 cum
950 1197 985 1243 fi·
1002 1204 1135 1243 purgat,
1161 1199 1194 1231 in

523 1259 572 1283 me
588 1249 727 1294 conferre
743 1259 859 1282 omnem
884 1246 1008 1281 illorum
1025 1253 1195 1292 temporum

523 1297 647 1343 culpam
662 1309 673 1331 :
699 1298 748 1331 ita
777 1308 824 1331 me
839 1295 906 1339 stbi
917 1294 1011 1342 suff
1027 1296 1194 1337 inimicum,

525 1354 563 1382 ut
583 1357 620 1380 ne
646 1346 788 1381 bonorem
817 1344 935 1392 quidem
963 1357 984 1378 a
1005 1346 1042 1389 se
1057 1345 1197 1388 accipere

523 1394 645 1430 vellem.
697 1393 899 1429 Paterculus
915 1403 1060 1440 quoque
1076 1391 1128 1426 lib.
1149 1392 1195 1427 11.

524 1453 593 1489 cap.
614 1454 673 1488 45.
701 1443 734 1477 in
761 1441 1088 1477 commemoratione
1104 1439 1196 1474 exilii

526 1491 703 1527 Ciceronis
720 1491 816 1528 addit
832 1505 840 1526 :
864 1491 934 1526 Hoc
937 1489 1004 1534 fibi
1019 1489 1198 1536 contraxiffe

524 1540 695 1576 videbatur
716 1541 835 1583 Cicero,
859 1538 941 1588 quod
963 1541 1046 1573 inter
1061 1539 1195 1584 viginti-

524 1592 614 1625 viros
653 1588 820 1624 dividendo
846 1600 922 1636 agro
958 1587 1116 1634 Campano
1145 1585 1198 1633 ςθὲ

524 1637 672 1684 noluiffi‘t.

576 1687 650 1722 Hic
677 1685 878 1733 scrupulum
906 1683 1015 1732 injicit
1032 1683 1144 1720 oratio
1159 1683 1197 1719 de

525 1736 706 1771 Provinciis
734 1735 821 1780 Confi
851 1734 885 1769 in
916 1745 998 1781 qua,
1037 1743 1107 1779 cap.
1141 1743 1196 1779 17.

527 1785 650 1819 Cicero
668 1783 727 1827 ait,
754 1783 786 1818 se
809 1795 830 1818 a
858 1783 992 1818 Caesare
1019 1780 1118 1817 fuisse
1144 1793 1198 1817 ro-

524 1843 660 1881 gatum,
688 1843 728 1868 ut
757 1831 1081 1880 quinque-vitatum
1109 1830 1197 1865 acci-

526 1891 634 1930 peret,
651 1893 804 1929 eumque
821 1881 851 1916 se
867 1879 1094 1915 obstinatione
1111 1891 1197 1927 qua-

525 1931 606 1966 dam
642 1929 814 1965 sententiae
853 1928 1051 1976 repudiasse.
1103 1929 1199 1963 Prae-

526 1988 616 2015 terea
632 1977 872 2026 quinque-viri
900 1977 1123 2012 nominantur
1150 1986 1196 2023 ep.

527 2038 561 2074 7.
588 2027 642 2062 lib.
670 2027 715 2063 11.
739 2026 785 2061 ad
800 2028 872 2062 Au.
925 2025 1015 2060 Sunt
1031 2025 1096 2060 viri
1114 2025 1199 2060 doc-

525 2076 654 2118 tissimi,
683 2075 717 2111 in
741 2075 842 2110 rebus
867 2074 1037 2109 Romanis
1055 2073 1198 2121 cognos-

525 2125 643 2160 cendis
660 2125 720 2160 diu
740 2124 962 2170 multumque
981 2122 1112 2163 versati,
1135 2122 1197 2169 qui

526 2174 680 2209 scribunt
713 2172 882 2209 Caesarem
923 2172 965 2206 ad
1000 2171 1197 2206 :estimatio-

528 2235 604 2258 nem
647 2223 718 2270 agri
757 2220 927 2269 Campani
962 2219 1196 2267 viginti-viros

526 2271 671 2307 creasse:
699 2283 737 2306 ac
757 2280 920 2318 prreterea
937 2269 1107 2316 quinque,
1133 2268 1195 2322 qui

526 2320 735 2355 aestimatum
770 2318 973 2354 dividerent.
1025 2318 1120 2352 Dant
1148 2316 1196 2351 illi

526 2369 668 2415 quidem
693 2368 810 2403 testem
842 2367 876 2403 in
906 2367 992 2401 hanc
1021 2377 1092 2401 rem
1116 2366 1196 2401 Dio-

524 2429 619 2451 nem:
648 2417 701 2452 sed
731 2417 848 2457 verba,
887 2415 1017 2463 quibus
1046 2414 1110 2449 hoc
1140 2414 1197 2449 de-

526 2466 746 2508 monstretur,
775 2465 807 2500 in
831 2465 957 2501 Graeca
972 2463 1045 2512 ejus
1063 2463 1201 2501 historia

836 226 902 266 M.
960 227 1017 266 T.
1078 226 1607 266 CICERONIS

1246 322 1396 357 invenire
1439 321 1602 370 equidem
1652 318 1765 356 adhuc
1816 319 1913 355 nulla

1245 372 1357 419 potui.

1292 419 1453 455 Comitiis
1479 418 1673 454 tribuniciis
1699 419 1738 453 P.
1765 417 1914 453 Clodius

1243 468 1392 503 Pulcher
1434 468 1594 503 tribunus
1645 467 1756 515 plebis
1799 465 1914 502 faetus

1243 516 1312 551 fuit
1328 528 1432 564 opera
1449 517 1606 557 Caesaris,
1632 527 1672 550 ut
1698 515 1814 551 scribit
1832 516 1911 558 Dio,

1242 574 1277 599 et
1294 565 1488 600 Plutarchus
1505 567 1537 599 in
1566 564 1696 608 Cessare.
1750 564 1824 599 Etsi
1854 562 1915 598 au-

1244 623 1313 647 tem
1333 613 1520 660 Pompeius
1538 613 1703 648 Clodium
1721 613 1816 647 omni
1832 623 1912 647 cau·

1245 661 1349 704 tione,
1399 661 1543 703 foedere,
1592 661 1807 696 execratione
1855 660 1915 695 de-

1244 710 1412 753 vinxerat,
1440 710 1524 745 nihil
1546 710 1579 745 in
1599 710 1776 745 tribunatu
1795 718 1917 744 contra

1244 759 1447 794 Ciceronem
1476 759 1541 794 effe
1570 757 1758 801 facturum,
1798 767 1838 792 ut
1865 757 1916 792 est

1238 817 1300 853 pro
1330 808 1446 850 Sextio,
1477 818 1544 853 cap.
1577 817 1609 854 7.
1647 807 1704 842 ille
1733 817 1847 842 tamen
1878 805 1913 841 in

1244 855 1311 891 fide
1329 869 1397 891 non
1416 857 1536 891 mansit
1552 869 1559 891 :
1588 855 1642 890 sed
1661 857 1822 891 tribunus
1840 854 1913 902 ple-

1245 905 1298 939 bis
1315 904 1440 947 faCtus,
1466 905 1635 940 continuo
1663 904 1694 940 se
1716 904 1750 939 in
1775 903 1915 939 Cicero·

1246 965 1324 988 nem
1351 953 1532 988 convertit.
1587 954 1671 1001 Qia
1694 954 1737 987 de
1767 964 1802 986 re
1822 951 1916 987 dice-

1247 1013 1337 1043 mus,
1375 1002 1398 1036 s1
1438 1000 1535 1049 prius
1571 1001 1656 1036 illud
1696 1000 1916 1035 admonueri-

1247 1061 1338 1092 mus,
1364 1050 1456 1085 hunc
1489 1051 1628 1084 tertium
1657 1049 1756 1084 fuill‘e
1785 1060 1916 1084 annum

1248 1099 1381 1146 imperii
1399 1100 1454 1145 Q
1467 1097 1642 1133 Ciceronis
1661 1098 1693 1132 in
1713 1097 1805 1133 Afia.
1828 1098 1918 1144 Qo

1246 1147 1290 1181 ad
1306 1147 1395 1182 duos
1420 1149 1549 1194 priores
1576 1145 1752 1193 adjuncto,
1782 1146 1837 1181 M.
1856 1145 1918 1181 Ci-

1244 1207 1323 1230 cero
1363 1195 1543 1243 epistolam
1588 1195 1683 1230 illam
1725 1194 1916 1243 pulcherri-

1244 1256 1350 1286 mam,
1377 1256 1458 1292 quae
1476 1244 1523 1279 est
1541 1244 1653 1291 prima
1676 1244 1730 1280 lib.
1748 1243 1777 1279 Ι.
1806 1243 1851 1278 ad
1867 1242 1914 1290 Q

1244 1295 1404 1336 Fratrem,
1432 1293 1532 1335 milit,
1555 1293 1588 1328 in
1607 1305 1677 1340 qua
1693 1293 1808 1327 omnia
1825 1304 1918 1339 prae-

1245 1351 1345 1389 cepta
1363 1342 1448 1376 bene
1465 1341 1742 1376 administrandae
1771 1341 1916 1388 provin-

1245 1390 1310 1425 ciae
1339 1391 1386 1425 ita
1416 1390 1641 1437 persequitur,
1687 1399 1727 1424 ut
1766 1389 1916 1436 amplius

1247 1439 1331 1474 nihil
1351 1438 1477 1486 requiri
1497 1440 1607 1486 possit.
1655 1437 1818 1485 Ejusdem
1836 1438 1916 1473 anni

1246 1487 1376 1522 ultimis
1407 1488 1579 1523 mensibus
1608 1487 1737 1534 scripsit
1763 1485 1918 1532 epistolam

1238 1536 1403 1582 secundam
1433 1536 1478 1570 ad
1504 1537 1665 1579 Fratrem,
1704 1545 1744 1571 ut
1771 1546 1815 1570 ex
1846 1534 1918 1584 ipsa

1246 1585 1475 1632 cognoscitur.

1247 1737 1358 1776 Anno
1379 1734 1488 1775 Urbis
1508 1734 1558 1786 69
1565 1748 1602 1788 5.
1646 1733 1827 1774 Ciceronis
1845 1746 1914 1787 49.

1394 1804 1585 1845 Consules
1615 1804 1778 1844 fuerunt

1248 1867 1298 1906 L.
1332 1867 1637 1906 CALPURNlus
1678 1865 1779 1906 Piso
1811 1866 1915 1905 Cae·

1308 1940 1487 1973 somus,
1521 1927 1569 1966 A.
1603 1928 1859 1967 Grunnius.

1300 2025 1469 2060 Praetores
1488 2024 1590 2072 hujus
1606 2025 1683 2060 anni
1706 2036 1724 2059 a
1751 2024 1919 2061 Suetonio

1249 2074 1283 2107 in
1299 2074 1404 2120 Julio,
1427 2083 1497 2120 cap.
1517 2085 1573 2120 ²3·
1594 2073 1816 2109 nominantur
1831 2075 1918 2117 duo,

1248 2124 1292 2157 C.
1314 2123 1504 2158 Memmius
1521 2132 1555 2157 et
1573 2122 1618 2157 L.
1637 2122 1828 2158 Domitius.
1872 2123 1916 2158 C.

1251 2171 1460 2206 Memmium
1480 2180 1663 2225 praetorem
1693 2183 1734 2206 ex
1762 2172 1837 2219 lege
1853 2171 1917 2207 Li·

1246 2220 1336 2255 cinia
1352 2229 1387 2255 et
1404 2220 1511 2265 junia
1525 2219 1675 2262 edixisse,
1704 2230 1742 2254 ut
1758 2221 1917 2256 Vatinius

1247 2268 1369 2303 adesset
1386 2268 1440 2303 die
1459 2268 1639 2310 tricesimo,
1661 2269 1784 2304 Cicero
1799 2271 1834 2303 in
1850 2271 1916 2304 Va-

1246 2319 1357 2352 tinium
1386 2317 1443 2352 ait.
1498 2317 1572 2352 l'iso
1589 2327 1621 2352 et
1640 2318 1814 2353 Gabinius
1840 2318 1918 2354 sunt

1247 2365 1319 2401 duo
1336 2365 1472 2407 funesti,
1501 2378 1568 2401 non
1598 2364 1764 2409 consules,
1791 2367 1845 2402 sed
1869 2367 1916 2401 la-

1249 2424 1361 2450 trones
1388 2424 1492 2462 atque
1517 2415 1684 2450 eversores
1703 2415 1917 2463 reipublicae.

1249 2475 1340 2511 quos
1359 2463 1424 2499 suis
1447 2463 1625 2500 coloribus
1648 2465 1772 2501 Cicero
1798 2465 1918 2500 multis
