2335 3009
562 249 642 304 236

561 345 824 382 commodatum
852 345 894 382 ad
918 355 1049 382 tantam
1079 357 1230 389 morum,

563 406 602 430 ac
621 394 827 438 sermonum,
852 404 888 431 et
908 395 1143 438 voluntatum,
1170 407 1230 430 va-

563 443 728 479 rietatem.
756 445 877 491 Qare
892 443 994 479 etiam
1008 453 1112 492 atque
1127 443 1229 479 etiam

562 503 668 547 perge
701 502 812 528 tenere
846 493 943 528 istam
975 495 1082 536 viam,
1124 503 1231 541 quam

566 540 762 584 instituisti·‚
799 542 927 577 excelle
955 541 1126 577 dicendo:
1167 541 1232 576 hoc

563 599 600 626 et
615 600 774 626 tenentur
790 591 916 626 Romae
942 590 1110 633 homines,
1135 599 1170 625 et
1186 590 1234 624 al-

564 639 748 683 liciuntur,
783 649 819 674 et
855 640 899 675 ab
939 638 1158 687 impediendo
1196 649 1235 673 ac

564 688 726 724 laedendo
745 689 966 736 repelluntur.
1005 689 1053 724 Et
1068 687 1235 735 quoniam

564 737 603 780 jn
620 737 685 773 hoc
702 737 758 772 vel
777 736 924 772 maxime
941 736 1062 772 vitiosa
1086 736 1134 771 est
1151 735 1236 770 civi-

567 795 632 829 tas,
669 786 779 833 quod,
818 785 998 832 largitione
1027 784 1236 832 interposita,

567 835 707 870 virtutis
734 847 771 870 ac
796 834 974 882 dignitatis
1001 833 1158 869 oblivisci
1185 832 1235 869 so-

568 884 640 919 let:
668 883 702 918 in
721 883 786 919 hoc
804 882 871 924 fac,
898 892 937 919 ut
965 893 998 918 te
1029 883 1115 918 bene
1131 882 1236 925 noris,

569 932 607 969 id
630 932 678 968 est
703 943 742 968 ut
772 932 952 980 intelligas,
990 943 1072 967 eum
1099 931 1164 967 esse
1191 941 1237 974 te,

569 981 632 1029 qui
669 980 794 1029 judicii
836 993 874 1016 ac
917 981 1062 1029 periculi
1104 989 1237 1015 metum

570 1030 763 1065 maximum
803 1029 1092 1077 competitoribus
1120 1029 1239 1064 afferre

569 1080 685 1128 poffis.
735 1079 764 1113 F
767 1090 818 1122 ac,
845 1089 884 1113 ut
902 1078 932 1113 se
950 1079 1010 1113 abs
1025 1087 1060 1114 te
1076 1077 1240 1113 custodiri

570 1137 676 1175 atque
692 1127 862 1162 observari
889 1127 1018 1162 sciant:
1048 1138 1130 1161 cum
1161 1125 1238 1160 dili-

571 1176 722 1224 gentiam
752 1185 860 1218 mam,
898 1185 974 1211 tum
1001 1174 1239 1210 auctoritatem

570 1225 715 1272 vimque
767 1224 915 1267 dicendi,
966 1234 1041 1259 tum
1084 1222 1242 1271 profe&o

569 1273 733 1321 equestris
761 1272 891 1308 ordinis
919 1285 999 1320 erga
1026 1282 1059 1307 te
1076 1272 1242 1313 studium,

570 1322 817 1371 pertimescent.
870 1324 992 1370 Atque
1027 1321 1103 1356 haec
1133 1321 1181 1356 ita
1209 1330 1244 1355 te

570 1371 655 1407 volo
684 1371 752 1406 illis
779 1382 981 1418 proponere,
1020 1380 1061 1405 ut
1089 1381 1158 1405 non
1186 1369 1240 1404 vi-

572 1421 671 1456 deare
693 1419 767 1467 jam
795 1419 1042 1455 accusationem
1071 1418 1240 1461 meditari,

574 1469 628 1504 sed
648 1479 685 1504 ut
704 1469 767 1503 hoc
787 1478 912 1506 terrore
939 1467 1075 1503 facilius
1103 1468 1168 1502 hoc
1189 1467 1238 1513 ip-

574 1518 661 1559 sum,
716 1517 784 1552 uod
815 1517 899 1564 agis,
925 1517 1140 1564 consequare.
1192 1517 1240 1551 Et

575 1568 675 1615 plane
688 1530 737 1601 sic
764 1566 931 1601 contende
947 1566 1110 1601 omnibus
1130 1565 1240 1600 nervis

575 1627 612 1651 ac
647 1614 884 1659 facultatibus,
928 1624 968 1649 ut
1001 1614 1240 1662 adipiscamur,

575 1664 670 1711 quod
701 1663 860 1711 petimus.
904 1663 1030 1706 Video,
1056 1663 1152 1698 nulla
1177 1663 1242 1698 effe

575 1712 714 1750 comitia
742 1722 811 1749 tam
841 1712 1018 1762 inquinata
1048 1711 1243 1761 largitione,

902 249 1008 290 DE
1065 247 1608 290 PETITIONE

1279 345 1410 393 quibus
1429 356 1498 381 non
1515 343 1620 392 gratis
1639 342 1768 391 aliquae
1786 342 1952 379 centuriae

1281 394 1475 430 renuntient
1514 394 1591 429 suos
1627 392 1776 428 maxime
1811 393 1953 428 necessa.

1282 443 1361 479 rios.
1413 444 1547 491 Qare,
1573 442 1597 477 fi
1628 441 1858 489 advigilamus
1888 452 1954 488 pro

1282 491 1328 527 rei
1345 491 1538 539 dignitate·‚
1556 500 1590 526 et
1608 490 1631 526 fi
1651 490 1782 525 nostros
1801 490 1843 525 ad
1862 488 1954 525 sum-

1283 553 1381 576 mum
1417 539 1570 575 studium
1601 539 1790 574 benevolos
1825 538 1956 573 excita⁴

1284 601 1388 630 mus·,
1425 599 1460 623 et
1494 588 1516 623 li
1559 587 1758 623 hominibus
1798 586 1955 635 gratiosis

1284 637 1508 684 studiosisque
1544 635 1647 671 nostri
1689 636 1789 671 suum
1826 634 1956 683 cuique

1285 698 1414 722 munus
1431 685 1678 726 describimus;
1705 694 1739 720 et
1763 684 1787 719 s1
1814 695 1956 732 compe·

1284 735 1448 771 titoribus
1470 733 1604 782 judicia
1632 733 1874 786 proponimus,
1909 732 1955 768 se-

1285 783 1482 832 questribus
1505 793 1637 818 metum
1654 781 1841 829 injicimus,
1864 781 1957 816 divi-

1287 833 1376 869 sores
1415 831 1544 868 ratione
1578 831 1694 878 aliqua
1731 842 1955 872 coercemus;

1287 881 1405 930 perfici
1424 881 1546 930 potest,
1575 890 1614 915 ut
1632 879 1769 927 largitio
1786 888 1846 915 aut
1861 879 1958 915 nulla

1289 931 1361 972 fiat,
1388 940 1447 966 aut
1465 929 1550 965 nihil
1567 930 1690 965 valeat.

1335 979 1438 1015 XVI.
1466 979 1561 1013 Haec
1591 977 1681 1020 sunt,
1717 988 1800 1025 quae
1832 976 1957 1025 putavi

1288 1039 1357 1064 non
1387 1027 1510 1062 melius
1541 1026 1623 1062 scire
1657 1037 1725 1068 me,
1760 1037 1867 1073 quarn
1897 1036 1957 1068 te;

1287 1077 1343 1112 sed
1360 1075 1496 1111 facilius
1514 1074 1565 1110 his
1584 1073 1652 1110 tuis
1669 1073 1959 1122 occupationibus

1289 1125 1450 1172 colligere
1468 1135 1581 1159 unum
1607 1122 1641 1158 in
1659 1123 1778 1159 locum
1795 1123 1900 1170 posse,
1925 1131 1960 1158 et

1291 1174 1334 1209 ad
1373 1184 1407 1208 te
1449 1172 1634 1222 perscripta
1667 1172 1811 1208 mittere.
1862 1172 1960 1220 Qae

1291 1222 1422 1258 tametsi
1452 1223 1499 1257 ita
1516 1221 1640 1270 scripta
1656 1220 1746 1265 sunt,
1772 1231 1813 1257 ut
1830 1233 1899 1256 non
1916 1220 1962 1255 ad

1291 1283 1423 1314 omnes,
1463 1270 1526 1318 qui
1556 1271 1701 1306 honores
1734 1279 1866 1318 petant,
1904 1268 1961 1304 sed

1293 1320 1336 1356 ad
1365 1330 1399 1355 te
1427 1319 1578 1367 proprie,
1601 1328 1636 1354 et
1664 1319 1707 1354 ad
1744 1319 1832 1354 hanc
1862 1327 1960 1354 tuam

1288 1369 1504 1418 petitionem,
1530 1368 1690 1410 valeant3
1718 1377 1831 1403 tamen
1857 1376 1911 1411 tu,
1934 1366 1959 1402 st

1289 1418 1376 1466 quid
1395 1417 1601 1453 mutandum
1616 1417 1682 1452 effe
1698 1415 1886 1458 videbitur,
1899 1425 1961 1451 aut

1289 1467 1432 1502 omnino
1465 1466 1681 1508 tollendum,
1724 1475 1784 1500 aut
1814 1465 1838 1500 s1
1871 1464 1961 1511 quid

1289 1516 1352 1550 erit
1381 1515 1609 1563 praeteritum,
1646 1513 1751 1549 velim
1779 1514 1844 1549 hoc
1874 1512 1960 1548 mibi

1289 1565 1394 1600 dicas.
1423 1564 1516 1599 Volo
1532 1563 1637 1607 enim,
1665 1563 1730 1598 hoc
1748 1571 1961 1599 commenta-

1291 1613 1416 1649 riolum
1435 1612 1610 1660 petitionis
1639 1612 1755 1649 haberi
1782 1610 1879 1650 omni
1907 1621 1960 1654 ra„

1291 1662 1383 1699 tione
1400 1660 1604 1711 perfeCkum.
