2335 3009
559 265 658 303 AD
717 254 1233 302 HERENNIUM
1291 262 1424 303 LIB.
1475 265 1554 305 111.

371 359 424 396 his
454 360 554 396 usum
580 361 748 404 dicemus,
787 371 870 407 quae
898 359 976 396 casu
1005 367 1040 396 et

371 420 505 453 natura,
535 419 700 457 tanquam
731 408 879 456 quilibet
909 409 1039 456 gladia-

372 468 439 500 tor,
459 458 641 500 liabuerit3
668 458 692 492 si
711 470 779 492 non
795 468 897 493 erunt
914 469 1040 506 praeter

371 505 533 548 formam,
560 506 676 542 omnia
695 506 796 553 ipsius
814 506 918 554 culpa
935 517 969 542 et
987 507 1038 543 in-

372 554 596 603 temperantia
635 567 704 590 non
745 553 845 590 fuisse
874 555 1040 593 dicemus.

371 604 507 639 Deinde
544 615 754 639 revertemur
789 604 833 638 ad
865 614 1040 641 extraneas

372 665 436 694 res,
463 662 498 688 et
526 653 559 688 in
591 653 656 695 his,
683 653 787 687 animi
813 653 958 688 virtutes
982 665 1042 690 aut

371 701 456 736 vitia
474 713 556 749 quae
572 701 713 744 fuerint,
727 701 1016 738 considerabimus
1030 717 1037 739 :

370 750 516 792 divitiae,
557 763 598 785 an
634 759 816 798 paupertas
851 749 966 793 fuerit,
1007 762 1041 787 et

371 811 453 846 quae
471 799 666 847 potestates,
693 811 775 846 quae
798 798 931 846 glorias,
959 812 1040 847 quat

371 848 546 890 amicitiae,
573 860 655 896 quae
674 848 877 890 inimicitiae,
903 859 937 884 et
982 850 1042 884 uid

371 895 506 932 fortiter
524 897 558 932 in
577 896 764 932 inimicitiis
781 897 936 944 gerendis
969 910 1041 933 ece-

373 946 438 986 rit3
466 944 565 992 cujus
589 946 688 981 causa
716 945 896 993 susceperit
927 946 1039 982 inimi-

372 995 481 1037 citias,
509 1007 579 1042 qua
606 996 684 1036 fide,
713 994 960 1037 benevolentia,
986 995 1039 1031 of-

373 1044 464 1084 ficio,
483 1044 616 1091 gesserit
634 1043 810 1079 amicitias.
855 1045 894 1078 In
913 1044 1043 1080 divitiis

373 1093 499 1140 qualis,
539 1102 600 1127 aut
629 1093 663 1127 in
698 1101 898 1139 paupertate
931 1091 1042 1138 cujus-

373 1142 468 1176 modi
499 1140 629 1177 fuerit:
658 1141 953 1189 quemadmodum
986 1142 1042 1176 ha-

373 1190 488 1225 buerit
505 1190 539 1225 in
558 1190 782 1237 potestatibus
799 1191 954 1236 gerendis
973 1191 1043 1225 ani-

374 1251 483 1274 mum.
543 1240 578 1274 Si
622 1238 806 1280 interierit,
850 1238 1043 1286 cujusmodi

374 1300 466 1322 mors
496 1286 569 1334 ejus
599 1286 716 1330 fuerit,
765 1286 958 1334 cujusmodi
992 1300 1044 1324 res

374 1343 521 1372 mortem
536 1335 609 1383 ejus
627 1337 667 1370 sit
684 1335 874 1372 consecuta.

422 1385 521 1421 V111.
548 1385 609 1419 Ad
638 1397 757 1420 omnes
783 1394 898 1420 autem
917 1397 980 1427 res,
1009 1385 1043 1420 in

373 1433 503 1482 quibus
546 1434 681 1468 animus
717 1433 865 1468 hominis
894 1434 1043 1469 maxime

373 1483 615 1524 consideratur,
654 1483 724 1518 illae
758 1492 910 1530 quatuor
938 1482 1042 1518 animi

371 1531 516 1567 virtutes
528 1541 630 1567 erunt
642 1532 947 1567 accommodandae
960 1546 967 1567 :
989 1542 1040 1575 ut,

372 1580 394 1615 si
413 1581 606 1623 laudemus,
633 1581 727 1616 aliud
740 1580 840 1628 juste,
859 1578 954 1616 aliud
970 1581 1039 1616 for-

373 1629 464 1672 titer,
497 1629 592 1664 aliud
626 1630 788 1674 modeste,
831 1631 926 1666 aliud
959 1642 1041 1679 pru-

371 1679 502 1722 denter,
532 1677 663 1713 factum
693 1679 757 1714 esse
785 1679 965 1715 dicamus:
995 1681 1042 1714 sin

372 1727 622 1776 vituperemus,
659 1739 679 1762 e
720 1729 904 1772 contrario,
948 1729 1043 1764 aliud

372 1775 506 1824 injuste,
533 1776 626 1811 aliud
644 1776 779 1824 ignave,
807 1777 900 1813 aliud
919 1777 1042 1813 inimo-

372 1825 475 1869 deste,
501 1825 595 1860 aliud
613 1825 726 1868 stulte,
753 1826 886 1861 fastum
903 1827 966 1862 esse
991 1827 1042 1861 di-

373 1886 503 1910 camus.
556 1874 779 1921 Perspicuum
809 1875 857 1910 est
879 1873 953 1922 jam
989 1875 1041 1910 ni-

373 1923 501 1959 mirum
517 1935 558 1958 ex
578 1923 640 1958 hac
667 1923 894 1971 dispositione,
922 1936 1043 1972 quem-

374 1972 563 2008 admodum
597 1973 639 2007 fit
666 1973 841 2008 tractanda
874 1973 1045 2021 tripartita

374 2021 494 2057 divisio
524 2021 634 2056 laudis
661 2031 695 2056 et
717 2022 994 2070 vituperationis,
1021 2023 1043 2058 fi

374 2069 462 2104 illud
494 2070 596 2106 etiam
630 2071 934 2118 assumpserimus3
976 2084 1043 2106 non

376 2118 503 2154 necesse
519 2120 583 2154 effe
609 2131 671 2154 nos
696 2131 813 2154 omnes
843 2119 901 2155 has
933 2130 1044 2168 partes

377 2166 410 2202 in
453 2167 590 2203 laudem
641 2177 700 2203 aut
754 2169 1042 2216 vituperationem

375 2214 566 2259 transferre,
605 2227 784 2265 propterea
817 2219 913 2266 quod
955 2217 1044 2266 saepe

375 2276 418 2300 ne
435 2264 593 2300 incidunt
609 2266 751 2312 quidem
769 2280 778 2302 :
806 2267 895 2315 saepe
925 2267 971 2302 ita
994 2278 1043 2303 te-

374 2313 488 2348 nuiter
506 2313 674 2356 incidunt,
701 2325 741 2350 ut
758 2327 828 2350 non
846 2317 909 2350 sint
933 2316 1040 2351 neces-

373 2361 468 2398 sariae
486 2362 594 2397 dietu.
638 2363 865 2412 Quapropter
892 2377 946 2400 eas
965 2377 1042 2412 par-

375 2421 437 2452 tes,
477 2422 559 2458 quae
591 2410 788 2447 firmissimae
818 2413 1042 2457 videbuntur,

374 2460 485 2508 legere
514 2459 699 2507 oportebit.
751 2461 1042 2497 Conclusionibus

375 2508 539 2544 brevibus
559 2519 709 2552 utemur,
728 2513 982 2547 enumeratione
998 2511 1042 2546 ad

1687 265 1760 319 183

1086 359 1222 394 exitum
1241 360 1370 397 causa-„2
1401 361 1434 397 in
1464 362 1533 410 ipsa
1558 363 1656 399 causa
1691 375 1761 399 cre-

1089 408 1166 443 bras
1176 418 1210 443 et
1230 408 1348 444 breves
1366 412 1647 459 amplificationes
1660 411 1762 448 inter-

1088 469 1259 504 ponemus
1305 469 1365 506 per
1407 461 1502 495 locos
1546 473 1760 498 communes.

1090 506 1166 541 Nec
1197 506 1262 541 hoc
1293 519 1401 554 genus
1432 509 1553 552 causae,
1592 523 1633 546 eo
1663 511 1761 557 quod

1092 565 1167 590 raro
1202 555 1326 591 accidit
1356 556 1390 591 in
1417 557 1501 599 vita,
1532 559 1762 606 negligentius

1092 604 1374 640 considerandum
1402 606 1460 642 est.
1513 607 1641 655 Neque
1669 610 1762 645 enim

1070 651 1138 694 ¹id,
1168 653 1263 700 quod
1281 654 1391 701 potest
1418 655 1582 698 accidere,
1612 667 1650 692 ut
1679 659 1764 694 faci-

1090 702 1220 736 endum
1250 703 1289 737 sit
1308 703 1507 751 aliquando,
1535 717 1602 740 non
1626 717 1764 754 oportet

1090 751 1178 785 velle
1189 763 1294 798 quam
1310 753 1657 790 accommodatissime
1670 758 1764 804 poffe

1091 798 1210 835 facere.
1247 801 1308 842 Et,
1335 802 1356 836 si
1375 802 1552 850 separatim
1573 803 1646 839 haec
1665 806 1763 841 causa

1092 844 1207 883 minus
1226 849 1314 897 saepe
1333 851 1521 892 traetatur3
1550 862 1584 886 at
1612 853 1645 888 in
1667 853 1763 901 judi-

1092 897 1250 938 cialibus,
1277 908 1311 933 et
1342 899 1376 934 in
1408 900 1639 937 deliberativis
1656 905 1763 939 causis

1092 945 1181 993 saepe
1198 959 1334 994 maignae
1351 957 1464 996 partes
1484 950 1661 986 versantur
1689 953 1764 988 lau-

1091 995 1142 1029 dis
1169 1005 1228 1030 aut
1254 996 1526 1045 vituperationis.
1580 1001 1700 1048 Qiare
1728 1002 1763 1037 in

1095 1043 1159 1078 hoc
1177 1056 1320 1092 quoque
1337 1058 1459 1093 genere
1477 1047 1587 1083 causae
1607 1050 1762 1085 nonnihil

1095 1091 1270 1128 industriae
1309 1096 1619 1132 consummandum
1661 1109 1761 1146 puta-

1093 1152 1182 1175 mus.
1226 1143 1348 1185 Nunc,
1377 1144 1531 1180 absoluta
1554 1147 1653 1182 nobis
1671 1148 1763 1182 diffi-

1092 1189 1221 1225 cillima
1236 1202 1332 1238 parte
1347 1192 1538 1236 rhetoricae,
1558 1195 1623 1230 hoc
1637 1196 1696 1239 est,
1714 1197 1763 1231 in-

1093 1239 1254 1274 ventione
1270 1242 1451 1288 perpolita‚
1479 1253 1583 1290 atque
1600 1245 1641 1279 ad
1660 1258 1764 1281 omne

1094 1287 1203 1322 causae
1216 1300 1325 1335 genus
1338 1293 1610 1335 accommodata,
1626 1303 1764 1340 tempus

1093 1335 1140 1370 est
1175 1336 1217 1371 ad
1256 1348 1393 1373 caeteras
1427 1350 1540 1386 partes
1580 1343 1761 1388 proficisci.

1093 1384 1267 1434 Deinceps
1286 1386 1394 1433 igitur
1411 1388 1453 1422 de
1470 1388 1690 1437 dispositione
1711 1393 1764 1427 di-

1093 1445 1222 1469 cemus.

1142 1483 1206 1518 IX.
1235 1484 1415 1531 Quoniam
1433 1486 1607 1534 dispositio
1623 1488 1683 1532 est,
1703 1502 1764 1537 per

1091 1543 1197 1580 quam
1225 1533 1294 1576 illa,
1321 1546 1404 1581 quae
1422 1536 1628 1579 invenimus,
1656 1538 1688 1573 in
1706 1551 1762 1574 or-

1091 1582 1206 1616 dinem
1226 1583 1425 1630 redigimus,
1442 1594 1480 1619 ut
1498 1596 1590 1621 certo
1606 1587 1764 1635 quidque

1093 1631 1171 1665 loco
1198 1632 1461 1679 pronuntietur:
1492 1634 1679 1671 videndum
1701 1637 1762 1680 est,

1093 1678 1285 1726 cujusmodi
1308 1681 1472 1716 rationem
1508 1682 1542 1717 in
1581 1684 1762 1732 disponen-

1093 1729 1138 1763 do
1167 1729 1290 1764 habere
1307 1731 1499 1767 conveniat.
1540 1732 1674 1767 Genera
1700 1734 1764 1769 dis.

1093 1777 1271 1824 positionis
1297 1779 1374 1813 sunt
1390 1780 1484 1815 duo:
1513 1793 1624 1816 unum
1642 1782 1685 1816 ab
1711 1783 1762 1818 in-

1093 1825 1268 1862 stitutione
1285 1828 1365 1863 artis
1379 1827 1595 1876 profec‘tumt
1617 1831 1763 1867 alterurn

1092 1874 1134 1909 ad
1147 1875 1260 1910 casum
1274 1877 1436 1924 temporis
1448 1880 1762 1918 accommodatum.

1093 1923 1151 1959 Ex
1181 1924 1391 1960 institutione
1420 1927 1500 1962 artis
1530 1927 1762 1976 disponemus,

1094 1985 1174 2008 cum
1195 1972 1375 2021 sequemur
1390 1987 1464 2010 eam
1479 1978 1761 2024 praeceptionem,

1094 2033 1201 2070 quam
1232 2023 1265 2058 in
1285 2023 1397 2071 primo
1415 2024 1505 2060 libro
1529 2027 1763 2073 exposuimus,

1095 2071 1161 2106 hoc
1179 2071 1238 2114 est,
1266 2083 1304 2107 ut
1322 2083 1460 2108 utamur
1474 2074 1659 2122 principio,
1687 2089 1761 2111 nar-

1095 2120 1236 2163 ratione,
1276 2121 1453 2165 divisione,
1489 2124 1761 2168 confirmatione,

1093 2168 1342 2214 confutatione,
1361 2172 1601 2208 conclusione:
1621 2184 1654 2208 et
1669 2174 1762 2208 hunc

1092 2219 1258 2260 ordinem,
1285 2221 1581 2267 quemadmodum
1608 2233 1762 2270 praecep-

1091 2277 1166 2302 tum
1185 2268 1234 2302 est
1251 2280 1341 2312 anre,
1356 2270 1388 2304 in
1407 2269 1552 2304 dicendo
1570 2269 1760 2317 sequemur.

1092 2317 1177 2352 Item
1195 2328 1238 2351 ex
1256 2317 1465 2353 institutione
1483 2318 1575 2360 artis,
1599 2331 1666 2356 nou
1685 2332 1760 2354 mo-

1093 2366 1139 2400 do
1157 2375 1245 2401 totas
1263 2368 1377 2401 causas
1395 2378 1456 2414 per
1477 2368 1680 2409 orationem,
1706 2369 1762 2405 sed

1093 2426 1153 2460 per
1171 2413 1319 2461 singulas
1337 2427 1480 2462 quoque
1493 2420 1761 2463 argumentatio-

1093 2463 1144 2498 nis
1177 2474 1300 2510 partes,
1338 2463 1569 2510 disponemus,
1595 2467 1762 2513 quemad-

1092 2511 1236 2547 modum
1250 2513 1282 2547 in
1297 2511 1446 2548 secundo
1460 2512 1550 2550 libro
1562 2514 1760 2560 docuimus,
