2335 3009
600 211 694 251 AD
752 210 820 262 Q
866 207 1229 248 FRATREM
1287 207 1420 251 ΜΒ.
1470 212 1548 252 111.
1716 215 1768 268 65

694 442 963 482 MARcus
1010 443 1078 494 Q
1111 442 1363 480 FRATRl
1411 443 1448 481 S.

381 572 476 612 VII.
501 570 615 644 RO
629 571 753 616 MAE,
783 579 823 609 et
842 570 1013 610 maxime
1034 570 1166 624 Appia
1184 569 1232 608 ad
1251 569 1411 615 Martis,
1433 569 1533 608 mira
1552 571 1762 622 proluvies.

605 637 838 690 Craffipedis
870 636 1086 675 ambulatio
1117 636 1259 682 ablata,
1289 634 1412 682 horti,
1443 635 1610 674 tabernae
1637 637 1763 689 pluri-

379 717 480 742 mae:
512 716 654 755 magna
686 703 745 742 vis
779 715 889 755 aquae
922 702 1043 755 usque
1077 701 1124 740 ad
1156 701 1348 755 piscinam
1382 701 1601 755 publicam.
1647 702 1766 754 Viget

378 769 481 808 illud
500 769 688 814 Homeri,

508 834 636 887 ''HMT'
662 832 810 892 ὀπωρινῷ,
835 834 887 873 ’ὅτε
913 832 1115 891 >suggest-anu
1141 833 1210 881 χέει
1239 829 1315 885 ὕδωρ

517 897 603 940 Ζεύς.

379 964 498 1006 Cadit
517 965 625 1004 enim
644 963 687 1002 in
707 963 995 1003 absolutionem
1015 962 1182 1002 Gabinii

566 1026 641 1070 ‘'o-re
668 1028 743 1081 dvi-7⁹
767 1027 904 1088 ἅνδξεωπ
932 1029 1187 1080 ›⁶0⁷2de
1212 1029 1393 1084 χαλεπήνῃ.

518 1095 555 1134 O'i
583 1095 639 1149 βίῃ
665 1095 694 1133 ὲν
720 1097 821 1149 ἀγορῇ
844 1095 986 1137 σκολιαῖς
1011 1096 1139 1148 κρίνωσι
1167 1094 1337 1146 θέμις-αις,

521 1159 577 1197 Ἐκ
605 1157 628 1212 f}
656 1154 754 1196 δὙκὶω
781 1159 931 1196 ἐλαία-ωσι
962 1157 1030 1197 θεῶν
1058 1158 1128 1197 ’ὄπιν
1155 1157 1200 1197 ἐκ
1228 1156 1415 1207 ἀλέγοντες.

385 1225 459 1265 Sed
478 1225 562 1264 haec
582 1239 661 1263 non
683 1239 816 1263 curare
843 1226 1011 1263 decrevi.
1057 1227 1229 1264 Romam
1257 1237 1351 1263 cum
1377 1235 1532 1269 venero,
1563 1236 1650 1276 quae
1678 1238 1767 1278 per-

384 1291 558 1344 spexero,
589 1290 757 1328 scribam
776 1289 823 1327 ad
844 1299 896 1335 te,
917 1299 957 1327 et
977 1290 1150 1328 maxime
1170 1289 1217 1327 de
1238 1289 1466 1327 DiCtatura:
1498 1297 1536 1326 et
1556 1289 1603 1326 ad
1624 1290 1767 1328 Labie-

383 1369 498 1401 num,
528 1365 567 1393 et
586 1354 633 1393 ad
654 1355 882 1407 Ligurium,
914 1355 1044 1393 literas
1065 1354 1180 1393 dabo.
1226 1354 1343 1392 Hanc
1364 1353 1493 1405 scripsi
1513 1362 1602 1392 ante
1622 1354 1767 1399 lucem,

383 1421 431 1460 ad
451 1419 726 1473 lychnuchum
747 1420 984 1474 ligneolum,
1014 1421 1085 1474 qui
1111 1419 1214 1459 mihi
1242 1428 1322 1458 erat
1351 1418 1632 1472 perjucundus,
1664 1420 1771 1472 quod

383 1499 476 1525 eum
496 1495 535 1524 te
554 1485 723 1531 aiebant,
754 1499 848 1525 cum
867 1485 958 1525 effes
980 1486 1098 1534 Sami,
1130 1485 1273 1527 curaffe
1293 1484 1535 1525 faciendum.
1572 1485 1683 1531 Vale,
1713 1486 1771 1525 mi

385 1551 599 1592 suaviffime
619 1560 658 1591 et
677 1551 828 1606 optime
848 1551 980 1593 frater.

703 1753 970 1794 MARcus
1016 1754 1086 1807 Q
1118 1753 1371 1793 FRATnx
1418 1754 1457 1792 S.

386 1882 506 1924 VIII.
531 1881 577 1955 S
592 1882 630 1921 U
645 1883 675 1921 P
689 1884 723 1922 E
739 1883 776 1922 R
788 1884 807 1922 I
820 1883 857 1922 Ο
870 1883 908 1922 R
920 1883 939 1922 I
969 1882 1138 1937 epistolae
1158 1881 1255 1936 quid
1276 1881 1544 1936 respondeam,
1566 1878 1669 1919 nihil
1689 1877 1742 1918 est
1757 1898 1770 1926 ;

600 1962 687 2001 quae
707 1949 822 2002 plena
842 1947 1033 1987 stomachi
1053 1958 1092 1987 et
1111 1947 1358 2001 querelarum
1378 1947 1454 1986 est:
1477 1959 1558 2000 quo
1577 1946 1618 1984 in
1633 1959 1774 1998 genere

387 2012 546 2054 alteram
575 2027 734 2068 quoque
764 2023 802 2053 te
832 2014 968 2053 scribis
1000 2013 1127 2068 pridie
1159 2013 1336 2052 Labieno
1368 2012 1524 2058 dedisse,
1555 2012 1625 2065 qui
1646 2010 1774 2050 adhuc

389 2093 467 2118 non
486 2089 656 2119 venerat.
702 2080 863 2119 Delevit
893 2080 1001 2119 enim
1032 2078 1135 2118 mihi
1162 2092 1323 2117 ornnem
1343 2077 1562 2117 molestiam
1583 2077 1776 2116 recentior

388 2145 561 2198 epistola.
593 2146 773 2185 Tantum
794 2155 832 2184 te
852 2154 890 2184 et
911 2159 1054 2185 moneo
1074 2154 1112 2184 et
1133 2158 1243 2197 rogo,
1275 2154 1319 2183 ut
1339 2145 1380 2183 in
1402 2144 1482 2183 istis
1503 2141 1705 2187 molestiis,
1736 2150 1776 2180 et

387 2211 604 2257 laboribus,
621 2221 660 2251 et
681 2212 875 2251 desideriis
896 2212 1110 2257 recordere,
1132 2211 1341 2250 confilium
1362 2210 1536 2249 nostrum
1558 2207 1665 2261 quod
1684 2206 1774 2246 fue-

390 2276 440 2314 rit
461 2276 714 2329 profeetionis
736 2287 811 2316 tuae
826 2297 838 2324 ;
862 2291 942 2317 non
963 2279 1070 2318 enim
1092 2277 1301 2316 commoda
1321 2275 1498 2329 quaedam
1519 2273 1776 2325 sequebamur

390 2354 505 2394 parva
538 2355 580 2379 ac
615 2342 841 2383 mediocria.
888 2344 999 2396 Qid
1029 2344 1137 2382 enim
1167 2351 1271 2387 erat,
1311 2340 1419 2393 quod
1452 2338 1613 2377 disceffu
1647 2338 1777 2377 nostro

390 2405 603 2445 emendum
623 2416 850 2459 putaremus
869 2410 882 2446 ?
914 2408 1142 2448 Praefidium
1173 2405 1439 2445 firmiffimum
1470 2404 1698 2457 petebamus
1730 2415 1778 2441 ex

389 2472 535 2526 optimi
573 2480 612 2510 et
650 2473 910 2524 potentiffimi
943 2474 1018 2514 viri
1057 2472 1330 2513 benevolentia
1362 2471 1410 2509 ad
1443 2483 1605 2509 omnem
1640 2468 1779 2508 statum

476 2538 542 2576 To
555 2549 606 2577 M.
641 2537 715 2578 ΙΧ.
1464 2536 1483 2575 Ι
