2335 3009
561 274 638 326 184

559 372 595 408 id
637 371 698 415 est,
739 371 1001 419 expositionem,
1044 371 1227 414 rationem,

558 421 855 457 confirmationem
891 421 1041 464 rationis,
1083 433 1228 456 exorna-

559 471 702 512 tionem,
722 470 1014 517 complexionem.
1051 471 1144 505 Haec
1163 470 1228 517 igi-

558 529 616 555 tur
632 519 764 566 duplex
781 518 953 566 dispositio
970 519 1017 554 est
1032 532 1041 553 :
1070 531 1138 553 una
1166 530 1228 565 per

556 569 742 610 orationes,
778 568 883 603 altera
912 579 973 614 per
1003 578 1226 614 argumenta-

557 618 681 659 tiones,
703 617 747 652 ab
766 616 975 652 institutione
995 617 1074 651 artis
1094 615 1228 663 profec-

557 676 604 702 ta.
656 666 716 702 Est
743 677 859 701 autern
887 676 922 700 et
952 665 1016 700 alia
1042 665 1226 712 dispositio,

557 727 653 763 quae,
680 727 760 750 cum
781 715 824 750 ab
841 713 962 750 ordine
981 713 1158 748 artificioso
1175 725 1228 748 re-

556 764 753 800 cedendum
777 764 835 803 est,
862 762 1005 797 oratoris
1026 761 1162 809 judicio
1187 761 1228 796 ad

557 822 697 860 tempus
732 813 1040 847 accommodatur:
1081 821 1121 846 ut
1150 810 1174 845 si
1209 822 1228 846 a

556 862 751 898 narratione
780 861 891 895 dicere
921 858 1140 906 incipiamus,
1167 868 1228 894 aut

555 912 601 946 ab
619 911 731 958 aliqua
747 909 934 945 firmiffima
956 907 1228 955 argumentatio-

558 972 615 1003 ne,
641 970 701 994 aut
718 971 737 994 a
754 960 928 995 literarum
960 957 1153 1004 aliquarum
1178 968 1229 991 re-

557 1009 744 1045 citatione:
772 1017 830 1042 aut
849 1007 870 1042 si
893 1005 1080 1042 secundum
1099 1006 1226 1053 princi-

555 1059 654 1105 pium
686 1056 945 1092 confirmatione
975 1064 1127 1096 utamur,
1165 1054 1225 1089 de-

556 1107 637 1142 inde
680 1107 896 1145 narratione;
939 1113 1010 1145 aut,
1051 1103 1075 1138 si
1117 1113 1224 1149 quarn

555 1153 750 1201 hujusmodi
776 1153 1068 1200 permutationem
1095 1150 1225 1185 ordinis

554 1203 724 1239 faciamus
740 1216 748 1237 :
767 1213 917 1248 quorum
937 1200 1034 1242 nihil,
1052 1199 1111 1235 nisi
1128 1198 1226 1234 causa

555 1252 717 1300 postulet,
745 1250 817 1286 fieri
845 1249 1032 1297 oportebit.
1076 1249 1172 1283 Nam
1202 1248 1225 1283 si

554 1301 776 1337 vehementer
802 1311 900 1334 aures
931 1298 1129 1333 auditorum
1161 1297 1225 1333 ob-

555 1350 640 1385 tusae
657 1349 878 1389 videbuntur,
904 1357 1008 1394 atque
1038 1346 1144 1381 animi
1165 1346 1224 1381 de-

553 1398 690 1446 fatigati
712 1398 756 1433 ab
783 1395 976 1432 adversariis
1000 1395 1225 1430 multitudine

553 1449 754 1488 verborum,
801 1445 986 1480 commode
1031 1443 1225 1491 poterimus

553 1497 727 1546 principio
757 1494 983 1542 supersedere,
1010 1502 1045 1528 et
1075 1492 1223 1528 exordiri

555 1546 690 1582 causam
723 1553 784 1580 aut
812 1555 831 1578 a
858 1543 1061 1583 narratione,
1095 1551 1154 1576 aut
1181 1541 1224 1577 ab

554 1596 670 1642 aliqua
688 1594 786 1629 firma
804 1591 1111 1640 argumentatione.
1154 1591 1225 1625 De-

555 1645 647 1686 inde,
674 1643 698 1678 si
717 1641 943 1677 commodum
962 1640 1038 1682 erit,
1057 1640 1137 1685 quia
1156 1651 1223 1674 non

555 1693 689 1740 semper
723 1691 851 1726 necesse
884 1689 944 1732 est,
988 1689 1029 1724 ad
1066 1689 1224 1736 principii

555 1741 757 1778 sententiam
779 1739 901 1774 reverti
921 1737 1050 1773 licebit.

603 1791 651 1827 X.
678 1790 713 1825 Si
733 1788 828 1824 causa
847 1787 958 1822 nostra
976 1798 1138 1833 magnam
1157 1785 1222 1821 dif-

554 1840 746 1875 ficultatem
789 1837 964 1872 videbitur
1005 1835 1143 1878 habere,
1186 1846 1224 1870 ut

555 1901 660 1924 nemo
703 1898 806 1934 aequo
856 1885 971 1920 animo
1014 1883 1223 1932 principium

554 1939 655 1985 possit
689 1938 830 1971 audire:
873 1946 892 1968 a
922 1934 1112 1968 narratione
1142 1945 1224 1968 cum

555 1986 797 2033 inceperimus,
832 1983 874 2018 ad
903 1982 1062 2029 principii
1095 1982 1224 2017 senten-

555 2035 639 2071 tiam
669 2043 880 2069 revertamur
906 2031 1033 2066 licebit.
1087 2031 1120 2065 Si
1149 2043 1224 2066 nar-

556 2084 642 2120 ratio
672 2094 794 2130 parum
825 2079 1012 2128 probabilis
1040 2079 1099 2120 est,
1126 2091 1225 2115 exor-

553 2134 693 2169 diemur
710 2131 754 2166 ab
777 2130 891 2177 aliqua
919 2129 1016 2163 firma
1043 2140 1226 2176 argumen-

554 2182 698 2218 tatione.
739 2180 809 2215 His
834 2177 1167 2214 commutationibus
1192 2187 1227 2212 et

555 2229 829 2267 translationibus
864 2226 1015 2275 partium
1053 2225 1139 2273 saepe
1175 2226 1225 2261 uti

554 2280 685 2319 necesse
701 2279 760 2319 est,
786 2288 866 2313 cum
894 2274 961 2322 ipsa
988 2287 1039 2310 res
1066 2275 1224 2310 artificio-

554 2329 623 2368 sam
642 2325 896 2374 dispositionem
926 2323 1101 2359 artificiose
1129 2335 1224 2359 com-

556 2388 688 2415 mutare
707 2377 812 2423 cogit.
858 2374 896 2409 ln
915 2373 1174 2408 confirmatione
1191 2382 1225 2408 ct

554 2425 791 2464 confutatione
805 2422 1146 2470 argumentationum
1162 2421 1226 2457 dis-

605 2476 735 2511 sitioncs
756 2471 947 2519 hujusmodi
973 2472 1135 2507 convenit
1166 2470 1224 2506 ha-

553 2488 661 2562 Ege:
689 2523 892 2559 firmissimas
910 2519 1226 2569 argumentationes

866 275 1644 318 RHETORICORUM

1278 372 1312 407 in
1343 373 1464 419 primis
1496 382 1532 407 et
1564 373 1596 408 in
1629 370 1808 418 posti-ernis
1837 371 1948 408 causae

1278 423 1433 468 partibus
1461 421 1654 456 collocare:
1684 421 1885 463 mediocres,
1912 431 1950 457 et

1278 482 1391 516 neque
1410 470 1547 505 inutiles
1561 471 1601 504 ad
1617 470 1818 512 dicendum,
1834 482 1948 517 neque

1277 519 1471 554 necessarias
1489 519 1529 553 ad
1558 520 1789 564 probandum,
1817 531 1898 564 quae
1922 519 1947 554 si

1276 566 1454 613 separatim
1475 579 1513 601 ac
1531 567 1676 613 singula:
1697 567 1867 608 dicantur,
1896 568 1947 602 in-

1278 615 1389 650 firmae
1409 615 1484 656 sint,
1512 627 1593 650 cum
1622 616 1754 649 caeteris
1783 615 1947 661 conjunc-

1279 673 1337 705 tae,
1365 663 1475 699 firmae
1499 674 1534 698 et
1561 664 1756 709 probabiles
1775 664 1871 705 fiant,
1899 666 1949 699 in-

1279 713 1414 759 terponi
1429 738 1440 754 ,
1483 722 1518 747 et
1561 712 1594 747 in
1640 713 1755 747 medio
1788 713 1948 748 collocari

1276 771 1425 807 oportet.
1445 761 1539 796 Nam
1555 773 1589 796 re
1602 771 1746 802 narrata,
1762 760 1872 796 statim
1889 773 1950 796 ex-

1277 811 1391 856 pectat
1409 809 1545 844 animus
1563 810 1739 852 auditoris,
1764 821 1806 844 ex
1823 822 1894 857 qua
1912 822 1948 846 re

1277 858 1373 893 causa
1390 858 1586 894 confirmari
1605 859 1715 905 possit.
1757 859 1948 907 Qaprop-

1279 916 1331 942 ter
1347 908 1513 942 continuo
1525 908 1662 942 firmam
1677 908 1827 954 aliquam
1845 920 1950 955 opor·

1278 966 1328 991 tet
1355 955 1479 992 inferre
1503 957 1856 1003 argumentationem.
1898 956 1949 991 Et

1277 1005 1441 1052 quoniam
1461 1005 1659 1050 nuperrime
1684 1005 1818 1039 dictum
1846 1004 1949 1040 facile

1277 1053 1455 1088 memoriae
1474 1053 1668 1094 mandatur,
1685 1053 1768 1088 utile
1785 1053 1846 1095 est,
1864 1065 1947 1089 cum

1274 1102 1389 1137 dicere
1428 1101 1636 1143 desinamus,
1679 1111 1852 1137 recentem
1887 1102 1949 1137 ali-

1274 1161 1381 1197 quam
1401 1150 1593 1197 relinquere
1612 1150 1645 1185 in
1665 1151 1788 1185 animis
1812 1151 1949 1186 audito·

1275 1210 1351 1234 rum
1387 1198 1476 1234 bene
1507 1199 1643 1234 firmam
1673 1200 1948 1246 argumentatio-

1277 1260 1369 1284 nem.
1422 1248 1515 1283 Haec
1564 1247 1736 1295 dispositio
1777 1248 1948 1291 locorum,

1276 1306 1442 1344 tanquam
1463 1297 1637 1332 instructio
1661 1297 1827 1338 militum,
1853 1296 1948 1333 facil-

1273 1346 1355 1381 lime
1375 1345 1409 1381 in
1425 1345 1586 1387 dicendo,
1614 1346 1696 1380 sicut
1721 1345 1778 1380 illa
1802 1346 1835 1380 in
1855 1358 1945 1394 pug-

1275 1395 1402 1437 nando,
1429 1405 1548 1442 parare
1567 1395 1693 1442 poterit
1711 1394 1902 1430 victoriam.

1348 1443 1415 1479 ΧΙ.
1467 1443 1791 1478 Pronuntiationem
1843 1444 1946 1479 multi

1275 1493 1427 1528 maxime
1462 1492 1584 1527 utilem
1614 1492 1740 1526 oratori
1781 1492 1949 1529 dixerunt

1274 1541 1352 1583 esse,
1391 1551 1427 1576 et
1457 1541 1500 1575 ad
1529 1540 1804 1588 persuadendum
1839 1542 1947 1588 pluri-

1276 1602 1374 1625 mum
1394 1589 1516 1625 valere.
1567 1590 1644 1624 Nos
1671 1589 1816 1636 quidem
1835 1602 1946 1626 unum

1275 1639 1318 1674 de
1335 1638 1492 1687 quinque
1511 1638 1611 1674 rebus
1638 1639 1828 1685 plurimum
1854 1640 1947 1686 posse

1276 1700 1343 1723 non
1374 1687 1474 1723 facile
1503 1686 1721 1728 dixerimus,
1758 1699 1820 1722 nec
1847 1700 1946 1735 egre-

1275 1738 1331 1785 gie
1351 1749 1511 1784 magnam
1531 1737 1594 1771 else
1614 1737 1798 1771 utilitatem
1815 1737 1848 1771 in
1868 1749 1948 1783 pno-

1276 1786 1505 1826 nuntiatione‚
1532 1786 1692 1820 audacter
1717 1785 1946 1820 confirmave-

1275 1835 1394 1870 rimus.
1435 1834 1531 1869 Nam
1559 1834 1756 1869 commodae
1775 1833 1944 1870 inventio-

1275 1896 1347 1926 neS‚
1373 1894 1408 1918 et
1426 1884 1606 1918 concinna:
1624 1883 1810 1918 verborum
1830 1884 1944 1919 elocu-

1275 1933 1400 1975 tiones,
1414 1943 1447 1967 et
1467 1933 1616 1979 partium
1634 1930 1742 1967 causae
1760 1931 1947 1968 artificiosae

1275 1981 1520 2029 dispositiones,
1556 1991 1590 2016 et
1625 1981 1748 2015 horum
1784 1982 1945 2023 omniurn

1275 2030 1424 2077 diligens
1443 2030 1622 2070 memoria,
1650 2029 1718 2064 sine
1746 2031 1946 2076 pronuntia-

1277 2079 1383 2121 tione,
1421 2091 1489 2114 non
1526 2080 1616 2126 plus,
1655 2090 1760 2124 quam
1797 2079 1864 2114 sine
1894 2079 1947 2114 his

1277 2129 1380 2164 rebus
1399 2128 1635 2175 pronuntiatio
1652 2127 1717 2162 sola
1743 2127 1856 2163 valere
1884 2140 1945 2176 po-

1277 2177 1367 2212 terit.
1412 2178 1545 2225 Qare,
1571 2175 1653 2223 quia
1673 2188 1776 2211 nemo
1793 2177 1837 2211 de
1855 2189 1894 2212 ea
1913 2190 1947 2213 re

1276 2226 1458 2273 diligenter
1476 2225 1601 2273 scripsit
1620 2229 1717 2269 (nam
1744 2237 1867 2261 omnes
1886 2227 1946 2261 vix

1276 2276 1368 2322 posse
1387 2285 1553 2321 putarunt
1577 2274 1620 2308 de
1643 2285 1743 2316 voce,
1770 2284 1805 2310 et
1832 2275 1946 2318 vultu,

1275 2334 1309 2358 et
1327 2324 1438 2371 gestu,
1464 2323 1614 2358 dilucide
1646 2322 1755 2364 scribi,
1782 2335 1864 2359 cum
1891 2323 1946 2359 hae

1276 2384 1328 2408 res
1347 2373 1388 2407 ad
1421 2372 1530 2407 sensus
1557 2371 1686 2406 nostros
1717 2372 1946 2418 pertinerent)

1275 2431 1309 2456 et
1328 2422 1409 2469 quia
1428 2433 1638 2468 magnopere
1656 2432 1695 2455 ea
1715 2432 1791 2467 pars
1808 2433 1828 2455 a
1846 2421 1946 2456 nobis

1276 2471 1316 2505 ad
1336 2470 1523 2505 dicendum
1541 2471 1772 2517 comparanda
1788 2470 1848 2510 est.
1876 2481 1945 2504 non

1276 2520 1495 2568 negligenter
1512 2519 1649 2556 videtur
1665 2528 1739 2555 tota
1765 2530 1817 2555 res
1837 2517 1946 2554 confi-
