2335 3009
621 243 722 283 AD
780 234 1294 282 HERENNIUM
1354 242 1487 282 LIB.

418 337 583 387 potestate
600 338 788 382 recedatur,
815 347 917 385 atque
936 338 968 373 in
988 337 1090 372 aliam

419 388 584 423 rationem
618 399 699 422 cum
730 387 880 434 quadam
913 386 1089 422 venustate

418 436 529 471 oratio
547 435 755 471 conferatur.
808 436 865 470 De
881 435 1016 490 quibus
1029 447 1087 470 ex-

418 484 656 520 ornationibus
676 484 866 520 nominatio
891 484 940 519 est
963 484 1088 531 prima,

418 543 501 580 quae
519 545 580 568 nos
599 533 771 577 admonet,
797 541 849 574 ut,
875 532 930 567 cui
960 532 1005 567 rei
1024 544 1086 567 no-

419 593 497 616 men
516 591 575 616 aut
593 594 661 617 non
680 581 730 622 sit,
752 591 812 617 aut
829 581 905 617 satis
924 581 1086 616 idoneum

396 654 403 656 -
420 641 488 665 non
508 631 559 672 fit,
586 643 661 665 eam
680 631 810 666 nosmet
838 630 962 665 idoneo
979 630 1087 665 verbo

420 690 650 721 nominemus,
689 689 749 714 aut
778 678 991 721 imitationis,
1029 688 1090 714 aut

421 727 677 774 significationis
707 728 816 763 causa.
869 727 1089 770 Imitationis,

421 776 487 810 hoe
515 777 634 819 modo,
661 785 701 811 ut
729 776 872 824 majores
905 775 1026 819 rudere,
1056 786 1091 811 et

420 825 544 871 vagire,
570 835 606 861 et
621 827 752 872 mugire,
777 835 810 860 et
827 836 1032 867 murmurare,
1057 834 1092 860 et

409 873 568 917 fibilare,
619 874 891 922 appellaverunt.
954 873 1093 920 Signifi-

422 923 543 958 candae
575 923 624 958 rei
658 923 768 966 causa,
814 923 881 958 sic:
927 922 1094 970 Postquam

421 972 474 1016 iste
509 974 543 1006 in
576 972 796 1018 rempublicam
816 972 901 1016 fecit
933 973 1092 1018 impetum,

412 1019 535 1067 fragor
562 1022 708 1056 civitatis
736 1022 886 1067 imprimis
902 1021 940 1065 est
956 1020 1090 1056 auditus.

423 1069 509 1104 Hoc
532 1081 654 1116 genere
680 1081 755 1105 raro
777 1069 946 1105 utendum
963 1069 1024 1111 est,
1051 1081 1093 1104 ne

424 1117 506 1153 novi
526 1119 620 1154 verbi
639 1118 810 1153 affiduitas
822 1118 944 1154 odium
961 1118 1088 1166 pariat:

422 1166 478 1201 sed
499 1166 522 1201 s1
546 1167 729 1202 commode
747 1168 826 1215 quis
841 1179 883 1202 eo
902 1177 1032 1209 utatur,
1059 1176 1094 1202 et

423 1227 511 1257 raro,
530 1227 599 1251 non
618 1216 724 1252 modo
742 1228 811 1251 non
828 1215 980 1251 offendet
994 1215 1093 1250 novi-

422 1273 504 1305 tate,
542 1265 596 1299 sed
626 1264 809 1300 exornabit
836 1264 939 1299 etiam
969 1264 1094 1299 oratio-

425 1324 516 1347 nem.
562 1312 824 1348 Pronominatio
853 1313 913 1356 est,
940 1324 1024 1360 quae
1054 1314 1095 1349 fi-

423 1361 498 1396 cuti
522 1362 730 1409 cognomine
756 1362 910 1409 quodam
934 1371 1097 1396 extraneo

422 1410 633 1446 demonstrat
662 1411 710 1454 id,
741 1411 839 1458 quod
869 1410 930 1446 suo
959 1410 1097 1445 nomine

424 1459 588 1507 appellari
614 1471 683 1495 non
710 1459 843 1506 potest:
873 1470 924 1501 ut,
952 1459 976 1494 fi
1001 1459 1093 1506 quis,

422 1519 505 1542 curn
524 1509 689 1556 loquatur
705 1509 748 1543 de
765 1508 945 1550 Gracchis,
970 1509 1017 1543 At
1034 1520 1094 1542 non

427 1557 575 1601 Africani
599 1564 732 1603 nepotes,
759 1557 904 1605 inquiet,
931 1557 1095 1604 istiusmodi

415 1607 563 1651 fuerunt.
615 1607 714 1646 Item,
742 1605 766 1640 s1
796 1606 874 1653 quis
900 1607 943 1641 de
973 1606 1092 1640 adver-

424 1654 509 1690 sario
537 1654 653 1690 dicat:
686 1654 798 1689 Videte
826 1667 918 1696 nunc,
946 1655 1092 1701 inquiet,

412 1702 550 1750 judices,
584 1703 836 1750 quemadmodum
875 1716 922 1739 me
963 1703 1092 1749 Plagio-

413 1752 526 1798 fippus
559 1754 612 1797 iste
653 1754 818 1788 trafilarit.
871 1754 955 1788 Hoc
991 1753 1094 1800 paeto

426 1813 495 1836 non
522 1802 676 1837 inornate
702 1801 891 1849 poterimus
907 1812 942 1836 et
969 1801 1001 1836 in
1021 1802 1091 1836 lau-

422 1849 552 1893 dando,
575 1861 608 1886 et
627 1851 660 1885 in
680 1851 849 1905 laedendo,
868 1861 927 1886 aut
959 1850 992 1884 in
1021 1862 1094 1884 cor—

425 1910 522 1947 pore,
565 1909 625 1934 aut
649 1899 684 1934 in
712 1900 840 1943 animo,
883 1909 942 1934 aut
969 1900 1002 1933 in
1036 1910 1096 1933 ex-

425 1948 548 1983 traneis
577 1949 692 1990 rebus,
723 1949 848 1990 dicere,
885 1948 980 1983 sicuti
1012 1959 1094 1994 cog-

424 2008 562 2040 nomen,
603 1997 700 2044 quod
735 2009 799 2046 pro
833 2009 926 2033 certo
957 1996 1096 2032 nomine

426 2046 650 2081 collocamus

475 2095 638 2130 XXXII.
666 2095 913 2130 Denominatio
935 2095 994 2136 est,
1014 2105 1095 2141 quae

427 2155 447 2176 a
464 2143 670 2197 propinquis
687 2154 721 2179 et
740 2143 895 2179 finitimis
910 2145 1010 2178 rebus
1030 2154 1095 2177 tra-

428 2191 480 2226 hit
499 2192 701 2235 orationem,
726 2205 797 2241 qua
823 2194 923 2240 poffit
951 2192 1096 2239 inte11i‹i

429 2251 492 2283 res,
518 2252 600 2287 quae
619 2253 687 2277 non
706 2241 765 2277 suo
784 2242 959 2276 vocabulo
978 2241 1017 2276 fit
1035 2254 1095 2288 ap-

430 2289 565 2336 pellata.
593 2290 632 2324 ld
650 2300 709 2324 aut
727 2290 796 2325 ab'
788 2301 965 2326 inventore
987 2290 1094 2326 confi—

430 2337 532 2380 citur,
558 2347 598 2372 ut
628 2337 652 2372 fi
681 2338 760 2385 quis
793 2339 836 2374 de
866 2339 1020 2386 Tarpeio
1048 2339 1098 2373 lo-

430 2397 553 2433 quens,
578 2398 659 2421 eum
684 2387 892 2433 Capitolinum
923 2388 1096 2422 nominet:

431 2444 493 2469 aut
512 2434 555 2469 ab
576 2435 728 2477 invento,
752 2445 794 2470 ut
811 2436 832 2471 si
849 2437 927 2483 quis
947 2449 1009 2482 pro
1041 2437 1099 2470 Li-

432 2485 514 2519 bero
531 2485 651 2527 vinum,
667 2496 732 2532 pro
747 2484 868 2520 Cerere
876 2486 1020 2531 frugem,
1041 2496 1098 2532 ap-

1540 243 1613 282 IV.
1729 258 1801 286 ἰιι

1304 347 1363 373 aut
1381 338 1424 371 ab
1456 338 1679 373 instrumento
1697 338 1808 373 domi-

1140 397 1238 428 num,
1265 395 1304 420 ut
1323 387 1345 421 si
1365 387 1443 433 quis
1462 387 1672 421 Macedonas
1691 387 1808 434 appel-

1140 433 1229 477 larit,
1257 434 1321 468 hoc
1353 435 1483 476 modo·,
1510 436 1564 471 N
1548 448 1586 470 on
1603 443 1667 470 tam
1685 436 1809 480 cttosa-

1139 482 1218 529 riffae
1235 483 1359 517 Graecia
1384 485 1495 527 potitae
1511 484 1613 529 sunt:
1640 494 1699 518 aut
1718 484 1807 519 idem

1137 532 1259 567 Gallos
1291 531 1483 578 significans
1510 532 1613 572 dicat,
1648 532 1717 568 Nei—
1744 542 1808 567 tam

1128 581 1227 626 facile
1255 592 1292 614 ex
1315 580 1412 615 Italia
1439 583 1569 615 materis
1598 580 1810 627 Tranfizlpina

1136 628 1260 676 depulsa
1291 629 1354 673 cst:
1383 639 1444 664 aut
1471 629 1518 671 id,
1557 629 1654 676 quod
1686 629 1737 672 fit,
1765 631 1809 664 ab

1138 689 1191 721 eo,
1219 678 1279 725 qui
1299 677 1396 719 facit,
1423 688 1475 720 ut,
1500 678 1522 713 fi
1541 678 1620 725 quis
1638 690 1719 713 cum
1740 678 1811 713 bel-

1140 727 1175 762 lo
1205 727 1288 761 velit
1317 726 1491 762 ostendere
1521 726 1654 773 aliquid
1689 738 1810 773 quem·

1139 775 1232 823 piam
1251 774 1375 816 feciffe,
1402 775 1518 817 dicat,
1545 777 1646 810 Mars
1673 776 1752 819 istud
1780 783 1812 809 te

1131 824 1242 869 facere
1260 823 1417 871 neccffario
1434 827 1554 871 coegit:
1581 834 1641 865 aut
1658 824 1695 866 fi,
1714 825 1811 871 quod

1141 872 1238 915 facit,
1266 873 1309 908 ab
1326 885 1380 914 eo,
1407 874 1504 920 quod
1528 873 1580 915 fit,
1606 883 1646 908 ut
1664 885 1744 908 curn
1762 873 1811 908 de-

1130 921 1276 967 fidiosam
1294 932 1399 956 artem
1426 922 1593 963 dicemus,
1620 922 1703 968 quia
1728 922 1812 956 desi-

1143 970 1254 1006 diosos
1273 969 1378 1006 facit:
1398 980 1432 1006 et
1449 970 1560 1018 frigus
1574 972 1715 1017 pigrum,
1731 971 1814 1018 quia

1144 1019 1261 1068 pigros
1278 1019 1371 1055 facit.
1424 1020 1486 1054 Ab
1503 1032 1558 1062 eo,
1584 1019 1681 1066 quod
1704 1020 1814 1055 conti-

1143 1078 1213 1111 net,
1241 1068 1287 1111 id,
1315 1068 1411 1115 quod
1430 1070 1636 1110 continetur,
1656 1068 1721 1104 hoc
1740 1080 1814 1103 mo-

1142 1117 1190 1153 do
1222 1117 1527 1152 denominabitur:
1570 1119 1677 1153 Armis
1712 1117 1812 1153 Italia

1143 1178 1203 1200 non
1213 1166 1312 1212 potest
1328 1168 1427 1208 vinci,
1452 1178 1505 1200 nec
1529 1167 1657 1201 Graeeia
1681 1165 1814 1212 discipli-

1143 1217 1201 1250 nis.
1239 1215 1334 1250 Nam
1355 1214 1408 1249 hic
1426 1227 1490 1262 pro
1507 1215 1641 1250 Graecis
1658 1225 1692 1250 et
1706 1215 1814 1257 Italis,

1145 1275 1228 1311 quae
1255 1264 1444 1305 continent,
1485 1273 1600 1299 notata
1622 1263 1709 1299 sunt.
1752 1263 1815 1298 Ab

1145 1323 1198 1354 eo,
1241 1313 1337 1359 quod
1380 1311 1588 1355 continetur,
1632 1312 1679 1355 id,
1717 1312 1816 1360 quod

1145 1360 1312 1402 continet,
1346 1360 1458 1403 ut,s1
1488 1361 1567 1407 quis
1597 1372 1733 1404 aurum,
1759 1359 1818 1396 vel

1147 1419 1339 1456 argentum,
1359 1418 1419 1444 aut
1433 1409 1533 1464 ebur,
1553 1410 1718 1452 nominet,
1734 1421 1817 1444 cum

1144 1458 1281 1493 divitias
1315 1458 1400 1492 velit
1435 1458 1622 1493 nominare.
1674 1459 1817 1494 Harum

1144 1507 1301 1542 omnium
1320 1507 1641 1542 denominationum
1656 1507 1764 1554 magis
1781 1507 1816 1542 in

1144 1556 1380 1604 praecipiendo
1397 1556 1532 1598 divisio,
1547 1568 1652 1603 quam
1668 1556 1701 1591 in
1716 1568 1816 1604 quae·

1145 1605 1250 1640 rendo
1279 1605 1430 1640 difficilis
1457 1605 1611 1640 inventio
1640 1605 1702 1647 est,
1739 1605 1817 1641 ideo

1143 1654 1241 1701 quod
1275 1654 1376 1701 plena
1417 1653 1629 1689 consuetudo
1663 1654 1711 1689 est
1745 1665 1815 1689 non

1143 1703 1249 1738 modo
1278 1713 1458 1750 poctarum
1488 1711 1523 1736 et
1544 1713 1734 1745 oratorum,
1761 1702 1817 1737 sed

1143 1752 1245 1786 etiam
1273 1750 1466 1797 quotidiani
1496 1750 1672 1794 sermonis,
1700 1750 1818 1799 hujus·

1146 1801 1239 1835 modi
1271 1799 1601 1834 denominationum.
1646 1799 1816 1835 Circuitio

1144 1849 1191 1884 est
1209 1849 1330 1890 oratio,
1358 1860 1428 1883 rem
1453 1848 1640 1896 simplicem
1667 1850 1818 1897 affump·

1147 1907 1216 1932 tam
1232 1897 1512 1932 circumscribens
1529 1897 1736 1940 elocutione,
1750 1898 1817 1933 hoc

1145 1947 1247 1994 pacm
1264 1961 1270 1981 ;
1300 1947 1446 1992 Scipionis
1459 1946 1663 1992 providentia
1675 1947 1815 1982 Cartha-

1139 1998 1223 2043 ginis
1241 2005 1310 2040 opes
1321 1996 1437 2041 fregit.
1481 1995 1575 2031 Nam
1595 1995 1662 2038 hic,
1681 1995 1741 2030 nisi
1760 2007 1817 2031 or-

1147 2044 1249 2079 nandi
1281 2044 1365 2079 ratio
1391 2044 1554 2090 quaedam
1581 2045 1660 2080 esset
1687 2043 1815 2086 habita,

1147 2093 1265 2140 Scipio
1293 2093 1408 2140 potuit
1437 2103 1471 2128 et
1493 2093 1668 2140 Carthago
1686 2093 1815 2141 simpli·

1146 2143 1230 2177 citer
1261 2141 1436 2189 appellari.
1491 2142 1722 2189 Transgreffio
1752 2141 1815 2183 est.

1146 2203 1228 2239 qua:
1257 2192 1443 2226 verborum
1465 2191 1642 2237 perturbat
1659 2190 1815 2225 ordinem

1146 2240 1370 2288 perversione,
1382 2250 1440 2274 aut
1460 2239 1706 2285 transjec‘tione.
1734 2239 1815 2273 Per·

1147 2289 1297 2323 verfione
1317 2289 1380 2323 fic:
1410 2289 1479 2323 Hoc
1496 2289 1587 2322 vobis
1603 2288 1669 2322 deos
1695 2289 1818 2322 immor.

1149 2339 1223 2373 tales
1249 2337 1389 2372 arbitror
1412 2335 1518 2382 dediſje
1544 2337 1662 2382 pietate
1672 2345 1733 2383 pro
1748 2335 1816 2380 ves-

1150 2397 1215 2420 tra.
1254 2384 1512 2431 Transjectione
1532 2385 1594 2419 hoc
1614 2386 1742 2420 modo:
1764 2387 1817 2421 In-

1140 2435 1267 2479 stabilt's
1308 2439 1339 2468 in
1370 2435 1457 2477 istum
1485 2433 1656 2480 plurimum
1676 2435 1819 2478 fortuna

1151 2484 1267 2518 valuit.
1298 2484 1396 2524 ltem,
1414 2485 1524 2518 Omnes
1542 2483 1691 2531 invidiose
1704 2484 1820 2530 eripuit

1369 2579 1516 2620 Ddz

1139 336 1267 385 pellet:
