2241 2994
777 229 1396 272 HISTORIA.

389 335 459 371 cap.
492 335 550 360 20.
603 325 699 360 Poena
724 323 776 367 est,
810 325 863 371 qui
890 326 1058 369 receperit.-

388 386 481 421 quam
523 384 620 408 omnes
651 371 860 417 neglexerunt.
911 373 1061 407 Poenam

389 423 579 470 neglec'tam
613 420 726 462 fuisse,
760 420 925 456 omnibus
964 433 1058 456 reve-

389 471 544 506 rentibus
567 470 622 505 M.
644 469 821 512 Tullium,
847 469 1062 517 comiterque

388 518 641 566 excipientibus
682 528 716 553 et
759 517 1060 566 prosequentibuS,

388 567 582 603 Plutarchus
599 579 742 615 quoque
758 567 886 602 scribit.

438 616 585 652 Clodius
609 626 775 664 praeterea
790 615 892 651 villas
920 615 1059 651 Cicero-

389 665 441 700 nis
468 664 565 712 ejec‘ti
595 665 835 707 inflammavit,
861 675 896 700 et
912 665 1060 700 domum

389 714 424 750 in
443 714 577 749 Palatio
602 714 765 757 incendit,
791 723 896 761 atque
923 713 957 749 in
987 726 1063 749 area

387 762 559 810 templum
577 762 766 798 Libertatis
782 761 949 805 extruxit,
977 763 1057 798 Plu-

386 812 530 854 tarchus,
559 813 634 854 Dio,
664 822 699 847 et
727 811 835 846 Cicero
854 821 913 857 pro
943 812 1056 854 Domo,

385 870 455 905 cap.
475 872 534 903 42.
572 861 669 896 Bona
686 860 937 907 diripiebantur
954 870 1058 907 atque

387 909 431 944 ad
476 909 631 944 consules
673 908 925 945 deferebantur.
988 911 1057 944 Co-

387 958 520 994 lumnae
549 970 751 993 marmoreae
778 970 822 993 ex
850 958 987 993 aedibus
1016 958 1059 993 ad

387 1007 522 1042 socrum
560 1007 693 1042 Pisonis
730 1007 982 1054 portabantur:
1023 1007 1059 1042 in

387 1055 539 1091 fundum
559 1066 673 1091 autem
692 1055 833 1091 Gabinii
851 1055 957 1090 vicini
977 1067 1058 1091 con-

387 1105 480 1148 sulis,
508 1117 576 1140 non
595 1105 700 1140 modo
718 1105 983 1139 instrumentum
1000 1114 1060 1140 aut

386 1164 587 1189 ornamenta
619 1153 714 1188 villae
743 1153 967 1194 Tusculanae,
1003 1153 1058 1188 sed

386 1202 490 1237 etiam
554 1202 692 1238 arbores
753 1201 1056 1237 transferebantur.

387 1251 483 1286 Haec
510 1251 634 1286 Cicero
656 1261 719 1297 pro
748 1252 862 1293 Domo,
899 1260 966 1297 cap.
1000 1263 1056 1294 ²4·

380 1302 447 1346 pest
464 1300 613 1336 Reditum
639 1302 674 1334 in
700 1300 826 1342 Senatu,
853 1308 921 1345 cap.
944 1312 976 1346 7.
997 1310 1058 1346 pro

386 1350 503 1390 Sextio,
529 1358 598 1395 cap.
619 1360 679 1391 24,
704 1350 784 1383 etin
809 1348 961 1393 Pzscnem,
987 1358 1056 1394 cap.

389 1410 446 1434 11.
484 1397 678 1444 Templum
696 1397 898 1439 Libertatis,
911 1401 968 1433 νεὼ
986 1400 1056 1432 ἐλευ-

384 1446 485 1493 θέμας,
524 1447 658 1488 Cicero,
684 1445 739 1481 lib.
773 1446 817 1481 11.
843 1445 880 1480 de
908 1445 1056 1492 Legibus,

385 1505 453 1542 cap.
477 1507 531 1542 ¹7·
557 1495 730 1542 templum
753 1494 924 1530 Licentiae
941 1504 1055 1530 vocat.

435 1543 581 1579 Pulsum
621 1544 678 1579 Μ.
707 1544 872 1578 Tullium
909 1542 1057 1591 pedibus

386 1593 450 1629 iter
465 1605 527 1641 per
553 1592 746 1628 Lucaniam
772 1591 924 1627 Siciliam
942 1592 1057 1627 versus

386 1641 500 1678 feciffe
519 1642 711 1677 Plutarchus
741 1641 867 1676 scribit.
919 1641 1059 1688 Naryce

385 1690 549 1726 Locridis
583 1689 652 1726 fuit
684 1703 738 1726 vr.
782 1690 865 1725 Idus
907 1689 1056 1737 Aprilis,

385 1739 506 1788 ibique
531 1739 663 1787 scripsit
687 1739 866 1787 epistolam
887 1739 1057 1784 ficundam

384 1789 439 1824 lib.
461 1789 522 1824 111.
548 1788 594 1823 ad
609 1790 682 1824 Att.
735 1787 818 1823 lnde
845 1787 969 1823 Cicero
994 1787 1056 1822 Vi-

386 1838 512 1873 bonem
542 1837 650 1879 venit,
681 1837 779 1884 quod
806 1836 854 1872 est
883 1836 1056 1884 oppidum

384 1886 555 1922 Lucaniae
585 1887 629 1921 ad
654 1884 796 1927 fretum,
821 1895 856 1920 et
881 1897 901 1919 a
931 1885 1057 1921 Locris

385 1936 566 1971 conditum
599 1934 696 1983 prius
733 1934 961 1982 Hipponium
998 1946 1057 1981 ap-

385 1985 554 2032 pellatum
578 1982 659 2026 fuit,
687 1983 801 2018 Strabo
825 1983 881 2018 lib.
900 1983 962 2018 VI.
989 1984 1058 2019 Cae-

378 2034 439 2080 sar
466 2034 529 2069 111.
556 2032 593 2068 de
614 2033 699 2069 Bello
727 2031 838 2074 Civili,
873 2041 940 2078 cap.
977 2043 1057 2067 101.

388 2081 456 2122 lbi,
484 2092 523 2117 ut
549 2081 758 2117 Plutarchus
776 2080 904 2123 scribit,
931 2080 1058 2116 Vibius

388 2129 494 2165 homo
511 2131 662 2174 Siculus,
685 2130 747 2178 qui
764 2142 846 2165 cum
865 2130 930 2164 alia
949 2130 1059 2165 multa

387 2179 572 2214 commoda
608 2192 651 2214 ex
693 2178 869 2214 Ciceronis
909 2178 1060 2213 amicitia

388 2237 597 2275 perceperat,
623 2238 700 2263 tum
729 2239 771 2263 eo
801 2227 938 2263 consule
967 2240 1057 2275 prae-

388 2275 500 2311 festus
531 2276 683 2311 Fabrum
721 2275 845 2319 fuerat,
892 2277 991 2311 illum
1023 2277 1055 2311 in

387 2325 479 2360 aedes
497 2325 637 2371 quidem
657 2337 724 2359 non
744 2325 883 2373 recepit,
909 2326 963 2360 sed
982 2324 1059 2360 fun-

387 2375 474 2408 dum
500 2373 530 2408 se
558 2373 618 2420 ipsi
643 2373 900 2420 adsignaturum
927 2374 1059 2408 denun-

389 2423 500 2458 tiavit.
553 2423 610 2457 Sic
640 2422 699 2456 illa
734 2423 910 2457 Plutarchi
943 2423 1059 2465 verba,

387 2473 492 2522 χωείον
517 2472 548 2507 Ν
571 2472 766 2517 ›2472751'4217
782 2472 969 2515 ἐκ-ν--ἢέὶλετο,
994 2483 1061 2518 ego

1708 246 1786 288 ²99

1105 322 1179 370 jam
1219 325 1351 372 pridem
1389 335 1649 363 converteram:
1700 339 1782 365 cum

1112 373 1299 419 praesertim
1335 375 1418 410 alibi
1451 388 1595 424 quoque
1632 377 1781 413 verbum

1110 425 1294 468 ῃταγρείφειν
1325 435 1390 470 pro
1418 425 1603 460 attribuere
1623 436 1658 461 et
1683 427 1779 473 affig-

1111 481 1190 505 nare
1219 471 1423 518 usurpatum
1452 474 1627 517 notassem,
1659 484 1699 509 ut
1727 476 1779 512 0⁸2⁴*

1111 523 1299 561 φιλαέἓλφίαϊ
1324 523 1411 564 ‘ir-2321
1429 528 1460 562 ’5,
1476 522 1617 559 *ananim
1631 527 1656 570 ig}
1673 527 1783 570 vigra&

1109 567 1194 606 elxc'otf
1215 573 1258 611 ¹59)
1275 570 1358 614 οἱγςὲς
1377 574 1610 614 munimur-ree,
1623 576 1694 617 (πὲρ
1711 577 1781 608 oin·

1110 619 1189 652 πέἒου
1204 623 1250 652 καὶ
1266 622 1364 661 γωνίας
1385 625 1452 664 πρὶς
1472 619 1592 659 cisthon}
1612 622 1781 665 zlffpornyae-

1111 669 1192 713 χῐσι.
1239 666 1372 701 Merito
1390 666 1496 714 igitur
1512 667 1691 713 Xylander
1708 669 1781 703 nos-

1112 724 1163 749 ter
1179 726 1199 749 a
1215 715 1356 750 Bocchii
1373 726 1407 750 et
1439 716 1585 750 Corradi
1611 715 1703 752 falsis
1730 717 1780 752 in-

1109 764 1412 811 terpretationibus
1431 763 1583 800 discessit.

1158 812 1281 848 Cicero
1298 812 1328 848 se
1346 814 1390 849 ad
1406 813 1580 848 Vibonem
1609 814 1641 848 in
1667 812 1780 850 fundo

1108 861 1198 896 Sicae
1234 861 1333 896 fuiffe
1374 862 1417 896 ad
1459 862 1622 897 Atticum
1664 862 1782 898 scribit

1107 910 1189 956 epist.
1223 922 1256 945 2.
1287 918 1317 946 et
1345 923 1379 953 4.
1411 911 1462 946 lib.
1495 911 1561 946 111.
1613 911 1779 953 Siciliam,

1108 970 1217 1006 quam
1234 959 1357 995 Cicero
1381 959 1531 1007 petebat,
1557 971 1598 995 eo
1625 969 1781 1007 tempore

1108 1007 1288 1043 obtinebat
1338 1007 1381 1042 C.
1433 1007 1603 1055 Virgilius
1668 1013 1786 1054 (saiw

1108 1061 1244 1102 οὖες-γῖνος
1294 1056 1342 1091 est
1388 1057 1482 1104 apud
1533 1057 1778 1100 Plutarchum)

1109 1116 1238 1152 praetor
1262 1105 1288 1141 is
1317 1105 1477 1140 Ciceroni
1506 1105 1648 1153 scripsit,
1676 1118 1717 1141 ne
1746 1107 1780 1142 in

1108 1154 1260 1189 Siciliam
1296 1154 1437 1189 veniret.
1491 1155 1612 1203 Qare
1640 1155 1781 1191 consilio

1108 1213 1245 1249 repente
1274 1214 1408 1238 mutato
1439 1204 1561 1238 iterum
1593 1215 1613 1237 a
1641 1204 1780 1239 Vibone

1107 1251 1340 1286 Brundusium
1370 1262 1457 1286 terra
1487 1262 1599 1298 petere
1638 1263 1778 1287 conten-

1107 1300 1171 1341 dit,
1207 1311 1247 1335 ut
1276 1300 1344 1348 ipse
1368 1311 1429 1345 pro
1460 1301 1591 1335 Plancio
1620 1311 1686 1347 cap.
1717 1312 1777 1345 40.

1109 1359 1232 1383 narrat.
1261 1349 1299 1383 ln
1317 1361 1358 1384 eo
1376 1349 1493 1384 itinere
1514 1362 1574 1384 ιιι,
1591 1349 1777 1396 [ἰεξωιιι]

1109 1397 1192 1432 Idus
1211 1399 1301 1444 Apr.
1322 1397 1451 1432 Thurii
1479 1397 1608 1460 scripsit
1637 1399 1722 1443 epist.
1744 1413 1778 1444 5.

1105 1445 1159 1481 lib.
1179 1446 1242 1481 ΙΙΙ.
1268 1445 1313 1480 ad
1326 1446 1400 1481 Att.
1426 1456 1460 1482 et
1477 1458 1556 1482 x1v.
1582 1447 1660 1482 Kal.
1689 1447 1779 1482 Maii

1107 1494 1252 1530 Tarenti
1303 1493 1510 1542 sequentem.
1573 1495 1780 1543 Eodemque

1107 1543 1162 1578 die
1189 1543 1220 1578 se
1245 1544 1479 1579 Brundusium
1495 1544 1622 1579 venisse
1639 1546 1722 1591 epist.
1744 1557 1778 1591 7.

1105 1591 1255 1638 ejusdem
1274 1593 1353 1628 libri
1380 1592 1506 1628 scribit.
1557 1593 1696 1629 Urbem
1727 1594 1777 1642 ip-

1107 1641 1174 1676 sam
1197 1641 1360 1688 ingressus
1379 1654 1447 1676 non
1465 1642 1511 1677 est
1527 1655 1535 1677 :
1565 1641 1619 1677 sed
1645 1643 1680 1678 in
1699 1642 1778 1678 hor-

1107 1699 1160 1725 tos
1190 1691 1246 1725 M.
1276 1689 1378 1725 Lenii
1408 1691 1524 1725 Flacci
1555 1690 1586 1726 se
1615 1692 1779 1734 contulit,

1102 1748 1161 1785 pro
1179 1740 1323 1781 Plancio,
1341 1748 1409 1785 cap.
1423 1751 1482 1783 41.
1503 1739 1659 1775 meminit
1675 1741 1780 1776 etiam

1106 1791 1140 1822 in
1169 1789 1331 1830 Sextiam,
1366 1797 1433 1835 cap.
1467 1789 1526 1836 63.
1577 1789 1690 1836 Apud
1720 1790 1778 1825 M.

1107 1836 1259 1872 Lenium
1286 1837 1358 1872 dies
1387 1849 1474 1873 xur.
1511 1835 1593 1881 fuit,
1628 1839 1709 1884 epist.
1742 1852 1776 1882 4.

1106 1885 1160 1920 lib.
1179 1886 1281 1921 XlV.
1308 1886 1426 1922 famil.

1159 1934 1273 1970 Pridie
1303 1935 1381 1970 Kal.
1412 1934 1516 1978 Maii,
1554 1947 1636 1970 cum
1666 1936 1778 1972 Brun-

1107 1983 1208 2018 dusio
1268 1983 1485 2030 proficiscens
1545 1984 1780 2031 Dyrrachium

1107 2042 1213 2067 vento
1237 2032 1385 2068 secundo
1411 2032 1652 2068 transmitteret
1676 2044 1781 2081 atque

1109 2081 1268 2116 adversus
1285 2093 1327 2115 ex
1358 2081 1430 2116 alto
1455 2080 1609 2124 reflafl‘et,
1636 2081 1779 2129 rejectus

1107 2130 1178 2165 est:
1206 2130 1329 2165 deinde
1356 2130 1480 2165 iterum
1513 2130 1545 2165 in
1570 2131 1678 2165 altum
1698 2144 1777 2179 pro-

1111 2179 1228 2214 ved'ms
1246 2179 1480 2226 Dyrrachium
1501 2179 1666 2226 pervenit.
1687 2179 1778 2222 Ubi,

1107 2239 1189 2262 cum
1217 2242 1235 2262 e
1265 2229 1343 2262 navi
1374 2228 1407 2262 in
1435 2238 1558 2262 terram
1587 2228 1779 2273 egressurus

1107 2277 1199 2319 esset,
1227 2286 1479 2311 terrae-motum
1503 2287 1536 2310 et
1564 2276 1666 2310 maris
1696 2288 1781 2311 con-

1110 2326 1300 2360 vulsionem
1333 2324 1477 2359 extitisse
1506 2325 1648 2365 ferunt3
1689 2325 1780 2360 unde

1110 2374 1301 2421 haruspices
1320 2372 1559 2419 conjiciebant,
1587 2373 1678 2407 illius
1709 2374 1779 2408 exi-

1111 2423 1196 2457 lium
1228 2435 1294 2456 non
1325 2421 1398 2456 fore
1427 2421 1646 2463 diuturnum,
1683 2423 1780 2469 quod

1110 2471 1186 2506 haec
1205 2470 1405 2506 mutationis
1424 2470 1518 2518 signa
1534 2471 1647 2506 essent.
1686 2472 1779 2506 Haec

1339 2566 1478 2619 sz
